3475 5364
530 313 689 383 1391

525 479 882 538 sententiam
930 483 1201 551 secutum
1248 484 1340 537 est
1391 480 1703 538 concilium
1737 480 1800 539 in

523 588 655 627 sess.
690 568 787 629 IV.
831 569 893 627 in
939 567 1172 635 decreto
1220 568 1291 627 de
1338 568 1661 644 Scripturis
1708 588 1800 627 ca—

523 658 769 729 nonicis,
805 657 906 715 sed
937 658 1284 733 praesertim
1303 658 1365 719 in
1388 677 1522 718 sess.
1546 657 1639 715 VI.
1663 657 1799 731 doc-

523 748 740 817 trinam
786 747 858 803 de
882 747 1307 821 justificatione
1353 747 1546 819 valide
1579 749 1800 819 tracta-

521 836 628 906 vit,
681 835 1054 906 examinavit,
1106 836 1362 911 publicis
1412 836 1475 893 in
1525 854 1800 912 congres-

523 925 688 983 sibus
738 924 1020 984 diseussit
1069 929 1130 983 et
1175 925 1410 983 tandem
1444 925 1800 985 doctissimis

522 1012 958 1072 commentariis
1035 1014 1308 1071 refutatis
1372 1014 1802 1072 haereticorum

522 1102 818 1161 erroribus
834 1101 1069 1160 fortiter
1080 1096 1495 1178 propugnavit.
1516 1104 1676 1178 Opus
1694 1123 1798 1161 au·

522 1198 643 1249 tem
689 1194 782 1249 est
825 1190 1213 1267 bipartitum:
1280 1192 1366 1249 De
1393 1192 1802 1266 justificatione

521 1282 785 1338 doctrina
804 1283 1071 1353 universa
1108 1282 1162 1338 ll.
1186 1283 1269 1338 15
1301 1282 1551 1339 absolute
1580 1283 1800 1347 tradita

521 1378 583 1427 et
627 1373 832 1430 contra
877 1370 1145 1429 omnium
1186 1388 1413 1428 errores
1449 1371 1622 1444 juxta
1667 1389 1799 1447 ger-

523 1477 756 1516 manam
786 1458 1142 1516 sententiam
1161 1458 1515 1517 orthodoxae
1534 1459 1799 1517 veritatis

523 1553 583 1605 et
616 1566 660 1605 3.
692 1566 853 1608 00110.
888 1547 1023 1605 trid.
1057 1546 1348 1623 praeclare
1381 1548 1637 1606 defensa.
1671 1549 1799 1605 Duo

523 1641 722 1695 tamen
774 1636 832 1694 ll.
880 1637 1161 1712 postremi
1202 1636 1562 1717 respondent
1603 1637 1638 1694 1.
1674 1636 1797 1694 Cal-

521 1725 678 1784 vini:
724 1722 1063 1783 Antidotum
1111 1726 1173 1783 in
1219 1729 1352 1784 acta
1399 1726 1607 1802 synodi
1641 1726 1796 1796 trid„

523 1814 587 1873 in
635 1814 854 1888 quibus
908 1821 1114 1873 auctor
1163 1814 1497 1873 doctissime
1552 1816 1678 1893 agit
1728 1816 1799 1873 de

521 1909 759 1979 peccato
803 1904 1037 1961 mortali
1072 1908 1131 1961 et
1165 1904 1398 1961 veniali.
1462 1903 1800 1962 Secundum

523 2010 689 2067 opus,
724 1992 884 2067 quod
927 1992 1095 2067 prius
1140 1993 1549 2061 elaboraverat
1594 1995 1800 2068 etjam

524 2081 766 2139 seorsim
801 2082 1112 2156 prodierat,
1146 2082 1521 2140 inscribitur:
1564 2083 1646 2141 De
1673 2083 1793 2155 jus-

523 2171 845 2243 tificatione,
889 2172 1103 2247 qratia,
1137 2171 1265 2243 fide,
1301 2172 1569 2244 operibus
1601 2180 1649 2230 et
1683 2191 1797 2230 me-

523 2261 656 2317 ritis
687 2278 780 2334 qq.
824 2269 896 2321 15
934 2260 1292 2327 absolutum,
1328 2260 1591 2318 Venetiis
1632 2270 1796 2323 1546

522 2349 583 2406 in
620 2360 688 2418 4;
744 2358 939 2417 15483
989 2349 1285 2423 Compluti
1340 2359 1522 2419 1564,
1576 2354 1634 2407 et
1666 2354 1800 2426 post

524 2437 811 2496 editiones
861 2457 1073 2512 parum
1106 2438 1442 2496 emendatas
1476 2441 1798 2514 utrumque

523 2527 793 2585 Coloniae
837 2536 1017 2596 1572,
1052 2530 1298 2585 curante
1345 2527 1528 2601 (quod
1564 2528 1798 2603 insigne

521 2620 612 2674 est
662 2615 1054 2692 praestantiae
1104 2617 1296 2691 operis
1350 2611 1795 2698 argumentum)

521 2707 575 2764 b.
610 2705 838 2764 Petro
873 2705 1200 2774 canisio,
1232 2715 1425 2772 1585;
1459 2707 1796 2765 Aschaffen-

522 2795 699 2870 burgi
759 2805 943 2857 1621.
1006 2795 1233 2870 Magnis
1281 2796 1576 2854 extollunt
1625 2814 1798 2853 enco-

520 2883 654 2942 miis
687 2883 948 2959 theologi
982 2883 1091 2941 hoc
1123 2902 1285 2959 011113,
1335 2887 1403 2941 ut
1435 2884 1796 2959 vasquez,

522 2972 705 3030 Andr.
742 2972 1018 3031 Schott
1067 2975 1126 3030 et
1159 2973 1293 3030 aliis
1326 2973 1555 3031 omissis
1590 2973 1798 3031 Cani-

522 3062 638 3119 siu
658 3079 702 3130 3,
748 3060 851 3134 qui
884 3065 1194 3136 propterea
1226 3061 1299 3119 ad
1332 3061 1478 3120 illud
1511 3063 1795 3121 recuden-

520 3150 664 3208 dum
714 3150 833 3207 fuit
881 3149 1177 3220 inductus
1230 3151 1387 3224 quod
1439 3152 1599 3228 Vega
1632 3151 1796 3221 ,Tri-

520 3240 685 3296 denti
715 3239 1088 3298 doctissimos
1129 3240 1433 3315 theologos
1467 3245 1527 3299 et
1559 3242 1794 3315 sapien-

518 3329 779 3386 tissimos
801 3331 997 3403 patres
1020 3333 1148 3386 tum
1167 3329 1526 3388 disserentes
1548 3330 1796 3398 audivit,

521 3437 654 3477 cum
687 3417 757 3476 de
783 3418 1206 3493 justificatione
1254 3419 1461 3477 multis
1511 3423 1603 3477 est
1635 3439 1798 3478 men-

522 3507 686 3565 sibus
708 3508 986 3565 acerrime
1008 3508 1381 3582 disputatum
1403 3509 1641 3584 ipseque
1663 3527 1798 3567 cum

519 3596 971 3670 disputantibus
1023 3598 1153 3654 aliis
1206 3615 1315 3655 sua
1364 3616 1533 3656 sensa
1566 3598 1796 3656 studio-

521 3686 753 3744 sissime
787 3687 1056 3743 contulit.
1092 3687 1173 3744 Ex
1207 3687 1376 3761 cujus
1410 3687 1523 3744 viri
1555 3686 1797 3761 scriptis

521 3857 823 3926 praecipue
870 3873 1054 3909 moras
1100 3856 1357 3910 attulisse
1399 3856 1628 3924 dicitur)
1670 3860 1802 3924 post

520 3929 803 3981 decretum
832 3945 1107 3981 consensu
1136 3929 1389 3982 omnium
1420 3931 1798 3995 temperatum

521 4004 575 4052 et
627 4001 862 4062 editum,
917 4015 1017 4066 pro
1071 4016 1174 4051 sua
1227 4003 1467 4067 quisquc
1515 3999 1800 4052 sententia

522 4072 957 4137 perseverarunt
1005 4071 1343 4123 contendere
1383 4088 1447 4123 ac
1489 4070 1601 4125 duo
1648 4087 1799 4124 anno

521 4143 714 4194 eodem
744 4141 893 4193 inter
919 4159 975 4194 se
1006 4147 1326 4211 pugnantes
1345 4141 1604 4210 prodiere
1636 4142 1796 4194 libri:

521 4213 664 4264 ulter
694 4213 754 4265 l).
783 4230 815 4263 a
845 4214 978 4264 soto
1020 4216 1080 4265 de
1114 4224 1311 4267 nalum
1352 4224 1394 4266 et
1426 4219 1623 4281 yratfa,
1654 4214 1800 4266 alter

524 4287 585 4337 A.
605 4284 793 4352 Vegae
820 4287 1322 4350 dejustificatum!
1356 4284 1565 4336 Eorum
1598 4285 1656 4335 in
1682 4301 1799 4338 rem

521 4372 675 4407 suain
698 4355 883 4408 allatis
916 4355 1254 4409 testimoniis
1286 4359 1475 4408 notat:
1504 4372 1560 4409 se
1589 4355 1798 4410 idcirco

520 4427 620 4479 hos
666 4427 875 4494 primos
922 4426 981 4479 in
1027 4428 1172 4481 hanc
1218 4428 1378 4480 velut
1415 4444 1647 4480 arenam
1676 4445 1799 4497 pro·

520 4497 744 4552 duxisse
800 4499 984 4566 ..quod
1039 4502 1104 4550 ut
1152 4514 1215 4550 ex
1267 4499 1407 4552 actis
1472 4497 1798 4552 tridentinis

519 4569 692 4622 ‹lidi‹.·i
719 4589 835 4628 uus.
856 4569 1277 4622 celeberrimum
1299 4570 1465 4623 illurn
1483 4571 1798 4624 catholicae

522 4641 649 4694 fidei
691 4642 1095 4707 doctrinaeque
1136 4657 1399 4710 carupuui
1442 4658 1503 4694 ex
1554 4644 1800 4710 privato-

519 4730 643 4766 ruui
666 4714 859 4767 ordine
886 4713 1240 4782 potissimun
1263 4719 1584 4778 tenuerunt,
1606 4733 1798 4782 qualu-

519 4785 617 4837 ‹liu
670 4786 737 4837 de
791 4785 965 4839 libero
1013 4782 1246 4836 arbitrio
1294 4789 1351 4838 et
1387 4786 1798 4851 justificatione

518 4856 834 4908 deliberavi
862 4875 892 4908 11
923 4859 1007 4906 est
1036 4855 1092 4906 iu
1120 4854 1217 4907 1111
1248 4856 1511 4923 synodox·
1588 4852 1595 4858 ’

1025 298 1396 351 1541—1563.
1423 294 1735 365 Theologia
1761 295 2112 348 scholastica.
2142 293 2313 365 vega,
2343 294 2410 349 110
2439 294 2634 348 Alaba.

2971 311 3132 377 1392

1857 480 2015 538 docti
2061 480 2228 538 facile
2274 480 2731 555 deprehendent,
2781 495 2960 551 quam
3007 476 3135 537 fue-

1856 570 1937 626 rit
1986 568 2139 627 idem
2191 569 2249 626 in
2301 569 2565 627 eruenda
2621 566 3136 642 confirmandaque

1858 658 2106 717 veritate
2166 658 2513 726 laboriosus,
2592 675 2772 732 quam
2835 658 3134 732 praeterea

1858 748 2043 805 solers
2077 751 2136 806 et
2169 747 2521 805 exercitatus
2568 745 2632 803 in
2683 744 3134 823 quaestionibus

1858 836 2293 907 obscurissimis
2327 839 2507 911 atque
2526 834 2891 912 gravissimis
2920 835 3133 891 exami-

1858 925 2085 995 nandis,
2134 944 2281 1000 quas
2332 924 2432 982 ille
2465 923 2708 1000 quidem
2754 922 2826 981 ad
2871 941 3134 991 normam

1859 1015 2022 1073 verbi
2058 1014 2165 1072 Dei
2197 1014 2452 1072 libenter
2502 1031 2776 1077 revocare
2810 1011 3133 1081 consuevit,

1857 1100 1957 1162 sed
1988 1103 2072 1163 ita
2105 1109 2174 1161 ut
2207 1103 2386 1163 simul
2420 1108 2692 1177 exponat,
2743 1101 2884 1176 quid
2936 1103 2995 1159 et
3028 1118 3132 1158 an-

1857 1193 2145 1268 tiquiores
2179 1196 2236 1250 et
2271 1192 2625 1250 recentiores
2676 1189 2933 1267 theologi
2965 1189 3037 1246 de
3071 1207 3134 1245 re

1856 1283 2157 1359 proposita
2179 1281 2639 1357 judicaverint.ql
2705 1278 2838 1337 Alia
2871 1277 3136 1353 ejusdem

1855 1390 2036 1447 opera
2067 1366 2269 1449 sunt1)
2324 1370 2746 1428 Commentario
2795 1368 2858 1426 in
2904 1367 3137 1441 aliquot

1857 1460 2086 1519 concilii
2121 1461 2380 1526 Decreta,
2431 1457 2722 1534 Compluti
2769 1467 2931 1521 1564
2987 1450 3134 1537 (nisi

1856 1550 1932 1608 sit
1951 1549 2104 1606 idem
2121 1569 2268 1625 opus
2297 1568 2428 1607 cum
2449 1546 2686 1627 priori);
2722 1544 3137 1617 commentaria

1855 1641 1912 1697 in
1933 1639 2207 1713 Paulinae,
2242 1638 2319 1700 ib.
2350 1647 2531 1700 1599.
2565 1636 2724 1695 Obiit
2748 1634 3135 1693 Sahnanticae

1856 1748 1902 1786 a.
1932 1738 2109 1790 1560.
2148 1767 2173 1795 ,
2191 1727 2471 1785 Ascendit
2486 1723 3134 1801 hicjustificatusaDeo

1855 1817 1915 1874 in
1949 1817 2187 1874 domum
2223 1823 2580 1885 aeternam‚‘
2619 1814 2876 1889 legimus
2909 1812 2969 1870 in
3004 1814 3135 1886 ejus

1854 1904 2273 1985 0011091110-
2290 1905 2458 1963 Alius
2477 1905 2763 1979 hispanus
2798 1903 2843 1960 D
2862 1901 2933 1973 id
2951 1921 2984 1958 a
3001 1918 3030 1957 c
3049 1920 3088 1973 u
3106 1918 3132 1957 3

1855 1994 1924 2053 (10
1960 1994 2196 2057 Alaba
2227 2000 2286 2052 et
2321 1993 2695 2069 Esquivel
2728 1989 3129 2062 VictoriensiS.

1853 2084 2167 2158 episcopus
2202 2083 2601 2150 asturicensis
2637 2081 2966 2139 translatus
2999 2078 3136 2136 dein

1855 2172 1927 2231 ad
1954 2173 2149 2231 sedem
2171 2173 2527 2241 abulensem,
2563 2189 2816 2245 quacum
2851 2166 3132 2243 praetorii

1853 2263 2228 2337 granatensis
2241 2262 2667 2337 praefecturam
2682 2258 2749 2316 ad
2759 2256 3133 2325 ministravit,

1855 2351 2088 2410 demum
2139 2351 2211 2409 ad
2261 2350 2690 2408 cordubensem
2737 2344 2797 2428 (†
2839 2356 2932 2409 17.
2966 2347 3133 2403 Mart.

1864 2445 2071 2513 1562).
2105 2438 2389 2499 Interfuit
2440 2439 2663 2515 synodo
2713 2435 3070 2496 tridentinae
3103 2454 3135 2491 a

1855 2548 1999 2591 sess,
2032 2528 2097 2586 V.
2131 2530 2200 2586 al
2240 2529 2334 2591 IX.
2398 2528 2739 2603 Composuit
2789 2544 2936 2602 opus
2988 2524 3134 2581 bene

1854 2618 2095 2676 doctum
2143 2618 2395 2675 utilibus
2458 2617 2821 2675 instructum
2871 2612 3134 2671 consiliis

1855 2710 1923 2765 de
1939 2709 2191 2765 conciliis
2225 2708 2645 2766 universalibus
2678 2726 2742 2764 ac
2773 2704 2966 2771 (101113,
2985 2722 3136 2777 quae

1856 2797 1926 2854 ad
1961 2797 2266 2872 religionis
2301 2800 2360 2854 et
2393 2795 2753 2872 reipublicae
2787 2792 3138 2866 christianae

1856 2886 2329 2946 reformationem
2393 2885 2757 2956 instituenda
2838 2881 3133 2950 videntur,

1857 2976 2143 3033 Granatae
2219 2985 2375 3038 1582
2442 2975 2502 3032 in
2550 2973 2605 3040 f.‚
2673 2971 2897 3031 Matriti
2967 2980 3123 3032 1671

1856 3083 1987 3121 cum
2054 3063 2459 3123 additionibus
2521 3066 2580 3120 et
2627 3060 3134 3121 illustrationibus

1857 3153 2153 3211 Francisci
2200 3153 2383 3211 Ruiz
2429 3154 2500 3211 de
2535 3151 2796 3229 Vergara
2841 3153 2901 3208 01
2947 3149 3136 3207 Alaba

1857 3235 1919 3323 (†
1961 3238 2172 3310 16721

1948 3430 2090 3481 643.
2167 3421 2256 3478 Ne
2323 3420 2693 3493 philosophos
2768 3418 3136 3475 scholasticos

1855 3528 2093 3584 prorsus
2127 3515 2581 3585 praetereamuS,
2617 3507 2905 3584 quosdam
2937 3506 3129 3564 nomi-

1855 3598 2292 3673 nassejuvabit.
2324 3599 2394 3657 In
2428 3597 2938 3657 Aristotelem
2970 3614 3129 3653 com-

1857 3687 2142 3745 mentaria
2204 3687 2519 3746 ediderunt
2580 3685 2916 3745 Jacobus
2982 3685 3056 3743 Cl
3077 3704 3136 3742 e-

1855 3795 1912 3834 m
1930 3795 1959 3834 e
1976 3796 2018 3834 n
2033 3796 2075 3847 S,
2112 3778 2440 3852 AragonuS,
2459 3776 2676 3834 artium
2697 3775 2978 3851 magister
2995 3775 3137 3832 Gra-

1855 3867 2047 3934 natae‚
2101 3867 2271 3940 cujus
2323 3871 2410 3923 est
2444 3866 2633 3940 Super
2655 3865 3132 3939 praedicamenta

1855 3955 2196 4013 Aristotelis
2244 3974 2376 4013 cum
2424 3954 2744 4013 eorundem
2794 3951 3040 4029 perutili
3075 3959 3130 4009 et

1854 4044 2128 4102 familiari
2177 4048 2375 4102 textus
2425 4043 2836 4121 explanatione
2869 4044 2927 4100 et
2960 4061 3130 4119 prae-

1855 4133 2136 4191 cursor-iis
2183 4134 2255 4191 ad
2306 4152 2534 4192 omnem
2568 4133 2816 4210 logicam
2854 4134 2914 4190 et
2945 4130 3135 4206 philo·

1856 4222 2118 4297 sophiam
2152 4223 2604 4298 pernecessariis
2637 4242 2751 4299 qq.,
2799 4221 2862 4279 in
2913 4219 3134 4295 quibus

1855 4310 2116 4387 plurima
2190 4313 2542 4389 aperiuntur
2619 4330 2796 4388 super
2871 4309 3136 4368 doctrina

1853 4401 2121 4464 Thomae.
2172 4402 2328 4459 Scoti
2378 4408 2436 4459 et
2489 4401 2918 4471 Nominalium,
2970 4399 3134 4457 Com-

1824 4693 1829 4740 Ι

1824 4763 1828 4788 Ι

1931 4577 1967 4634 11
2001 4571 2210 4624 Horum
2241 4572 2483 4626 duorum
2523 4589 2756 4641 operum
2789 4571 3133 4625 mentionem

1857 4660 1968 4696 non
1999 4644 2138 4696 facit
2165 4644 2424 4697 sbaraloa
2457 4661 2510 4712 p.
2538 4649 2622 4699 37.
2676 4645 2758 4697 of.
2795 4643 2863 4696 de
2897 4644 3022 4712 ipso
3051 4643 3135 4696 Jo.

1855 4732 1885 4766 a
1915 4733 1955 4767 3.
1984 4715 2233 4768 Antonio
2276 4715 2337 4767 iu
2377 4715 2513 4770 bibl.
2557 4718 2732 4769 franc,
2771 4717 2808 4779 l,
2839 4720 2938 4771 70:
2990 4718 3134 4767 Gau-

1825 4786 2084 4844 ’.1101111113
2130 4787 2300 4839 Beitr.
2340 4805 2439 4840 zur
2481 4787 2598 4841 KG.
2640 4786 2736 4839 des
2779 4793 2862 4844 16.
2902 4786 3020 4842 und
3048 4791 3134 4842 17.

1823 4855 1828 4926 Ι
1858 4858 2051 4912 Jahrb.
2084 4877 2136 4926 p.
2165 4863 2232 4914 39
2261 4878 2359 4917 ss.;
2391 4859 2515 4911 Nic.
2547 4859 2831 4912 Antonius
2859 4859 2895 4921 Ι.
2925 4862 3009 4916 88.
