3475 5364
558 362 722 416 1337
791 347 1163 402 1541—1563.
1191 344 1385 401 Theol.
1414 345 1766 399 scholastica.
1795 343 2029 412 Decem,
2049 346 2368 411 ⁴(alubertus,
2400 346 2621 412 Feable,
2650 346 2936 416 Carvajal,
3010 364 3185 419 1388

553 532 817 591 Venetiis
887 539 1049 595 1535
1075 552 1088 599 ;
1161 538 1345 594 1584.
1410 530 1675 606 Respicit
1743 531 1838 590 hic
1859 530 1869 553 '
1891 532 2468 591 NicolausFeable
2488 527 2751 613 (Fidelis)
2768 532 3181 602 Tornacensis‚

552 622 1002 680 matrimonium
1016 619 1257 679 Henrici
1273 619 1430 689 VIII,
1465 619 1625 695 quod
1667 621 1832 680 inva—
1891 622 2205 681 canonicus
2282 625 2344 680 et
2416 622 2732 698 theologus
2800 621 3182 696 parisiensi8‚

554 711 748 769 lidum
783 710 1187 769 declaraverat
1235 709 1603 787 gravissimis
1636 710 1834 768 verbis
1894 706 1952 792 (†
1995 721 2155 774 1555
2191 713 2287 770 vel
2329 706 2542 791 1562),
2591 711 2697 786 qui
2728 710 2835 768 hos
2867 710 3184 770 doctrinae

552 800 803 858 facultas
853 798 1185 874 theologica
1229 798 1611 858 bononiensis
1654 802 1835 875 atque
1892 818 2033 858 suae
2062 798 2294 859 fructus
2327 800 2608 874 reliquit:
2661 800 2746 858 De
2789 799 3048 857 humano-
3080 819 3177 858 re·

554 889 783 947 nullam
861 888 1367 963 dispensationem
1452 888 1833 963 pontificiam.

556 977 910 1054 Oppositum
945 978 1161 1036 statuit
1192 980 1412 1047 auctor,
1457 976 1602 1052 quin
1647 977 1835 1036 facul-

553 1070 738 1125 tatem
771 1066 1052 1124 nominet.
1117 1066 1380 1143 Digessit
1412 1085 1648 1141 quoque
1680 1068 1834 1124 indi-

553 1176 669 1215 cem
702 1155 1236 1231 locupletissimum
1268 1174 1470 1213 rerum
1512 1175 1578 1213 ac
1624 1156 1834 1214 verbo-

553 1265 688 1303 rum
719 1244 1196 1302 memorabilium
1228 1244 1291 1302 in
1322 1244 1361 1302 J
1366 1263 1414 1301 0.
1440 1244 1704 1319 Capreoli
1739 1264 1832 1319 qq.

554 1353 734 1410 super
748 1333 807 1391 11,
830 1342 865 1393 4
886 1333 1338 1401 sententiarum,
1359 1332 1621 1392 Venetiis
1650 1345 1757 1396 151
1778 1343 1831 1404 7,

556 1424 658 1498 qui
691 1421 903 1481 deinde
935 1441 1067 1480 cum
1100 1422 1366 1498 Capreoli
1408 1441 1579 1497 opere
1610 1422 1830 1498 passim

553 1512 804 1588 prodiit;
856 1511 1022 1588 typis
1055 1530 1293 1586 quoque
1342 1511 1507 1569 dedit
1538 1530 1831 1570 commen·

552 1601 775 1658 tarium
837 1600 891 1661 d.
954 1599 1274 1658 Thomae
1336 1603 1398 1658 in
1460 1600 1833 1678 Evanqelium

559 1688 851 1765 Matthaei,
906 1688 1171 1748 Venetiis
1226 1698 1390 1752 1527
1440 1690 1501 1746 in
1547 1691 1617 1759 f.;
1671 1709 1830 1747 com·

553 1779 913 1836 mentarium
961 1777 1110 1836 card.
1159 1778 1510 1853 Cajetani
1561 1781 1623 1836 in
1667 1783 1725 1840 2.
1775 1782 1833 1836 2.

554 1886 602 1926 s.
678 1867 919 1925 Thomae
995 1885 1126 1925 cum
1190 1867 1499 1942 splendido
1568 1868 1833 1926 encomio

554 1959 856 2032 gestorum
891 1954 1154 2032 ejusdem
1174 1956 1452 2031 cajetani,
1484 1957 1832 2032 praesertim

556 2045 802 2103 celebris
835 2045 1260 2120 disputationis
1292 2044 1364 2103 ab
1385 2064 1452 2103 eo
1486 2046 1548 2103 in
1580 2045 1833 2104 comitiis

556 2134 779 2192 ordinis
812 2143 975 2196 1494
1010 2134 1307 2192 Ferrarius
1329 2134 1565 2193 habitae
1586 2154 1721 2192 cum
1741 2134 1832 2194 Jo.

557 2223 691 2282 Pico
725 2223 795 2280 de
829 2222 1177 2293 Mirandula‚
1220 2232 1401 2286 1517.
1466 2223 1579 2283 Sed
1610 2223 1834 2282 mirum

556 2331 691 2370 mox
726 2310 823 2392 (ab
856 2333 903 2369 a.
948 2308 1140 2390 1518)
1174 2311 1363 2370 factus
1395 2316 1485 2370 est
1517 2313 1706 2371 eidem
1729 2313 1832 2371 Ca·

549 2402 755 2475 jetano
790 2401 1038 2459 maxime
1071 2401 1356 2472 infensus,
1380 2406 1450 2460 ut
1471 2421 1607 2460 eum
1629 2402 1833 2460 vivum

560 2493 979 2564 mortuumque
1015 2490 1363 2549 tractatibus
1395 2490 1837 2567 impugnaverit

559 2583 620 2637 et
651 2579 928 2637 conviciis
962 2578 1311 2652 prosciderit
1342 2580 1622 2655 indignis,
1676 2580 1833 2654 quod

557 2667 942 2727 Catharinum
977 2667 1172 2742 ipsum
1204 2669 1650 2743 quantumlibet
1670 2670 1833 2746 Caje-

556 2762 695 2816 tanc
734 2758 1032 2816 infensum
1065 2757 1297 2832 puduit.
1333 2758 1601 2816 Ceterum
1636 2763 1696 2817 et
1728 2761 1831 2818 Ca-

555 2848 860 2905 tharinum
892 2847 1222 2908 insectatus
1269 2851 1375 2916 est,
1427 2850 1497 2904 ut
1547 2866 1682 2905 eum
1713 2867 1834 2906 non

555 2935 725 2994 modo
759 2935 993 3004 enoria,
1029 2935 1130 2992 sed
1163 2937 1222 2993 et
1242 2935 1499 2994 haeresis
1520 2936 1832 2996 insimula-

1889 889 2252 948 stouratione
2269 890 2392 948 sive
2410 890 2479 947 de
2496 889 2898 947 incarnatione
2920 888 3181 957 Domini,

1891 978 2250 1052 Antverpiae
2290 988 2453 1041 1569
2491 979 2555 1036 in
2591 990 2659 1047 83
2712 978 2780 1035 de
2811 979 3019 1035 militia
3052 980 3175 1052 spi-

1889 1069 2092 1125 rituali
2125 1068 2182 1125 ll.
2216 1070 2277 1143 4,
2343 1067 2587 1125 Parisiis
2628 1076 2791 1130 1540
2827 1067 2890 1125 in
2932 1075 3041 1137 12;
3104 1068 3184 1125 de

1889 1157 2094 1214 mundi
2153 1162 2450 1215 structura
2501 1175 2607 1214 seu
2657 1156 2729 1214 de
2779 1174 2878 1214 sex
2940 1155 3179 1214 dierum

1889 1245 2123 1320 opificio
2191 1246 2251 1303 ll.
2323 1256 2377 1315 7,
2442 1245 2684 1303 Parisiis
2757 1254 2915 1307 1556
2982 1244 3047 1303 in
3111 1254 3178 1314 8,

1889 1334 2109 1408 quibus
2130 1334 2514 1393 continentur
2532 1333 2950 1392 meditationes
2972 1352 3177 1392 mora-

1889 1424 1975 1481 les
2009 1422 2080 1481 de
2113 1423 2428 1482 creationis
2462 1442 2639 1499 opere
2655 1420 2716 1499 ¹).
2748 1457 2825 1466 —
2846 1422 2936 1480 De
2957 1422 3177 1481 Christi

1889 1519 2088 1581 matre,
2127 1514 2472 1588 praesertim
2506 1513 2577 1569 de
2610 1513 2738 1586 ejus
2770 1512 3178 1587 conceptione,

1888 1605 2123 1676 praeter
2152 1602 2353 1659 Ambr.
2405 1602 2588 1660 Cath
2609 1601 2930 1669 atinum,
2967 1601 3174 1659 Barth.

1891 1690 2122 1765 Spina
2169 1694 2277 1749 etc.
2310 1693 2564 1767 egerunt
2593 1689 2826 1748 Jaimus
2863 1689 3173 1747 Roderi-

1890 1796 2019 1836 cus
2071 1780 2132 1837 in
2191 1779 2283 1838 Tr.
2335 1781 2404 1837 de
2451 1781 2510 1837 la
2557 1779 2904 1854 Concepcion
2963 1780 3033 1836 de
3094 1780 3175 1840 N.

1891 1868 2127 1936 Seiiora,
2163 1868 2488 1927 Barcinone
2530 1878 2688 1931 1561
2728 1869 2790 1926 in
2818 1876 2871 1930 8.
2894 1870 2954 1926 et
2974 1868 3174 1926 Ludo-

1890 1957 2055 2015 vicus
2106 1958 2177 2014 de
2229 1958 2584 2032 Cal-vajal
2633 1957 2930 2026 Baeticae,
2982 1956 3076 2014 vir
3106 1957 3170 2014 in

1890 2046 2087 2104 seculo
2132 2046 2349 2105 nobilis
2394 2049 2828 2122 parentumque
2877 2045 3172 2120 praedivi-

1891 2139 2019 2192 tum
2052 2135 2217 2193 heres
2246 2135 2480 2204 unicum
2514 2153 2665 2210 quae
2686 2134 2884 2193 omnia
2902 2134 3169 2209 reliquit,

1888 2226 1960 2281 ut
2007 2223 2176 2282 fieret
2226 2224 2346 2282 ord.
2394 2225 2532 2283 Min.
2583 2242 2703 2299 reg.
2756 2224 2879 2282 obs..
2928 2223 3166 2282 sodalis.

1889 2312 2130 2372 Parisiis
2173 2314 2412 2372 vacavit
2457 2313 2672 2372 studiis
2705 2313 3069 2389 theologicis,
3104 2314 3170 2371 in

1889 2401 2105 2476 quibus
2137 2402 2466 2477 plurimum
2500 2402 2765 2477 profecit,
2800 2405 2871 2459 ut
2901 2402 3167 2460 mittere·

1888 2493 1992 2548 tur
2006 2491 2315 2568 theologus
2331 2492 2402 2549 ad
2416 2491 2728 2549 concilium
2752 2490 3166 2558 tridentinum,

1890 2579 1994 2638 ubi
2057 2581 2386 2657 elegantem
2448 2580 2661 2639 habuit
2703 2581 3028 2639 orationem
3091 2580 3168 2638 ad

1889 2671 2087 2745 patres
2121 2666 2300 2752 (apud
2323 2670 2400 2729 Le
2422 2671 2555 2729 Plat
2574 2670 2619 2740 Ι,
2652 2671 2990 2746 124-34).
3021 2668 3168 2745 Ejus

1891 2761 2033 2816 sunt
2094 2759 2452 2819 Declamatio
2532 2758 2998 2835 expostulatoria
3046 2777 3171 2834 pro

1888 2848 2263 2906 immaculata
2308 2851 2661 2924 conceptione
2711 2849 2819 2906 Dei
2856 2847 3172 2906 Genitrim's

1894 2936 2122 2994 Mariae
2141 2939 2200 2994 et
2228 2937 2446 2996 dilutio
2478 2937 2814 3013 quindecim
2848 2956 3167 3013 argumen-

555 3025 633 3082 rit
648 3019 712 3104 1).
1888 3028 2105 3097 torum,
2139 3045 2289 3101 quae
2321 3027 2602 3086 adversus
2623 3026 2944 3102 praefatam
2964 3025 3162 3084 decla·

1888 3116 2206 3173 mationem
2253 3116 2494 3191 quidam
2547 3111 2896 3196 (secundum
2929 3115 3166 3189 aliquos

646 3212 787 3266 641.
831 3204 916 3261 De
964 3205 1365 3263 incarnatione
1417 3204 1833 3265 disseruerunt
1885 3203 2369 3263 Bartholomaeus
2430 3206 2502 3264 de
2550 3199 2754 3284 Spina)
2818 3203 3062 3262 Parisiis
3107 3205 3165 3263 ei

551 3291 589 3349 J
607 3311 894 3351 oannes
928 3292 1072 3352 Doc
1117 3289 1395 3374 (Doceus)
1418 3293 1588 3352 'OSB
1623 3314 1690 3352 ex
1726 3296 1829 3354 ab·
1885 3292 2118 3369 objecit,
2153 3293 2393 3352 Parisiis
2433 3304 2589 3357 1541
2632 3294 2694 3351 in
2730 3301 2784 3356 8.
2849 3292 3166 3369 Theologi·

550 3382 685 3440 bate
733 3402 776 3443 s,
813 3382 1074 3457 Dionysii
1123 3383 1465 3456 parisiensis
1515 3384 1827 3461 episcopus
1883 3400 2083 3440 carum
2117 3384 2550 3442 sententiarum
2595 3383 2634 3439 1.
2681 3383 2805 3440 sive
2844 3382 3163 3441 restitutae

550 3470 941 3530 laudunensis
986 3467 1046 3552 (†
1087 3483 1134 3533 1.
1169 3471 1290 3530 Jul.
1332 3469 1525 3551 1560)
1573 3473 1638 3531 in
1687 3473 1722 3531 l.
1759 3476 1828 3533 de
1883 3471 2212 3549 theologiae
2244 3477 2303 3530 et
2337 3492 2371 3531 a
2403 3472 2725 3546 sophistica
2755 3471 3164 3530 etabarbarie

549 3567 781 3619 aeterna
812 3562 1172 3636 qeneratione
1218 3561 1357 3619 Filii
1390 3562 1499 3620 Dei
1530 3569 1579 3619 et
1611 3570 1818 3638 tempo·
1880 3563 2159 3634 specimen
2191 3563 2260 3618 dc
2293 3562 2427 3631 Dec,
2463 3560 2728 3619 Coloniae
2776 3570 2969 3630 15453
3003 3561 3158 3617 Ant-—

548 3651 665 3707 rali
698 3652 1008 3720 nativitate,
1044 3650 1287 3708 Parisiis
1314 3660 1479 3712 155⁴
1504 3651 1565 3708 in
1591 3661 1644 3714 8.
1679 3652 1823 3727 Ejus
1880 3650 2113 3724 vei-piae
2170 3659 2354 3715 1548.
2419 3651 2720 3707 Adversus
2767 3651 3158 3708 Erasmum

546 3758 780 3814 quoque
834 3736 1070 3820 sunt²):
1136 3739 1459 3798 Enarratio
1509 3742 1824 3798 dominicae
1878 3738 2067 3796 edidit
2097 3739 2440 3814 Apoloyiam
2473 3742 2816 3797 monasticae
2845 3740 3159 3815 reliqionie,

542 3832 851 3904 passionis,
907 3829 983 3886 ib.
1042 3838 1202 3891 1552
1257 3829 1318 3886 in
1357 3839 1424 3899 8;
1472 3831 1543 3886 de
1593 3830 1824 3888 Domini
1879 3828 2270 3886 Salmanticae
2328 3836 2522 3899 1528;
2586 3828 2945 3903 Antverpiae
2986 3836 3153 3889 1529

544 3921 972 3991 resurrectione,
1004 3917 1078 3974 ib.
1109 3927 1306 3988 15673
1340 3919 1606 3975 homiliae
1626 3918 1697 3976 ad
1717 3939 1821 3994 po-
1877 3921 2002 3984 etc,
2102 3916 2600 3992 respondent-ique
2679 3916 3011 3975 adversario
3088 3917 3153 3974 in

543 4007 771 4081 pulum,
798 4007 1151 4081 Antvel'piae
1180 4017 1377 4075 1567;
1411 4009 1473 4065 in
1506 4009 1822 4067 dominicas
1879 4006 2262 4078 Responsione
2311 4007 2593 4064 adversus
2628 4005 3018 4063 febricitantis
3051 4024 3154 4063 cu-

543 4103 591 4152 et
616 4096 767 4167 festa
816 4098 975 4170 ami-i,
1028 4094 1269 4152 Parisiis
1316 4106 1508 4162 1560;
1561 4100 1815 4172 quadra·
1868 4089 3155 4177 jusdamlibellum(Antverpiae1529etc.)

535 4187 847 4261 yesimolffi,
875 4193 1055 4246 1555.
1088 4217 1177 4226 —
1207 4185 1502 4243 Antonius
1536 4186 1692 4244 Gub
1714 4207 1818 4245 er·
1874 4184 2151 4258 opposuit
2213 4185 2685 4242 Dulcurationem
2733 4183 3152 4242 amarulentis-

540 4286 685 4340 tu8‚
749 4274 1054 4331 tolosanus
1102 4273 1451 4348 polyhistor,
1508 4275 1675 4349 cujus
1726 4281 1818 4335 est
1873 4292 2005 4331 rum
2038 4273 2354 4333 erasmicae
2387 4273 2804 4348 responsionis,
2841 4291 2884 4330 s.
2921 4275 2956 4331 1.
2991 4276 3051 4330 et
3082 4293 3155 4342 a.;

545 4364 945 4438 Apoloyeti‹·on
993 4362 1333 4422 testimonia
1383 4364 1691 4422 continens
1744 4364 1816 4423 de
1873 4362 2112 4420 Parisiis
2172 4372 2355 4432 1530,
2407 4364 2705 4438 prohibita
2758 4361 2943 4442 (olim,
2990 4379 3152 4420 nunc

538 4451 768 4510 Christo
814 4455 873 4510 et
917 4452 1007 4521 iis,
1058 4471 1207 4527 quae
1251 4452 1413 4510 illius
1462 4454 1721 4512 adventu
1755 4460 1816 4512 et
1869 4470 1988 4508 non
2050 4450 2332 4530 amplius)
2397 4451 2598 4523 ‚donec
2649 4451 3016 4526 corrigatur!
3064 4484 3150 4493 —

537 4542 728 4600 crucis
748 4543 1013 4616 tempore
1034 4542 1098 4599 in
1115 4541 1273 4600 coelo
1304 4542 1444 4599 etin
1462 4547 1619 4601 terra
1635 4543 1813 4602 mira-
1870 4540 2184 4599 Baithasar
2230 4541 2445 4600 Sorio
2494 4541 2555 4598 Ο.
2592 4541 2790 4599 Praed.
2839 4545 3151 4616 Aragonus

534 4630 739 4690 biliter
788 4632 941 4688 facta
992 4633 1152 4701 sunt,
1204 4630 1444 4689 Tolosae
1496 4643 1676 4695 1561.
1724 4666 1812 4676 ——-
1868 4629 2175 4688 Valentiae
2206 4636 2383 4690 natus
2417 4630 2670 4689 Parisios
2703 4631 2917 4687 missus
2950 4628 3150 4687 erudi—

1867 4719 2048 4778 tionis
2084 4720 2259 4778 laude
2283 4720 2609 4794 plurimum
2642 4719 2899 4778 emicuit.
2948 4719 3018 4775 In
3050 4733 3150 4776 co-

610 4842 647 4898 11
676 4837 757 4891 Cf.
788 4835 1010 4888 Echard
1038 4837 1105 4898 11,
1136 4840 1237 4892 126
1266 4855 1334 4891 ss.

607 4911 645 4978 2)
675 4907 755 4961 Of.
784 4906 1077 4960 Fabricius
1107 4909 1142 4972 1,
1169 4911 1291 4964 458.
1944 4912 1980 4976 ¹)
2012 4907 2195 4976 Biogr.
2225 4913 2340 4962 nat.
2369 4909 2436 4960 de
2465 4908 2620 4976 Belg.
2649 4908 2769 4970 VH,
2797 4913 2847 4962 1.
