3475 5364
588 371 615 422 1
630 369 665 422 3
679 372 704 423 1
719 370 754 423 9
1167 356 1536 410 1521—1540.
1563 353 1615 408 S.
1643 352 1954 423 Scriptura.
1980 353 2301 412 Monsenus.
2330 353 2624 423 Georgius,
3033 373 3057 424 1
3075 372 3107 426 3
3120 372 3202 426 20

590 549 684 602 14.
717 539 840 599 Jul.
882 547 1074 621 1538)
1106 541 1275 597 totus
1302 538 1369 597 in
1386 539 1713 617 pangendis
1737 558 1864 599 car·
1924 557 2259 615 corumque,
2280 540 2514 616 Orphei,
2537 541 2906 617 Pythagorae
2931 544 2991 599 et
3025 542 3201 601 Zoro-

580 629 841 687 minibus
856 628 1585 688 noninfeliciterversatus
1600 633 1707 688 est.
1720 629 1867 704 Ejus
1921 623 2160 710 astris);
2211 630 2276 687 in
2311 640 2368 692 6.
2400 634 2750 707 argumenta
2781 633 3007 689 tractat
3036 631 3204 690 varia

581 718 740 777 inter
770 719 884 776 alia
914 722 1058 777 sunt
1088 736 1324 777 carmen
1365 718 1667 777 heroicum
1710 719 1864 777 Tali·
1920 719 1993 776 de
2014 719 2153 787 Dec,
2187 719 2259 777 de
2278 719 2476 789 coelis,
2499 720 2752 788 homine,
2776 720 3003 796 angelis
3028 719 3203 790 bonis

580 808 844 883 christia,
894 807 957 865 in
1007 825 1124 883 quo
1173 806 1228 864 J.
1263 807 1479 865 Christi
1523 808 1866 883 triumphus
1919 808 2226 883 malisque,
2277 808 2652 880 animalibuS,
2716 808 2790 867 de
2838 808 3202 884 quibusdam

580 896 1123 972 redemptionisque
1162 897 1446 972 mysteria
1490 897 1867 957 celebrantur
1920 915 1964 954 3.
2000 896 2339 972 Scripturae
2371 897 2517 956 locis
2545 897 2862 957 reconditis
2893 902 3003 956 etc.
3035 897 3200 957 Har-

582 986 640 1043 11.
672 985 844 1055 XXV,
896 985 1190 1061 compluti
1246 994 1441 1057 15223
1498 985 1671 1045 Musa
1703 985 1860 1044 Pau·
1919 987 2114 1044 monia
2146 988 2352 1044 'mundi
2395 988 2567 1045 totius
2610 986 2840 1045 cantica
2869 987 3005 1055 tria,
3050 1006 3203 1063 quo-

580 1075 724 1150 lina,
774 1075 853 1137 ib.
897 1084 1079 1144 1529,
1130 1092 1279 1150 opus
1328 1078 1582 1145 vastum,
1633 1076 1698 1133 in
1744 1093 1865 1150 quo
1917 1094 2053 1132 rum
2085 1075 2322 1152 singula
2353 1079 2482 1134 octo
2529 1077 2687 1134 tonis
2731 1077 2953 1134 iterum
2984 1075 3201 1134 distin-

582 1164 849 1223 versibus
880 1164 1063 1240 elegis
1096 1163 1269 1224 Pauli
1302 1182 1391 1240 ep.
1428 1165 1656 1236 reddit3
1711 1165 1860 1222 Pro·
1916 1166 2190 1239 guantur
2206 1162 2266 1240 ¹).
2309 1164 2615 1223 Canticum
2649 1164 2908 1242 primum
2940 1165 3061 1223 sive
3092 1185 3203 1224 an-

580 1255 774 1312 verbia
825 1252 1149 1312 Salomonis
1191 1253 1457 1312 Basileae
1498 1263 1682 1324 1538,
1731 1274 1862 1313 car·
1916 1253 2172 1328 tiquum‚
2207 1272 2325 1329 quo
2344 1253 2562 1324 divina,
2597 1255 2873 1326 humana,
2909 1254 3201 1323 coelestia,

579 1361 744 1410 mem
785 1343 1117 1419 Theoloqioa
1148 1342 1498 1418 description
1518 1342 1699 1402 delos
1720 1344 1860 1402 Mis·
1916 1342 2373 1416 supercoelestia
2434 1345 2615 1419 atque
2677 1342 2957 1402 inferiora
3003 1344 3208 1403 omnia

580 1432 763 1490 terios
813 1431 1105 1509 Sagrados
1141 1431 1206 1489 in
1239 1430 1348 1489 XII
1398 1434 1617 1501 cantos,
1670 1433 1861 1492 Toleti
1916 1433 2200 1490 concinna
2219 1432 2600 1508 proportione
2619 1436 2680 1490 et
2697 1432 3039 1491 harmonica
3059 1450 3205 1491 sua-

594 1531 775 1589 1541,
810 1521 1074 1579 omnium
1107 1520 1402 1597 optimum
1433 1525 1613 1596 atque
1648 1542 1861 1600 magna
1914 1521 2101 1579 vitate
2132 1520 2456 1579 distributa
2504 1539 2630 1579 esse
2678 1521 3204 1593 demonstrantur3

581 1609 914 1669 eruditione
945 1610 1248 1680 refertum,
1281 1612 1342 1668 et
1371 1611 1487 1668 alia
1519 1615 1627 1669 etc.
1915 1610 2212 1668 canticum
2244 1610 2568 1669 secundum
2590 1612 2716 1669 sive
2746 1629 2968 1669 novum
3000 1611 3210 1670 omnia

570 1704 576 1710 “
1181 1695 1188 1702 ’
1914 1699 1977 1758 in
2010 1699 2242 1759 Christo
2287 1699 2610 1775 multiplici
2656 1701 3038 1759 consonantia
3069 1718 3208 1758 cor-

674 1796 817 1850 613.
859 1787 1141 1845 Locorum
1188 1788 1418 1863 aliquot
1449 1788 1861 1848 obscuriorum
1915 1788 2272 1865 respondere
2302 1788 2593 1859 ostendit;
2629 1791 2783 1847 cant.
2805 1790 3049 1848 tertium
3070 1787 3209 1847 sive

580 1895 622 1934 3.
658 1875 996 1952 Scripturae
1030 1896 1133 1951 per
1166 1877 1311 1936 alias
1331 1878 1593 1953 ejusdem
1624 1877 1862 1935 divinae
1914 1878 2304 1936 novissimum
2368 1877 2440 1936 de
2499 1878 2708 1936 mundi
2766 1878 3010 1937 minoris
3073 1879 3211 1937 sive

581 1964 923 2040 Scripturae
939 1967 1266 2025 sententias
1282 1967 1556 2026 clariores
1569 1967 1859 2042 interpre-
1915 1966 2192 2037 hominis,
2227 1970 2473 2042 propter
2502 1986 2681 2041 quem
2729 1968 2886 2026 facta
2918 1967 3042 2025 sint
3072 1986 3207 2026 om-

580 2053 867 2113 tationem
899 2054 1080 2125 dedit,
1129 2056 1401 2114 Coloniae
1441 2067 1626 2125 1540,
1672 2056 1711 2114 J
1717 2075 1858 2114 oan-
1915 2057 2031 2124 nia,
2084 2054 2357 2115 concordi
2408 2056 2472 2113 in
2520 2055 2789 2114 debitum
2837 2056 3012 2115 finem
3058 2075 3208 2131 pro-

581 2161 686 2201 nes
719 2144 1129 2202 Monsenus
1163 2144 1859 2215 Amstelodamensis‚cu-
1914 2162 2121 2222 gressu
2169 2147 2231 2202 et
2280 2148 2445 2204 statu
2494 2145 2636 2221 agit,
2689 2145 2955 2204 Venetiis
2996 2153 3206 2209 15252

572 2233 672 2306 jus
692 2233 869 2291 etiam
889 2236 983 2291 est
1001 2233 1255 2292 Finitiva
1290 2234 1528 2310 scriptis
1557 2253 1588 2292 e
1622 2233 1860 2293 canoni-
1914 2234 2159 2292 Parisiis
2229 2242 2415 2303 1544,
2496 2234 2559 2291 in
2626 2253 2745 2309 quo
2806 2234 2983 2293 index
3044 2234 3202 2310 hisp.

580 2321 661 2381 cis
710 2323 933 2392 decisio,
986 2324 1060 2381 ab
1111 2324 1515 2398 apostolorum
1545 2324 1859 2399 provenire
1914 2343 1967 2399 p.
2007 2332 2352 2386 396—406
2389 2324 2582 2381 multa
2600 2324 2990 2401 expungenda
3007 2327 3204 2381 notat.

580 2411 1021 2480 consuetudine,
1053 2413 1275 2487 populo
1296 2413 1410 2471 sub
1430 2413 1601 2487 panis
1622 2416 1858 2472 tantum
1913 2445 1999 2455 —
2019 2414 2117 2471 Bo
2134 2431 2174 2470 n
2191 2431 2274 2469 av
2291 2414 2573 2470 entura
2605 2412 2653 2470 B
2672 2414 2742 2470 la
2759 2432 2798 2471 n
2815 2430 2947 2472 cus
2970 2412 3032 2471 Ο.
3055 2412 3204 2471 Min.

578 2500 772 2576 specie
793 2519 1017 2560 sacram
1049 2501 1299 2576 synaxin
1318 2520 1441 2560 esse
1456 2501 1854 2572 tribuendam,
1912 2502 1976 2559 in
2008 2501 2132 2560 suis
2163 2501 2450 2560 thesauris
2479 2520 2553 2561 33.
2586 2501 3032 2575 Scripturarum
3052 2501 3116 2559 11.
3139 2511 3202 2570 5,

577 2589 655 2647 ib.
710 2598 872 2652 1546
921 2590 985 2647 in
1036 2603 1089 2651 4.
1138 2623 1227 2634 -—
1259 2591 1608 2650 Franciscus
1656 2591 1857 2668 Giorgi
1912 2591 2151 2649 disserit
2200 2591 2262 2647 in
2307 2590 2608 2665 prioribus
2653 2590 2981 2649 duobus-ll.
3017 2590 3090 2648 de
3122 2590 3202 2648 il·

580 2674 1010 2761 (Georgius)
1044 2679 1107 2738 Ο.
1126 2679 1264 2737 Min.
1286 2678 1546 2739 Venetus
1580 2700 1635 2739 n.
1667 2691 1852 2751 1460,
1910 2680 2201 2739 lustribus
2253 2679 2398 2739 viris
2444 2678 2509 2742 V.
2562 2684 2622 2739 et
2653 2679 2723 2738 N.
2758 2680 2839 2751 T„
2892 2679 3199 2739 Bononiae

578 2787 754 2843 quem
786 2769 973 2843 aliqui
994 2768 1203 2827 dicunt
1223 2769 1441 2828 obiisse
1449 2771 1573 2845 jam
1592 2790 1641 2828 a.
1668 2780 1852 2842 1510,
1918 2779 2114 2840 15343
2168 2768 2386 2844 reliqui
2436 2772 2558 2828 tres
2607 2771 2667 2827 11.
2716 2770 3198 2845 complectuntur

578 2858 740 2932 quod
769 2876 889 2916 non
920 2858 1160 2917 videtur
1190 2876 1414 2927 verum,
1450 2859 1547 2917 sed
1581 2878 1627 2916 c.
1665 2869 1851 2928 1540,
1907 2876 2210 2929 sermones,
2241 2857 2319 2916 ib.
2362 2867 2523 2922 1537
2559 2858 2622 2916 in
2657 2868 2715 2920 4.

577 2947 821 3022 collegit
857 2947 1279 3022 problema-um
1325 2950 1387 3005 in
1436 2967 1479 3006 s.
1515 2948 1855 3020 Scripturae

574 3036 631 3093 ll.
669 3038 728 3109 6,
760 3036 825 3094 in
855 3036 1075 3111 quibus
1100 3046 1266 3100 3000
1302 3037 1429 3095 loca
1450 3054 1493 3095 3.
1516 3037 1854 3113 Scripturae
2002 3046 2145 3098 614.
2180 3037 2537 3095 Mentionem
2575 3035 2818 3094 tandem
2854 3039 3042 3094 meret
3074 3039 3202 3096 Se-

576 3128 756 3199 atque
806 3125 868 3183 id
917 3143 1106 3202 genus
1156 3143 1248 3183 res
1297 3127 1441 3184 alias
1492 3126 1850 3202 explanavit,
1907 3125 2320 3185 bastianus
2369 3126 2417 3183 Β
2438 3132 2616 3183 rant
2662 3124 2865 3207 (Tilio)
2899 3127 3202 3201 Argento—

576 3212 840 3272 Venetiis
896 3223 1059 3277 1525
1115 3215 1179 3272 in
1228 3226 1296 3284 43
1353 3223 1550 3286 1536;
1613 3216 1853 3274 Parisiis
1909 3214 2162 3273 ratensis
2195 3234 2252 3272 n.
2294 3203 2482 3284 1457,
2509 3215 2670 3289 juris
2704 3215 3021 3289 utriusque
3056 3213 3199 3273 doc-

584 3310 783 3373 15753
852 3312 1036 3365 1622.
1101 3306 1327 3363 Auctor
1374 3309 1503 3363 erat
1552 3305 1853 3364 doctrinae
1907 3308 2003 3362 tor
2035 3299 2284 3385 (1489),
2337 3303 2441 3379 qui
2483 3304 2586 3379 jus
2637 3304 2810 3362 civile
2843 3303 3046 3362 docuit
3075 3305 3198 3362 Ba-

574 3392 906 3469 platonicae
936 3396 998 3451 et
1028 3393 1404 3452 thalmudicis
1423 3394 1851 3453 cabbalisticis-
1909 3391 2106 3463 sileae,
2169 3393 2643 3469 propage-vitque
2711 3393 2816 3468 jus
2879 3412 3200 3452 romanum

575 3501 691 3557 que
723 3481 1110 3541 hebraeorum
1130 3482 1410 3542 inanibus
1430 3484 1656 3542 arcanis
1676 3483 1854 3542 nimis
1905 3501 2012 3558 per
2044 3483 2434 3541 Germaniam.
2467 3482 2608 3540 Fuit
2639 3482 2896 3541 decanus
2934 3481 3196 3541 faculta-

526 3637 529 3640 ,
573 3570 863 3641 intentus,
929 3572 1063 3631 hinc
1123 3571 1273 3631 Sixti
1335 3573 1616 3642 senensiS‚
1682 3574 1852 3631 Marii
1907 3571 1985 3630 tis
2008 3571 2319 3647 juridicae,
2353 3571 2493 3630 dein
2515 3571 2706 3630 scriba
2724 3574 2786 3629 et
2806 3570 3196 3629 cancellarius

574 3661 867 3719 Mersenni
886 3655 990 3743 (ad
1008 3662 1227 3720 calcem
1247 3662 1733 3721 commentariiin
1754 3681 1852 3721 sex
1907 3660 1971 3718 in
2003 3661 2199 3735 patria
2231 3679 2354 3720 sua.
2389 3660 2827 3719 Maximilianus
2860 3677 2998 3718 vero
3049 3660 3194 3736 imp.

574 3751 766 3824 prima
828 3751 1118 3810 Geneseos
1182 3769 1279 3821 cc.‚
1343 3751 1585 3810 Parisiis
1660 3747 1849 3832 1623)
1908 3768 2043 3808 eum
2076 3749 2309 3809 iteratis
2342 3750 2572 3808 vicibus
2605 3751 2679 3808 ad
2710 3749 2906 3807 aulam
2938 3748 3193 3818 vocavit,

572 3840 944 3914 aliorumque
1004 3841 1519 3916 reprehensionem
1578 3841 1849 3910 incurrit,
1907 3839 2431 3916 consiliariumque
2451 3857 2788 3897 caesareum
2822 3841 2883 3897 et
2912 3838 3194 3897 comitem

572 3928 690 3986 imo
723 3948 872 4004 opus
904 3948 1039 3988 cum
1072 3930 1258 3988 altero
1289 3949 1420 3989 mox
1453 3929 1688 3989 citando
1717 3949 1850 4005 pro·
1906 3927 2235 4004 palatinum
2297 3929 2444 3987 dixit
2518 3925 2577 4010 (†
2636 3939 2730 3990 10.
2781 3928 2914 4002 Maj.
2975 3923 3189 4008 1521).

572 4017 829 4075 bibitum
874 4018 1016 4075 olim
1060 4017 1178 4075 fuit
1226 4018 1429 4088 ,donec
1461 4020 1849 4095 corrigatur‘:
1907 4016 2161 4092 Operam
2191 4037 2357 4077 suam
2389 4017 2646 4078 contulit
2689 4016 2761 4075 ad
2793 4016 3114 4076 editionem
3148 4035 3190 4074 s.

573 4106 733 4181 quod
765 4106 936 4164 modo
983 4106 1047 4164 in
1093 4107 1153 4164 ll.
1188 4108 1620 4181 prohibitorum
1652 4108 1851 4166 Indice
1907 4106 2244 4182 Scripturae
2275 4125 2411 4165 cum
2429 4107 2626 4184 glossa
2651 4106 2774 4166 Nic.
2795 4105 3043 4182 Lyrae
3075 4106 3189 4163 Ba-

571 4213 691 4253 non
713 4196 966 4270 amplius
984 4195 1219 4272 legitur.
1254 4196 1515 4254 Editioni
1536 4196 1848 4273 parisiensi
1907 4196 2083 4253 sileae
2124 4207 2287 4258 1498
2324 4200 2364 4254 t.
2403 4207 2437 4258 6
2473 4196 2535 4254 in
2570 4196 2607 4253 s.
2641 4198 2701 4254 et
2733 4195 2982 4254 celebris
3015 4194 3099 4252 Co
3118 4210 3188 4251 n-

573 4303 622 4342 a.
665 4293 830 4345 1622
852 4284 1001 4342 bene
1022 4285 1238 4361 longus
1259 4287 1563 4361 catalogus
1584 4287 1849 4345 omnium
1905 4285 2071 4343 radi
2102 4286 2173 4343 de
2209 4285 2591 4344 Halberstadt
2625 4281 2718 4364 (cf.
2766 4305 2823 4360 p.
2859 4280 3013 4364 410)
3048 4301 3188 4341 con·

571 4389 1033 4449 expurgatorum
1066 4373 1332 4448 adjectus
1365 4379 1469 4433 est.
1503 4376 1573 4433 In
1615 4386 1666 4437 1.
1697 4376 1733 4433 l.
1757 4376 1847 4432 hi-

573 4462 815 4520 storiam
834 4481 1074 4564 ,sacram
1108 4482 1297 4564 ¹²3un
1332 4464 1405 4522 ad
1439 4465 1846 4540 Gapffivitatem
1982 4495 2020 4562 ¹)
2048 4492 2108 4545 ln
2137 4508 2258 4546 essa
2285 4491 2396 4562 egli
2427 4508 2529 4544 usa
2557 4489 2693 4560 ogni
2720 4491 2902 4545 sforzo
2929 4506 3033 4559 per
3059 4505 3190 4542 con-

570 4551 980 4627 babylomcam
1013 4557 1424 4628 persequitur3
1459 4554 1521 4611 in
1556 4563 1609 4615 2.
1629 4554 1700 4612 de
1718 4555 1847 4631 lege
1904 4563 2097 4618 ciliare
2121 4563 2358 4617 insieme
2386 4563 2443 4615 la
2471 4563 2523 4617 S.
2552 4562 2845 4626 Scrittura,
2888 4561 3129 4614 Platone
3158 4576 3188 4614 e

570 4640 842 4710 disserit3
880 4655 932 4703 3.
966 4642 1202 4700 exhibet
1248 4645 1485 4702 oracula
1530 4644 1844 4718 propheta·
1902 4634 2280 4697 iCstbbffliffl,
2331 4635 2427 4688 dal
2480 4633 2617 4702 qual
2668 4632 2967 4702 miscuglio
3015 4632 3186 4699 quale

569 4750 702 4788 rum
758 4742 792 4793 4
845 4732 1252 4808 Evangefium.
1278 4733 1339 4790 in
1378 4744 1409 4794 5
1465 4737 1693 4807 sepoem
1723 4752 1846 4790 me,
1902 4710 2095 4760 strano
2147 4708 2439 4774 composto
2492 4706 2538 4758 si
2591 4705 2808 4760 venisse
2847 4721 2881 4757 a
2921 4705 3185 4784 formare,

707 4776 720 4802 ’
800 4776 812 4788 ⁶
1241 4778 1253 4800 '
1419 4778 1429 4789 '
1904 4796 2100 4847 ognun
2127 4780 2243 4846 pub
2290 4777 2649 4847 imaginarIO.
2703 4776 3034 4830 Tiraboschi
3064 4774 3187 4827 VII.

568 4821 742 4879 minit
827 4822 1164 4921 sapifmtum
1232 4818 1614 4921 §Salomonis
1690 4821 1845 4890 ‘IObi’
1903 4869 1958 4918 p.
1989 4856 2036 4906 1.
2063 4849 2099 4903 l.
2126 4855 2177 4905 2.
2205 4865 2252 4904 c.
2278 4854 2310 4904 2
2337 4867 2393 4903 n.
2423 4853 2506 4904 13.
2536 4849 2617 4902 Cf.
2642 4848 2890 4902 Brucker
2909 4847 3042 4899 hist.
3061 4846 3187 4900 crit.

569 4908 864 4968 Hermetis
879 4910 1266 4987 TrismogiSn,
1285 4911 1548 4968 Platonis
1563 4910 1847 4968 academi·
1903 4921 2106 4990 philos.
2137 4919 2229 4985 lV,
2258 4924 2381 4976 374.
