3475 5364
857 338 1225 391 1426—1450.
1252 332 1283 385 J
1292 349 1356 385 us
1383 331 1735 384 canonicum.
1767 330 1890 384 Nic.
1920 328 2262 385 Tedeschius
2294 327 2747 381 panormitanus.
2968 346 3093 403 850

487 353 609 407 859

483 527 747 581 terorum
792 522 868 581 ob
918 520 1327 595 episcoporum
1360 517 1654 576 defectum
1688 517 1759 574 li-
1816 515 1880 573 in
1929 514 2000 573 f.:
2064 519 2419 591 quaestiones
2494 515 2616 574 VII
2671 516 3098 575 subtilissimae

487 611 738 670 berrime
798 608 1234 668 contradixerit.
1327 606 1456 665 Etsi
1516 610 1761 683 rogatus
1817 602 1962 686 (una
2010 623 2145 662 cum
2198 602 2486 685 consiliis)
2550 605 2829 683 Lugduni
2898 615 3097 674 15843

486 695 1762 776 purpuraedignitatamnunquamdeponere
1830 703 2023 762 1586;
2074 693 2338 753 Venetiis
2396 705 2511 757 157
2534 706 2551 756 1
2607 699 2716 753 etc.
2779 696 2871 753 Tr.
2919 711 3102 768 super

485 789 700 848 voluit.
759 790 913 846 Dum
963 787 1138 845 variis
1188 785 1575 844 dilationibus
1624 803 1763 860 pro·
1817 802 1967 842 conc.
1999 783 2303 843 basileense
2348 787 2410 843 et
2439 783 2511 842 de
2543 784 2673 858 ejus
2706 787 3003 859 potestate
3033 803 3102 843 ac

486 877 861 937 crastinando
875 875 1400 952 remprotraheret,
1419 875 1620 933 morbo
1635 892 1762 933 cor·
1822 891 2004 948 papae
2020 869 2086 952 ¹),
2122 873 2323 948 inquo
2346 873 2702 947 amplissime
2717 874 3100 933 conciliorum

485 972 690 1042 reptus
750 967 936 1025 vitam
995 965 1193 1024 finivit
1263 973 1356 1026 15.
1410 964 1534 1027 Jul.
1598 972 1759 1026 1445
1820 962 2069 1021 materia
2099 966 2517 1037 pertractatur,
2552 955 2829 1040 Lugduni
2862 982 2905 1021 s.
2940 984 2991 1022 a.
3023 957 3099 1042 (c.

487 1057 747 1115 multum
778 1055 1032 1114 moriens
1063 1057 1330 1129 questus,
1386 1052 1562 1129 quod,
1583 1071 1761 1127 nepo-
1827 1047 2050 1131 1505);
2098 1061 2259 1114 1512
2295 1070 2429 1110 cum
2461 1052 2593 1110 aliis
2625 1052 2893 1128 ejusdem
2925 1071 3101 1128 opus-

484 1153 618 1204 tum
665 1163 847 1203 suasu
891 1143 1139 1212 concilii,
1202 1145 1274 1200 ut
1333 1142 1460 1217 ipse
1511 1141 1764 1210 dicebat,
1824 1141 1989 1199 culis.
2024 1142 2094 1199 In
2125 1159 2193 1199 eo
2225 1144 2434 1199 tuetur
2473 1142 2708 1201 concilii
2741 1160 2922 1218 super
2952 1160 3101 1217 pon-

486 1235 798 1294 veritatem
830 1232 1179 1308 reliquisset.
1213 1232 1266 1289 N
1271 1230 1627 1290 onobstante
1659 1231 1769 1289 hac
1825 1229 2045 1288 sificem
2077 1231 2504 1289 auctoritatem.
2545 1225 2879 1290 Thesaurus
2897 1231 3102 1307 singu—

487 1323 718 1382 macula
778 1341 956 1398 opera
1009 1321 1269 1397 juridica
1330 1321 1457 1395 ejus
1527 1320 1767 1379 maximi
1822 1319 2039 1377 larium
2070 1319 2135 1377 in
2148 1321 2285 1395 jure
2305 1321 2585 1379 canonico
2615 1320 2944 1379 decisorum
2966 1338 3102 1378 con-

487 1414 644 1471 fiunt
657 1409 733 1489 ¹):
798 1431 937 1470 nam
998 1410 1345 1486 pontificum
1402 1410 1640 1468 decreta
1701 1429 1770 1467 ea
1826 1409 2082 1483 scriptus
2102 1408 2162 1467 in
2186 1428 2340 1467 conc.
2361 1410 2678 1468 basileensi
2698 1414 2758 1468 et
2775 1409 3103 1468 secundum

485 1502 794 1560 doctrinae
840 1499 1140 1559 soliditate
1185 1503 1274 1558 est
1317 1499 1768 1574 interpretatus,
1825 1496 2088 1558 ordinem
2121 1498 2558 1573 alphabeticum
2582 1517 2691 1574 pro
2710 1498 2957 1558 faciliori
2987 1516 3105 1557 usu

489 1595 560 1650 ut
590 1593 742 1649 alter
762 1590 1041 1648 Bartolus
1063 1589 1222 1647 inter
1233 1588 1388 1663 juris
1405 1587 1769 1664 professores
1826 1587 2176 1661 dispositus,
2209 1589 2273 1645 in
2306 1591 2348 1645 t.
2387 1598 2440 1648 9.
2472 1588 2560 1646 ed.
2595 1591 2857 1656 venetae,
2891 1588 2956 1646 in
2986 1606 3106 1661 qua

490 1680 607 1739 dici
627 1678 1036 1755 promeruerit,
1060 1678 1118 1735 in
1143 1696 1209 1736 eo
1232 1677 1323 1736 vel
1346 1678 1595 1736 maxime
1615 1696 1769 1735 com·
1826 1675 2226 1750 reperiuntur⁴
2286 1676 2618 1736 additiones
2704 1677 2829 1735 Jac.
2908 1676 3105 1735 Anelli

489 1768 824 1836 mendatus,
874 1767 1033 1841 quod
1067 1766 1332 1825 lucidum
1368 1767 1634 1824 ordinem
1669 1767 1771 1825 ob·
1826 1764 1898 1823 de
1932 1765 2128 1824 Bottis
2174 1765 2247 1823 ad
2302 1766 2737 1835 commentaria,
2771 1766 3016 1825 consilia
3045 1769 3107 1823 et

489 1876 729 1918 servans
788 1855 1004 1914 nullibi
1066 1874 1186 1914 non
1241 1855 1594 1930 perspicuus
1656 1855 1770 1913 cla·
1829 1855 2221 1929 quaestiones,
2267 1872 2376 1913 nec
2424 1873 2545 1913 non
2579 1854 2879 1914 Gualvarii
2910 1856 3106 1914 Bono·

488 1965 712 2023 rusque
745 1948 1041 2021 appareat.
1074 1944 1218 2020 Ejus
1235 1963 1410 2020 opera
1423 1945 1775 2020 prodierunt
1827 1943 2052 2001 niensis
2082 1946 2467 2019 repertorium
2510 1948 2571 2003 et
2600 1948 2675 2002 tr.
2728 1946 2796 2002 de
2826 1944 3103 2016 differen-

487 2055 677 2111 saepe.
741 2035 986 2094 collecta
1047 2033 1311 2092 Venetiis
1386 2043 1546 2096 1592
1601 2035 1643 2090 t.
1699 2043 1771 2102 83
1830 2035 1912 2089 tia
1943 2033 2127 2110 lequm
2172 2051 2583 2109 canonumque.
2651 2034 2899 2109 Scripsit
2927 2032 3107 2092 etiam

498 2136 659 2188 1617
679 2128 722 2183 t.
741 2135 797 2194 9,
830 2125 989 2182 inter
1004 2142 1155 2197 quae
1172 2122 1440 2181 eminent
1458 2119 1771 2202 Lectura2)
1834 2140 2012 2196 super
2045 2123 2079 2178 l.
2115 2123 2167 2179 d.
2205 2123 2660 2182 Bonaventurae
2693 2123 2756 2182 in
2775 2123 2833 2180 ll.
2866 2126 3107 2181 senten-

489 2217 550 2271 in
595 2214 918 2287 decretales,
969 2212 1031 2270 in
1079 2211 1341 2280 Sextum,
1397 2211 1461 2269 in
1507 2213 1774 2270 Clemen-

489 2304 676 2371 tinas:
729 2302 984 2360 Consilia
1036 2298 1238 2380 (226),
1287 2300 1565 2378 Lugduni
1613 2311 1768 2364 1537

570 2478 604 2536 ¹)
633 2472 944 2526 Schulte
985 2490 1039 2540 p.
1067 2475 1203 2527 312:
1256 2469 1536 2524 Nikolaus
1617 2470 1780 2524 ehort

492 2544 798 2615 unstreitig
842 2562 910 2596 zu
956 2544 1065 2596 den
1104 2540 1553 2596 bedentendsten
1623 2542 1778 2595 'ano-

493 2617 676 2670 nisten
707 2616 802 2668 des
833 2613 1211 2668 Mittelalters.
1265 2612 1421 2665 Zwar
1462 2613 1599 2682 geht
1625 2613 1777 2665 seine

494 2686 858 2756 Darstellung
886 2686 1106 2740 liberali
1144 2687 1206 2737 in
1247 2685 1338 2739 dic
1365 2685 1571 2749 Breite,
1599 2685 1780 2739 dieser

497 2759 696 2813 Fehler
758 2758 900 2812 wird
963 2758 1096 2811 aber
1159 2758 1533 2825 aufgewogeu
1597 2756 1777 2809 durch

491 2832 648 2883 scine
682 2828 1145 2899 ausgezeichnete
1174 2828 1456 2881 Keuntnis
1501 2826 1619 2880 und
1651 2828 1779 2880 Ver-

493 2905 755 2970 wertung
794 2901 892 2954 der
935 2900 1237 2962 Literatur,
1274 2900 1366 2951 ein
1407 2898 1653 2951 scharfes
1683 2900 1780 2952 Ur·

491 2974 607 3032 teil,
635 2973 803 3026 einen
831 2972 935 3025 auf
950 2971 1040 3023 die
1069 2970 1406 3038 Bedcutung
1433 2971 1531 3023 der
1552 2969 1781 3024 Rechts-

491 3046 690 3112 frageu
707 3045 799 3096 fiir
815 3043 915 3096 das
936 3041 1121 3095 Leben
1154 3042 1510 3111 gerichteten
1529 3040 1670 3094 Sinn
1694 3084 1706 3095 .
1731 3085 1743 3095 .
1767 3084 1779 3096 .

495 3115 624 3169 Man
653 3114 785 3167 darf
805 3130 996 3183 sagen,
1015 3113 1118 3165 dass
1137 3113 1290 3166 seine
1308 3111 1589 3165 Schriften
1614 3114 1781 3166 nach-

492 3190 717 3256 trugeu,
746 3203 859 3241 was
886 3185 1033 3237 nach
1060 3184 1247 3238 denen
1275 3200 1385 3236 vou
1412 3183 1537 3237 Joh.
1567 3185 1778 3248 Andra,

488 3260 598 3311 auf
636 3258 833 3311 dessen
862 3255 1162 3310 Schultern
1208 3271 1266 3310 er
1307 3255 1476 3323 steht,
1522 3256 1667 3311 noch
1709 3274 1779 3309 zu

493 3330 728 3384 macheu
757 3346 888 3384 war.
945 3328 1081 3381 Uber
1121 3326 1201 3381 sie
1228 3325 1357 3380 sind
1384 3326 1476 3380 die
1505 3326 1779 3396 Spateren

489 3400 653 3454 nicht
693 3398 1257 3469 hinausgekomnien,
1299 3398 1482 3451 haben
1524 3398 1602 3451 sie
1645 3398 1779 3451 viel·

491 3474 651 3527 mehr
679 3490 786 3525 nur
812 3471 1202 3539 ausgebeutet.
1254 3469 1325 3523 So
1358 3470 1602 3539 begreift
1627 3488 1777 3532 man,

489 3546 594 3597 dat
659 3560 718 3600 er
764 3546 911 3601 trotz
962 3541 1145 3596 seines
1195 3539 1777 3611 kircheupolitischen

489 3615 925 3684 Standpunktes
941 3613 1062 3671 sich
1077 3612 1449 3684 allgemeiuer
1467 3613 1778 3682 unbeding·

491 3694 575 3741 ter
588 3687 912 3757 Schiitzung
923 3685 1137 3741 erfreut
1150 3685 1267 3739 und
1281 3703 1347 3738 zu
1369 3685 1531 3738 'enen
1545 3683 1777 3738 Schrift-

488 3759 720 3812 stellern
748 3759 964 3829 gehbrt,
1006 3756 1099 3810 die
1139 3757 1336 3811 bestiin
1381 3755 1442 3827 ig
1468 3755 1780 3826 angeffihrt
1836 3799 1899 3803 -ffi

491 3831 732 3919 werden:
762 3830 844 3883 Cf.
871 3828 1164 3883 Fabricius
1189 3829 1253 3889 V,
1283 3832 1415 3884 128:
1443 3827 1777 3881 Tiraboschi

490 3903 531 3955 l·
560 3919 605 4042 C)
632 3906 1124 4041 (iiaiicnissigsiicem
1170 3970 1468 4024 Lecturam
1520 3970 1581 4021 in
1631 3987 1776 4023 com-

1831 2210 2066 2280 tiarum,
2131 2211 2393 2269 Venetiis
2464 2221 2648 2274 1477.
2710 2213 2792 2270 Ex
2839 2210 3105 2286 ejusdem

1824 2300 2109 2376 ,operibus
2141 2301 2384 2377 collegit
2433 2303 2822 2360 Antonius
2853 2302 3108 2359 Corse-

1832 2392 1957 2447 tus
1989 2390 2232 2458 siculus,
2267 2389 2537 2447 Andreae
2562 2390 2824 2449 Barbatii
2848 2390 3107 2465 discipu·

1836 2478 1947 2546 lua,
1964 2480 2262 2552 professor
2268 2478 2421 2553 juris
2441 2479 2704 2538 canonici
2727 2479 3026 2539 Bononiae
3048 2481 3110 2535 et

1840 2567 2064 2625 Patavii
2133 2567 2538 2641 Repertorium
2601 2568 2767 2636 utile,
2846 2567 3108 2627 Venetiis

1849 2666 2041 2726 14993
2074 2656 2390 2717 Mediolani
2431 2669 2586 2722 1511
2630 2661 2759 2725 ete„
2793 2657 2994 2733 inquo
3015 2675 3108 2715 ra-

1834 2746 2052 2804 tionem
2089 2747 2266 2806 habet
2297 2765 2538 2822 operum
2572 2747 2823 2806 aliorum
2857 2747 3106 2821 scripto·

1837 2855 1999 2905 rum3
2033 2836 2305 2911 illudque
2339 2837 2477 2895 usui
2510 2836 2628 2895 fuit
2659 2855 2765 2911 pro
2796 2837 3110 2895 conficien-

1834 2924 1925 2981 dis
1957 2924 2253 2983 indicibus
2299 2926 2372 2983 ad
2406 2925 2810 2985 panormitani
2855 2922 3109 3005 opera2).

1836 3012 2051 3072 Fuerat
2068 3014 2340 3073 Corsetus
2368 3015 2549 3073 abbas
2582 3015 3111 3074 commendatarius

1836 3120 1880 3159 s.
1915 3102 2131 3161 Mariae
2162 3103 2235 3160 de
2266 3104 2424 3162 Arcu
2475 3122 2542 3162 ac
2573 3104 2727 3180 regis
2759 3103 3110 3163 Ferdinandi

1837 3190 2193 3266 capellanuS,
2216 3194 2530 3267 patavinus
2552 3193 2883 3261 canonicus,
2917 3196 2978 3251 et
2996 3194 3109 3252 Bo·

1836 3300 1962 3340 mae
1978 3300 2238 3339 camerae
2254 3282 2603 3357 apostolicae
2621 3282 2870 3340 auditor.
2905 3282 3113 3341 Postea

1839 3380 1936 3432 26.
1984 3370 2106 3428 Jul.
2153 3380 2305 3433 1501
2368 3371 2712 3446 designatus
2758 3374 2853 3429 est
2896 3391 2931 3430 a
2973 3390 3112 3449 rege

1836 3458 2203 3518 Ferdinando
2254 3459 2565 3535 episcopus
2598 3460 2943 3529 melitensis,
2977 3478 3112 3519 mox

1835 3551 2033 3606 tamen
2055 3566 2124 3606 ex
2147 3550 2383 3623 potione
2400 3548 2629 3618 veneni,
2647 3553 2718 3607 ut
2745 3549 2928 3608 refert
2946 3550 3111 3609 Mon·

1834 3637 2047 3714 gitore.
2084 3637 2298 3696 Romae
2331 3638 2482 3696 obiit
2521 3648 2612 3702 18.
2634 3641 2797 3715 Aug.
2838 3648 3021 3703 1503.

1911 3902 1946 3966 ¹)
1974 3895 2064 3949 Tr.
2091 3901 2153 3950 de
2179 3902 2494 3951 auctoritate
2512 3916 2692 3965 papae
2710 3906 2756 3952 et
2774 3901 3113 3965 imperatoris

1832 3971 1890 4022 et
1914 3967 2294 4022 institutionis
2340 3968 2707 4022 conciliorum
2754 3987 2822 4022 ss.
2869 3984 3113 4038 praeser-

491 4044 766 4113 pendium
812 4042 1030 4110 redegit
1075 4042 1205 4094 Hie
1223 4060 1249 4094 r
1267 4058 1297 4093 o
1316 4059 1470 4109 nym
1490 4059 1526 4094 u
1544 4059 1568 4092 s
1610 4042 1648 4095 F
1669 4058 1701 4094 a
1719 4058 1778 4092 n·
1832 4041 1934 4092 tim
1964 4039 2291 4092 basileensis
2333 4056 2461 4101 cuin
2502 4039 2820 4093 annexione
2866 4055 3113 4108 quorun-

491 4120 618 4169 ton
637 4133 672 4167 u
691 4135 714 4166 s
760 4116 820 4168 O.
868 4113 925 4166 P.
971 4113 1040 4166 de
1087 4112 1354 4165 Ferrariis
1395 4112 1597 4175 dictus,
1639 4112 1777 4180 quia
1833 4112 1961 4165 darn
1991 4110 2294 4165 dubiorum
2327 4112 2383 4163 et
2409 4128 2659 4175 casuum,
2683 4110 2955 4180 Lugduni
2975 4115 3111 4167 1517

490 4187 696 4240 ibidem
746 4185 978 4238 functus
1023 4184 1108 4236 est
1146 4199 1378 4237 munere
1421 4182 1779 4251 inquisitoris
1830 4183 1892 4236 in
1918 4186 1967 4240 8.
1995 4181 2145 4236 alius
2171 4186 2255 4235 est
2279 4183 2349 4235 ab
2377 4199 2458 4245 eo,
2501 4199 2671 4250 quein
2697 4184 2757 4237 in
2785 4186 2946 4236 textu
2971 4181 3114 4235 indi·

492 4257 768 4328 generalis
796 4267 842 4325 st
871 4260 1043 4321 1532).
1087 4255 1241 4323 quod
1283 4254 1496 4324 prodiit
1525 4254 1778 4309 Venetiis
1834 4254 2102 4313 cavimus,

493 4335 647 4386 met.
695 4328 832 4398 Ejus
860 4344 1090 4396 quoque
1117 4329 1202 4379 est
1227 4331 1596 4395 Repertmw'um
1626 4327 1777 4380 locu·

1908 4329 1947 4396 ⁹)
1976 4324 2056 4381 Cf.
2086 4325 2317 4378 Schultc
2349 4326 2409 4387 ll,
2433 4328 2537 4380 348
2559 4343 2616 4383 s..
2641 4324 2741 4391 qui
2762 4323 2878 4377 alia
2899 4324 3114 4379 Corseti

453 4428 456 4435 ·
496 4401 868 4471 pletissimuin
912 4400 1022 4453 tam
1065 4398 1125 4454 11.
1167 4414 1337 4465 quam
1367 4397 1778 4452 sententiarum
1834 4412 2006 4450 oiera
2050 4401 2301 4450 recenset
2353 4400 2416 4448 ut
2454 4400 2515 4449 de
2554 4402 2873 4451 alectoru'tate
2895 4400 3113 4463 ylossae‚

492 4490 661 4540 quam
693 4470 1156 4539 quodlibetorum
1203 4470 1448 4522 doctoris
1475 4468 1702 4523 subtilis
1726 4472 1778 4523 J.

1895 4468 2141 4523 ediolani
2195 4473 2349 4525 1486.
2403 4468 2593 4536 Longe
2645 4467 2813 4536 plura
2864 4469 3115 4522 recenset

493 4543 651 4597 Duns
703 4548 780 4596 Sc
799 4560 830 4596 ο
850 4542 922 4601 ti,
978 4541 1230 4596 venetiis
1274 4545 1414 4597 1588
1456 4557 1591 4595 cura
1634 4540 1780 4597 Julii
1835 4541 2152 4610 Mongitore
2180 4539 2440 4594 biblioth.
2466 4539 2565 4592 sic.
2596 4540 2634 4603 l,
2659 4544 2730 4595 60
2755 4558 2815 4602 8.,
2857 4541 2923 4592 ut
2946 4542 3011 4592 de
3030 4543 3114 4604 7¹0⁸—

493 4614 746 4685 Hissopii
773 4613 1077 4678 Cesenatis,
1117 4611 1219 4680 qui
1245 4612 1454 4678 adjecit
1478 4613 1777 4681 opiniones
1834 4622 2071 4666 ramento
2096 4621 2141 4664 et
2166 4615 2278 4678 «gius
2310 4615 2623 4680 privileyiis,
2660 4610 2719 4664 in
2766 4614 2926 4665 tract.
2956 4609 3115 4663 univ.

492 4692 549 4741 et
575 4686 989 4757 propositiones
1016 4704 1046 4738 a
1076 4686 1241 4738 Scoto
1277 4686 1474 4740 contra.
1501 4683 1778 4738 Thomam
1827 4683 1977 4753 juris
2002 4685 2042 4736 t.
2072 4684 2141 4735 lv
2166 4705 2176 4741 ;
2230 4687 2459 4738 l'onsilia
2495 4681 2766 4752 Lugduni
2793 4686 2933 4739 1560
2956 4681 3018 4734 in
3046 4682 3115 4740 f.;

489 4760 563 4813 ad
592 4757 951 4829 probandum
981 4760 1318 4824 assumptas,
1365 4772 1580 4810 necnon
1614 4758 1670 4809 et
1695 4756 1775 4808 in·
1834 4758 2064 4824 Reyulae
2089 4759 2241 4820 juris
2287 4754 2344 4809 in
2374 4772 2465 4823 op.
2496 4757 2652 4808 Dom.
2681 4753 2967 4817 Atonis,
3013 4751 3116 4805 Ti·

492 4832 672 4884 diecm
701 4828 1216 4899 locupletissimum
1244 4828 1302 4881 in
1323 4833 1357 4883 4
1385 4827 1495 4880 vol.
1524 4826 1777 4896 Capi-e·
1833 4845 1860 4880 r
1878 4843 1965 4895 aq
1988 4844 2023 4879 u
2047 4825 2200 4889 elli,
2231 4828 2271 4879 (J
2289 4842 2319 4878 o
2337 4844 2404 4879 rs
2425 4842 2454 4878 e
2472 4827 2525 4880 ti
2559 4829 2663 4881 etc.
2717 4828 2945 4891 Reatelae
2965 4828 3115 4891 juris

492 4904 612 4957 Oli.

1833 4896 2117 4955 collectae.
2148 4897 2505 4952 Francofnrti
2534 4902 2671 4953 1586
2698 4897 2758 4949 in
2786 4897 2823 4950 f.
2850 4899 2953 4952 etc.
