3475 5364
433 366 591 420 1241
976 348 1319 411 ‚Schindler‚
1349 346 1646 411 Femelius‚
1677 346 1931 409 Arnoldi‚
1961 346 2247 401 Arnoldus
2275 348 2456 401 Vesal.
2872 365 3038 419 1242

426 536 597 610 eujus
629 533 746 592 alia
776 532 864 592 ed.
899 537 1018 593 est:
1065 533 1155 592 De
1196 553 1297 592 sex
1333 528 1707 609 philosopho·
1761 533 1946 609 loyiae
1975 534 2201 591 notione
2245 536 2306 592 et
2351 538 2595 603 natura3
2644 535 2713 592 de
2742 534 2797 591 d.
2831 536 3042 592 Annae

426 642 561 682 rum
641 625 983 682 erramemis
1069 641 1396 698 eorumque
1503 623 1707 681 confu-
1762 622 2015 681 trinubt'o
2046 624 2295 698 ejusque
2339 641 2627 699 generosa
2671 623 2856 682 trium
2887 622 3038 682 filia-

424 711 758 771 tationibus
808 712 871 770 ll.
927 720 996 783 33
1060 713 1240 771 etiam
1288 712 1350 770 in
1410 711 1707 789 farragine
1762 730 1894 770 rum
1927 713 1989 770 et
2017 714 2303 787 nepotum
2332 712 2660 788 propagine
2693 708 2940 792 (1518),
2964 712 3036 770 de

426 820 607 877 supra
637 801 849 872 citata3
899 801 1213 871 Sectarum,
1260 819 1542 872 errorum,
1577 801 1706 860 hal·
1765 818 1882 874 quo
1913 804 2058 859 tunc
2104 820 2140 859 a
2187 800 2392 859 multis
2422 802 2636 859 acriter
2666 800 3039 875 disputatum

425 890 900 949 lucionationum
945 893 1006 948 et
1048 890 1429 950 schismatum
1480 891 1554 949 ab
1589 890 1703 949 ori·
1761 889 1910 959 fuit3
1943 889 1980 947 1.
2014 890 2176 949 Dass
2206 891 2302 949 die
2332 890 2487 948 Mass
2515 908 2619 966 eyn
2647 891 2804 949 recht
2832 891 3037 948 christ-

427 979 564 1056 gine
595 979 777 1037 ferme
793 974 1147 1038 christianae
1162 979 1458 1038 Ecclesiae
1474 979 1547 1037 ad
1565 980 1707 1039 haec
1761 979 1870 1036 lich
1907 977 2088 1054 Opfer
2116 998 2227 1055 sey,
2263 979 2468 1055 dequo
2490 984 2839 1055 argumento
2859 980 3038 1037 etiam

425 1086 618 1143 usque
649 1072 853 1127 nostra
882 1071 1154 1144 tempora
1183 1067 1526 1127 concisioris
1560 1089 1705 1127 ana-
1762 1067 2135 1126 Francosurti
2164 1068 2402 1144 publice
2435 1067 2858 1143 disputaverat.
2891 1069 3037 1126 Pro-

427 1158 782 1231 cephaleosos
796 1153 863 1240 ¹),
910 1176 1032 1217 una
1080 1175 1217 1216 cum
1248 1157 1576 1233 aliquantis
1609 1158 1705 1215 Pi-
1762 1155 1915 1214 dunt
1946 1156 2188 1231 quidem
2218 1157 2550 1233 Wimpinae
2600 1174 2779 1232 opera
2809 1160 3040 1215 vastam

425 1246 815 1324 gardicarum‚
863 1245 1335 1323 Wiglefticarum
1384 1249 1445 1305 et
1487 1246 1704 1305 Luthe-
1761 1244 2176 1315 eruditionem,
2221 1230 2332 1304 sed
2358 1245 2777 1305 desiderantur
2806 1246 2949 1305 lima
2978 1248 3039 1304 et

427 1353 708 1393 ranarum
786 1335 1120 1394 haeresium
1195 1335 1705 1394 confutationibus
1757 1334 2050 1410 judicium
2110 1334 2402 1405 criticum,
2466 1336 2642 1393 stilus
2703 1333 3042 1394 salebrosas

426 1443 523 1501 pp.
562 1433 617 1492 3,
651 1423 1021 1483 Francofurti
1059 1424 1133 1483 ad
1163 1425 1227 1483 Ο.
1260 1434 1423 1488 1528
1458 1424 1522 1483 in
1553 1425 1591 1482 f.
1612 1443 1703 1500 op.
1761 1426 1855 1481 est
1885 1428 1945 1482 et
1977 1442 2164 1499 asper,
2182 1424 2565 1501 allegationes
2594 1443 2715 1483 non
2734 1423 2876 1482 satis
2896 1431 3038 1483 sunt

427 1532 632 1572 rarum
668 1509 770 1594 (m.
808 1508 915 1595 70)
949 1517 1010 1572 et
1038 1532 1229 1572 unum
1265 1533 1334 1572 ex
1368 1514 1704 1590 praecipuis
1761 1515 2085 1571 accuratae.
2117 1547 2205 1555 —-
2236 1512 2482 1589 Triplici
2506 1513 2716 1572 saltem
2739 1531 2912 1589 opere
2932 1532 3036 1589 ag·

424 1600 590 1660 illius
619 1602 904 1678 temporis
934 1603 1214 1661 adversus
1244 1603 1589 1662 Lutherum.
1623 1602 1705 1662 Eo
1760 1620 1997 1678 gressus
2029 1606 2121 1660 est
2165 1602 2366 1661 Wolf
2373 1622 2412 1678 g
2428 1621 2573 1679 ang
2623 1602 3042 1660 Schindler

427 1681 767 1767 complexus
799 1696 892 1750 est
910 1689 1207 1767 opuscula,
1229 1711 1379 1767 quae
1398 1693 1706 1768 prinsjam
1761 1690 1833 1749 de
1848 1690 2229 1768 Ellenbogen,
2261 1691 2357 1750 Dr.
2377 1692 2651 1750 Cubito
2681 1691 2864 1767 vulgo
2899 1709 3036 1767 cog-

431 1783 640 1840 contra
653 1780 981 1839 Lutherum
994 1779 1277 1840 ediderat.
1300 1781 1708 1841 Eucharistiae
1761 1780 2119 1851 nominatus,
2141 1783 2190 1838 A
2207 1781 2362 1839 msd
2379 1781 2661 1839 orfium
2684 1775 2928 1862 (1528).
2961 1814 3029 1824 ——

426 1868 739 1942 mirabilia,
782 1869 1301 1948 Glaubensspieqel,
1332 1880 1491 1934 1666
1515 1871 1580 1929 in
1609 1880 1703 1939 12;
1762 1869 1913 1927 Stilo
1944 1869 2216 1945 populari
2248 1872 2310 1928 et
2338 1869 2549 1946 lingna
2571 1870 2767 1945 patria
2799 1870 3042 1945 scripsit

428 1958 699 2033 Epitoma
749 1958 914 2029 mire,
967 1959 1229 2017 breviter
1280 1960 1382 2017 sed
1434 1953 1705 2019 districte
1759 1958 1799 2016 J
1815 1976 1956 2016 oan
1976 1976 2108 2017 nes
2153 1958 2538 2017 Femelius
2586 1956 2666 2040 (fi.
2721 1954 2915 2039 1530)
2965 1958 3040 2016 de

427 2046 571 2105 satis
632 2048 994 2122 amplectens
1056 2048 1227 2107 varia
1301 2054 1361 2107 et
1438 2049 1706 2124 alioquin
1761 2046 1930 2106 cultu
1962 2050 2318 2107 sanctorum.

426 2136 807 2211 dispendiosa
838 2136 1145 2195 doctorum
1175 2138 1559 2212 problemata,
1581 2137 1703 2213 opi·
2585 2194 2596 2202 .

428 2225 699 2284 nationes
722 2229 783 2283 et
800 2230 1154 2302 argumenta
1170 2244 1390 2295 eorum,
1426 2226 1706 2301 quicirca
1854 2233 1998 2288 583.
2058 2225 2524 2284 Franciscus
2571 2224 2902 2284 Arnoldi
2955 2223 3036 2304 (fl.

428 2315 861 2373 sententiarum
905 2315 942 2371 l.
989 2314 1451 2391 interpretand0‚
1499 2315 1700 2392 dispu·
1767 2308 1960 2394 1531)
1982 2314 2274 2389 parochus
2290 2314 2597 2374 coellensis
2614 2310 2844 2396 (oppidi
2875 2313 3037 2372 Coel-

427 2403 611 2462 tando
644 2406 706 2463 et
747 2400 1088 2463 resolvendo
1135 2409 1279 2462 sunt
1321 2422 1440 2463 non
1484 2407 1705 2462 temere
1761 2403 1875 2471 len,
1909 2404 2053 2461 Coln
2085 2404 2155 2462 ad
2172 2400 2408 2485 Elbam)
2439 2403 2692 2480 impiger
2707 2403 2824 2461 fuit
2843 2404 2906 2460 in
2925 2403 3037 2459 im-

428 2492 740 2568 defatigati
798 2511 905 2568 pro
965 2510 1249 2568 processu
1309 2493 1703 2570 disputatorio
1759 2492 2084 2568 pugnando
2133 2492 2392 2551 Luthero
2442 2493 2688 2567 ejusque
2743 2492 3038 2567 discipulo

426 2581 760 2657 theologico
790 2581 1063 2641 circulari
1083 2581 1484 2641 florentissimi
1516 2582 1703 2641 studii
1758 2581 1964 2640 Alexio
1997 2581 2284 2641 Chrosner
2312 2581 2525 2640 libellis
2555 2581 2931 2657 quibusdam,
2965 2580 3040 2637 de

427 2670 905 2742 francofordiam,
979 2682 1161 2736 1508.
1223 2672 1461 2730 Tractat
1512 2672 1576 2730 in
1637 2692 1705 2730 ea
1760 2670 1978 2746 quibus
2009 2674 2278 2732 accurate
2307 2670 2548 2731 disserit
2577 2671 2744 2730 Flosz
2778 2666 2874 2754 (ef.
2917 2668 3034 2728 KL.

426 2760 657 2819 erudite
687 2761 1052 2836 problemata
1076 2771 1215 2831 120,
1250 2780 1402 2836 quae
1436 2765 1706 2838 spectant
1760 2759 1841 2830 12,
1882 2770 2064 2824 1433.
2118 2795 2189 2806 —
2241 2761 2332 2819 Ab
2379 2761 2486 2819 hoc
2528 2760 2823 2837 distingui
2867 2758 3040 2818 debet

340 2843 345 2848 Α
427 2850 498 2908 ad
533 2851 964 2909 sententiarum
996 2851 1035 2908 1.
1063 2863 1086 2914 1
1130 2851 1269 2910 dist.
1298 2861 1529 2914 1—48.
1563 2851 1703 2910 Dis·
1760 2849 2057 2908 Arnoldus
2087 2849 2496 2920 Haldrein‚
2529 2870 2565 2909 a
2594 2850 2723 2909 loco
2754 2848 3035 2909 nativita-

416 2942 753 3014 putationes
767 2940 1185 3016 quodlibeticae,
1207 2953 1231 3002 1
1251 2950 1322 3003 51
1340 2953 1392 3002 ο.
1409 2941 1705 3017 Aliaejus·
1759 2939 1838 2996 tis
1870 2938 1917 2997 V
1935 2958 1967 2997 e
1984 2957 2011 2996 s
2028 2941 2096 2997 al
2113 2941 2133 2999 i
2151 2960 2239 2999 en
2257 2939 2363 2997 sis
2393 2939 2610 3010 dictus,
2644 2940 2748 3014 qui
2768 2939 3042 2997 Coloniae

425 3027 557 3085 dem
589 3047 765 3104 opera
798 3034 1069 3104 spectant
1111 3031 1208 3088 vel
1254 3030 1327 3087 ad
1358 3030 1560 3088 literas
1594 3031 1704 3088 hu·
1760 3029 2037 3086 alumnus
2086 3029 2282 3088 fuerat
2330 3029 2628 3105 gymnasii
2681 3027 3041 3086 laurentiani

425 3117 718 3175 maniores
749 3118 846 3175 vel
879 3121 1023 3175 sunt
1054 3117 1478 3194 philosophica,
1514 3122 1585 3177 ut
1617 3139 1703 3180 ex.
1759 3121 1820 3175 et
1864 3121 2137 3193 receptus
2183 3123 2276 3178 est
2319 3118 2391 3176 ad
2436 3117 2778 3176 facultatem
2816 3117 3038 3175 artium

426 3224 512 3280 gr.
546 3204 977 3280 disputationes
1027 3207 1095 3263 de
1126 3207 1415 3264 nobilitate
1442 3210 1704 3283 corporis
1762 3201 2008 3288 (1516).
2080 3208 2306 3266 Laurea
2365 3206 2649 3266 doctorali
2708 3205 3042 3282 theologica

427 3293 688 3351 caelesti:
722 3292 794 3351 de
827 3313 894 3352 eo
928 3313 1004 3352 an
1039 3296 1283 3352 animati
1306 3298 1537 3367 possint
1568 3297 1704 3353 coeli
1758 3294 1874 3352 fuit
1905 3296 2231 3374 insignitus
2276 3298 2338 3354 et
2369 3295 2684 3353 canonicus
2726 3296 2888 3353 aedis
2919 3313 3036 3352 me-

427 3383 718 3458 appellari
729 3403 758 3454 ,·
788 3383 855 3439 de
886 3383 1177 3440 nobilitate
1196 3385 1530 3442 animarum
1554 3381 1700 3466 (me-
1755 3384 2150 3457 tropolitanae
2197 3381 2261 3466 (†
2296 3393 2394 3447 30.
2429 3384 2552 3441 Oct.
2609 3379 2819 3462 1534).
2882 3382 3039 3440 Haec

424 3466 691 3553 tricum),
724 3471 955 3529 innixae
1005 3477 1275 3530 veterum
1324 3471 1702 3531 scholastico·
1759 3473 1991 3546 potiora
2020 3472 2286 3547 ejusdem
2318 3491 2491 3547 opera
2507 3467 2580 3552 1);
2627 3471 2900 3548 Exeyesis
2943 3472 3036 3528 cle—

427 3577 562 3618 rum
607 3560 1010 3635 opinionibus,
1062 3560 1245 3619 etiam
1292 3560 1357 3619 in
1410 3561 1704 3638 farragine
1759 3560 1959 3637 caloqi,
1994 3561 2266 3620 Coloniae
2305 3571 2489 3623 1550.
2535 3561 2765 3617 Inserta
2797 3564 2941 3617 sunt
2972 3560 3042 3615 cle

426 3649 555 3719 cit.;
588 3649 877 3725 polemica
919 3653 980 3708 et
1019 3650 1387 3726 apologetica
1418 3650 1703 3710 adversus
1759 3650 1913 3707 cultu
1946 3655 1996 3707 et
2026 3651 2381 3707 venera-tione
2400 3649 2506 3707 SS.
2538 3648 2816 3716 assertio;
2849 3649 2918 3705 de
2948 3648 3040 3704 di-

424 3739 595 3797 Mart.
641 3738 842 3798 Polich
881 3737 954 3797 de
998 3740 1368 3799 Mellerstadt
1411 3734 1703 3821 (1500—
1757 3756 1960 3796 vorum
1987 3740 2358 3812 invocatione,
2388 3738 2457 3796 de
2487 3739 2751 3796 divorum
2785 3738 3040 3813 reliquiis

433 3822 643 3909 1504).
677 3828 1117 3887 Controversiae
1137 3827 1542 3889 infructuosae
1570 3848 1705 3888 cum
1759 3832 1894 3894 etc.;
1930 3827 2278 3886 Consultatio
2309 3827 2673 3904 quadruplex
2691 3844 2870 3902 super
2902 3845 3037 3885 con-

425 3917 817 3976 hoc·medico
862 3917 1039 3976 finem
1090 3917 1437 3994 imposuisse
1468 3920 1706 3977 videtur
1758 3916 2010 3974 sessione
2041 3919 2379 3993 augustana
2424 3916 2797 3991 quorundam
2837 3920 3036 3992 prote-

412 4007 896 4083 ‘archiepiscopus
929 4003 1467 4084 magdeburgensis.
1500 4008 1587 4066 Ea
1617 4008 1704 4066 vi·
1761 4006 2051 4064 stantium
2096 4024 2215 4063 una
2255 4024 2390 4064 cum
2419 4005 2700 4064 Cochlaeo
2725 4003 2792 4081 ²),
2843 4016 3031 4074 15543

425 4098 601 4172 gente
618 4096 857 4171 scripsit
872 4099 1032 4172 praei
1043 4115 1107 4153 er
1121 4096 1232 4154 alia
1251 4098 1296 4153 A
1307 4097 1702 4174 pologeticum

425 4186 486 4242 in
519 4202 565 4245 s.
596 4186 898 4262 theoloyiae
928 4184 1388 4258 defensionem).
1436 4187 1525 4244 De
1554 4187 1702 4244 theo·
1762 4194 1921 4247 stetit
1968 4194 2216 4248 Joannes
2267 4192 2415 4247 Seitz
2487 4193 2701 4247 Seieius
2751 4196 3041 4266 Faginus),

428 4328 434 4332 ¹
654 4291 701 4294 ψ
1206 4293 1209 4296 *
1763 4267 1862 4333 qui
1891 4281 1994 4335 pro
2021 4263 2346 4320 defensione
2386 4283 2429 4317 s.
2457 4267 2481 4317 t
2522 4265 2777 4335 eologiae
2805 4273 2862 4320 et
2886 4269 3037 4321 theo-

506 4340 542 4406 1)
570 4336 757 4406 Hujus
784 4353 875 4405 op.
903 4337 1111 4390 eruditi
1141 4338 1507 4406 conspectum
1536 4336 1705 4407 proli·
1760 4337 1977 4407 logicae
1999 4336 2252 4390 veritatis
2268 4340 2559 4406 apoloqiam
2576 4343 2858 4393 secandam
2875 4339 3039 4394 valde

425 4425 559 4461 xum
588 4407 832 4477 reperies
871 4410 929 4463 in
970 4406 1245 4470 articulis,
1285 4407 1389 4476 qui
1420 4408 1704 4463 habentur
1760 4424 1944 4461 acrem
1971 4407 2213 4478 scripsit.

426 4479 495 4532 de
522 4485 751 4533 auctore
778 4483 969 4535 nostro
998 4481 1236 4548 ejusque
1264 4480 1546 4548 operibus,
1577 4479 1705 4533 Mit-
1840 4483 1877 4550 ι)
1905 4479 1986 4534 Cf.
2015 4477 2342 4532 Hartzheim
2384 4498 2439 4548 p.
2479 4484 2577 4539 232
2621 4478 2731 4534 KL.
2775 4482 2838 4538 V.
2870 4488 3040 4542 1460.

426 4549 720 4603 termiiller
745 4549 1017 4605 Katholik
1044 4554 1200 4607 1869.
1224 4551 1267 4615 I,
1294 4555 1606 4612 641—6822
1634 4552 1701 4615 ΙΙ,
1761 4549 1803 4602 F
1808 4567 2027 4619 oppens
2054 4551 2094 4616 1,
2122 4555 2242 4608 105.

428 4626 630 4678 1—21:
660 4625 936 4694 129—66:
964 4626 1239 4680 257—862
1266 4625 1566 4679 385—404.
1620 4623 1703 4678 cf.
1835 4624 1875 4693 ²)
1904 4621 2046 4675 Cum
2094 4622 2201 4676 hoc
2244 4622 2472 4691 scripsit
2504 4622 2675 4676 etiam
2727 4627 2924 4678 bret-em
2965 4625 3037 4677 ad

426 4695 484 4745 et
507 4691 974 4747 Janssen-Pastor
1002 4693 1174 4758 Vssw,
1199 4698 1321 4749 478.
1760 4691 1989 4763 singula
2042 4694 2257 4763 puncta
2306 4693 2674 4747 confessionis
2725 4698 3039 4764 protestan-

500 4771 541 4832 2)
570 4764 652 4818 cf.
680 4763 749 4817 de
776 4763 882 4818 hac
909 4764 1295 4819 controversia
1320 4765 1442 4818 scil.
1472 4765 1540 4818 de
1566 4765 1705 4818 rela-
1761 4764 1907 4818 tium
1935 4765 2254 4835 principum
2294 4770 2682 4834 responsionem
2725 4767 2881 4834 apud
2909 4766 3039 4820 Coe-

425 4836 580 4890 tione
606 4835 758 4888 inter
783 4835 1000 4905 poesim
1029 4839 1086 4890 et
1112 4834 1453 4906 theologiam
1486 4835 1705 4890 Hefele-
1760 4835 1931 4888 lestin
1959 4835 2210 4890 Historia
2237 4836 2599 4890 comitiorum
2615 4853 2665 4890 a.
2687 4841 2843 4893 1530.
2872 4837 3040 4889 Fran·

428 4907 883 4976 Hergenroether
908 4907 1037 4960 VIII
1065 4917 1091 4973 ξ
1118 4910 1238 4964 896.
1275 4906 1383 4960 Pro
1409 4906 1707 4977 Wimpina
1761 4907 1969 4962 cofurti
1998 4912 2154 4964 1577.
2181 4907 2246 4973 ΙΙ,
2274 4912 2380 4964 234
2407 4925 2492 4974 ss.‚
2534 4908 2582 4960 si
2625 4925 2737 4961 non
2777 4910 2862 4962 est
2887 4908 3039 4961 idem
