3475 5364
214 366 360 420 259
1056 351 1110 411 S.
1138 350 1449 420 Scriptura.
1477 351 1802 421 Stephanus
1829 352 2111 422 Langton.
2760 371 2881 426 270

210 536 402 594 libus
422 537 658 596 Minad
677 546 752 600 12
765 546 846 600 33
864 556 921 595 n.
943 547 1017 600 15
1034 555 1108 595 ss,
1124 538 1304 595 Porro
1316 537 1547 613 Haymo
1605 538 1784 596 rebus
1816 538 2091 616 gerendis
2124 538 2537 598 dexteritatem
2554 539 2778 597 electus
2796 541 2888 598 est

207 627 504 685 natione
538 627 774 704 Anglus
823 630 971 694 erat,
1004 645 1041 683 a
1069 626 1197 686 loco
1247 627 1442 701 patrio
1477 627 1548 686 de
1608 627 1671 685 in
1686 626 1915 685 ordinis
1932 628 2273 686 ministrum
2286 628 2640 705 generalem.
2672 628 2884 687 AGre-

209 714 616 774 Feversham
642 711 1050 796 (Faversham)
1079 716 1547 793 cognominatus.
1604 716 1770 793 gorio
1801 716 1899 773 IX.
1932 735 2067 775 cum
2098 716 2234 775 aliis
2266 717 2614 794 designatus
2635 719 2745 786 est,
2781 716 2885 792 qui

210 802 506 863 Parisiis
540 804 744 862 studia
773 803 1033 863 absolvit
1051 804 1254 879 ibique
1271 804 1392 863 ord.
1406 804 1545 862 Min.
1603 805 1945 864 breviarum
1976 824 2289 864 romanum
2337 806 2732 882 corrigerent:
2783 824 2885 864 cu-

207 898 320 951 est
361 894 883 970 ingressusatque
898 893 1232 969 theologiae
1251 892 1550 968 professor
1597 895 1700 969 jus
1733 895 2118 953 correctionis
2150 894 2381 953 fructus
2412 898 2505 953 est
2536 895 2884 953 Breviarum

209 981 599 1040 institutus.
659 982 730 1040 In
763 1000 836 1040 ss.
870 982 1179 1040 literarum
1212 989 1273 1040 et
1305 982 1548 1058 pietatis
1605 1002 1673 1041 ea
1702 1003 1852 1058 pene
1885 983 2088 1053 forma,
2139 1001 2256 1057 qua
2298 1001 2461 1042 nunc
2504 983 2605 1041 illo
2640 984 2884 1054 utimur,

211 1071 461 1129 studio
525 1071 612 1129 ita
674 1071 945 1147 profecit,
1010 1076 1081 1128 ut
1128 1071 1204 1130 ob
1252 1071 1547 1130 virtutum
1605 1072 1844 1147 illisque
1919 1072 2175 1131 rubricis
2252 1072 2642 1142 illustratum,
2734 1090 2889 1148 quae

210 1160 470 1218 merita
509 1160 879 1236 ,Speculum
912 1159 1282 1218 honestatis‘
1316 1179 1547 1219 nuncu-

213 1253 521 1323 paretur,
556 1253 621 1307 et
652 1249 716 1306 in
749 1249 1073 1308 Aristotele
1101 1249 1186 1307 ita
1204 1252 1331 1307 erat
1349 1268 1544 1308 versa-

213 1342 362 1408 tus,
407 1342 482 1397 ut
515 1359 550 1395 a
585 1338 933 1396 Lelando
964 1355 1008 1395 c.
1047 1347 1169 1401 266
1211 1338 1371 1396 inter
1403 1339 1549 1397 aris-

214 1426 530 1486 totelicos
546 1426 786 1485 dicatur
806 1464 835 1493 ,
847 1426 1363 1486 aristotelissimus
1380 1435 1426 1485 ‘.
1461 1428 1550 1486 Ob

217 1516 567 1585 virtulem,
587 1515 970 1590 prudentiam
1000 1519 1062 1573 et
1090 1516 1450 1592 singularem
1486 1516 1550 1574 in

1606 1162 1838 1238 (auctae
1896 1155 2123 1243 tamen)
2181 1161 2374 1220 adhuc
2444 1165 2586 1220 sunt
2645 1160 2710 1219 in
2771 1180 2888 1220 usu

1605 1246 1667 1331 (†
1712 1246 1916 1331 1244).
1981 1249 2232 1325 Scripsit
2292 1251 2473 1308 etiam
2535 1267 2716 1326 super
2763 1270 2887 1308 ma-

1606 1430 1833 1500 mis-iae,
1871 1428 2263 1487 Salmanticae
2305 1438 2418 1491 151
2439 1439 2463 1491 l
2490 1447 2504 1498 3
2538 1431 2600 1487 et
2630 1428 2695 1486 in
2715 1427 2830 1486 fine
2848 1429 2886 1485 l.

1608 1518 1957 1576 Famile'aris
2000 1519 2357 1593 clericorum,
2400 1517 2663 1575 Venetiis
2703 1526 2887 1579 1561.

398 1813 508 1909 lI.
579 1812 1146 1933 Disciplinae
1212 1812 1326 1910 ad
1391 1840 1503 1911 ss.
1573 1812 2150 1934 Scripturam
2227 1817 2765 1933 spectantes,
2814 1920 2815 1923 Ὺ

345 2060 498 2112 151.
534 2048 873 2125 Stephanus
905 2048 1256 2124 Langton
1289 2044 1550 2130 (Longo-

229 2136 487 2217 dunus)
525 2137 685 2195 haud
707 2137 958 2215 ignobili
991 2136 1265 2212 prosapia
1295 2155 1548 2214 progna-

231 2231 348 2286 tus
381 2226 756 2301 theologiam
791 2226 1036 2284 Parisiis
1079 2225 1283 2284 docuit
1326 2227 1550 2285 factus-

1609 2049 1700 2108 Ab
1733 2050 2079 2110 Innocentio
2112 2053 2214 2110 ΙΙΙ.
2267 2070 2375 2110 suo
2425 2050 2721 2126 quondam
2754 2068 2891 2109 con-

1609 2138 1904 2213 discipulo
1950 2144 2011 2197 et
2050 2142 2237 2200 amico
2270 2140 2512 2200 Romam
2544 2139 2767 2197 accitus
2801 2142 2892 2197 est

1608 2228 1684 2286 ob
1747 2246 1912 2285 suam
1978 2229 2389 2297 eruditionem,
2454 2228 2777 2286 doctrinam
2829 2232 2893 2287 et

1606 1340 1862 1417 gistrum
1895 1340 2353 1397 sententiarum:
2417 1341 2486 1396 de
2514 1341 2889 1397 caeremoniis
2969 1331 2979 1340 ’

236 2335 367 2389 que
399 2320 506 2374 est
537 2315 708 2373 illius
726 2314 1051 2374 academiae
1083 2315 1468 2374 cancellarius
1484 2309 1549 2396 1).

328 2493 366 2555 ¹)
396 2485 699 2550 Quosdam
724 2484 1096 2548 nominemus,
1126 2501 1371 2552 quorum
1399 2484 1551 2538 labo-

237 2575 336 2611 res
415 2557 484 2610 in
549 2574 595 2609 s.
658 2554 1012 2623 Scripturam
1074 2558 1410 2610 manserunt
1468 2555 1551 2607 in-

238 2629 413 2682 editi.
433 2628 724 2681 Robertus
752 2625 795 2678 B
812 2642 846 2678 a
862 2643 892 2678 c
908 2644 939 2680 o
958 2643 995 2677 n
1021 2626 1256 2698 (Bacun)
1276 2627 1336 2682 O.
1354 2626 1552 2679 Praed.

241 2702 368 2754 fuit
419 2717 582 2753 uuus
634 2715 698 2751 ex
750 2697 967 2767 primis,
1029 2699 1131 2766 qui
1181 2698 1402 2761 Oxonii,
1453 2699 1551 2752 ubi

386 2789 458 2824 ns
499 2771 561 2824 in
605 2769 894 2839 theologia
930 2772 1068 2833 erat,
1107 2770 1242 2824 huic
1282 2770 1468 2824 ordini
1494 2786 1553 2823 se

242 2842 606 2896 addixerint.
646 2840 916 2894 Pluribus
941 2840 1127 2894 adhuc
1151 2841 1318 2894 annis
1345 2858 1553 2911 magna

245 2915 512 2968 nominis
565 2913 721 2965 fama
772 2911 972 2965 docuit
1014 2911 1073 2965 in
1116 2912 1222 2965 hac
1259 2911 1553 2966 academia

245 2993 294 3054 (1-
323 2990 496 3046 12481
525 2983 745 3037 relictis
770 2982 971 3052 glossis
996 2983 1059 3036 in
1086 2983 1280 3051 plures
1306 3000 1346 3039 s.
1369 2981 1553 3053 Scrip-

243 3059 419 3110 turae
488 3056 670 3109 libros
721 3057 825 3108 etc.
916 3055 998 3110 Cf.
1061 3053 1261 3119 Quetif
1316 3059 1367 3118 1,
1430 3060 1552 3112 118.

246 3127 501 3199 Scripsit
543 3133 708 3180 vitam
752 3145 795 3180 s.
822 3128 1102 3180 Edmundi
1141 3125 1389 3195 archiep.
1425 3143 1553 3179 can·

245 3199 571 3253 tuariensis
600 3206 645 3261 st
674 3201 853 3268 1240),
879 3197 1042 3266 cujus
1068 3200 1192 3251 erat
1217 3197 1551 3266 discipulus,

245 3270 467 3324 deinde
494 3274 556 3323 et
582 3267 898 3330 familiaris,
921 3285 1094 3337 quarn
1115 3268 1342 3322 exhibet
1375 3267 1441 3320 W
1463 3269 1554 3321 al-

241 3345 415 3398 lace
458 3340 586 3394 Life
629 3339 694 3392 of
712 3357 754 3394 s.
784 3338 1069 3404 Edmund,
1111 3339 1354 3393 Londini
1396 3343 1553 3396 1893.

1609 2316 1905 2375 virtutum
1927 2318 2298 2394 splendorem
2322 2324 2383 2376 et
2411 2317 2606 2376 dictus
2622 2316 2889 2375 cardina·

1608 2405 1701 2463 lis.
1737 2406 1881 2464 Cum
1915 2406 2156 2465 dissidia
2174 2411 2305 2465 orta
2323 2408 2522 2464 essent
2551 2406 2706 2464 circa
2736 2406 2889 2464 elec·

1608 2495 1832 2555 tionem
1850 2495 2270 2571 archiepiscopi
2292 2495 2720 2561 cantuarensis,
2743 2512 2893 2569 pon-

1607 2583 1753 2641 tifex
1785 2586 1955 2642 motu
1975 2584 2212 2661 proprio
2234 2585 2598 2659 Stephanum
2618 2587 2893 2642 nostrum

1609 2672 1945 2750 designavit
1974 2675 2309 2749 praesulem
2340 2674 2505 2733 illius
2537 2673 2695 2732 sedis
2727 2692 2893 2731 eum-

1609 2782 1725 2838 que
1761 2782 1810 2820 a.
1856 2772 2015 2826 1207
2053 2764 2453 2822 consecravit:
2505 2782 2706 2839 regem
2756 2781 2893 2822 vero

1608 2853 1911 2911 nolentem
1931 2870 2068 2910 eum
2090 2856 2395 2928 acceptare
2415 2852 2718 2911 interdicti
2757 2869 2891 2909 cen-

1611 2959 1752 2999 sura
1782 2941 1855 2999 ad
1888 2941 2351 3017 acceptationem
2384 2941 2592 3017 coegit.
2644 2940 2895 2999 Nonnisi

1611 3049 1659 3086 a.
1703 3038 1865 3092 1213
1903 3029 2098 3088 sedem
2147 3048 2315 3088 suam
2353 3030 2689 3104 Stephanus
2729 3029 2892 3087 adire

1611 3118 1827 3194 potuit
1880 3119 2052 3177 Anno
2094 3127 2257 3181 1222
2294 3118 2587 3195 synodum
2620 3117 2892 3177 nationa-

1613 3208 1722 3266 lem
1755 3207 1953 3266 tenuit
1998 3227 2104 3283 pro
2147 3207 2536 3266 restauranda
2580 3206 2896 3282 disciplina

1611 3297 2009 3355 ecclesiastica
2040 3301 2101 3355 et
2136 3297 2458 3366 claustrali,
2484 3296 2575 3380 'in
2605 3315 2727 3371 qua
2757 3313 2893 3354 con·

247 3413 531 3466 „Multa
560 3410 800 3479 renquit
826 3410 1417 3480 ThomasWright
1441 3413 1553 3463 An,
1611 3385 1725 3444 diti
1778 3404 2027 3444 canones
2063 3396 2141 3450 49
2198 3383 2483 3466 (wilkins
2530 3384 2698 3443 Conc.
2744 3384 2892 3484 Brit:

245 3485 388 3556 glus
416 3488 484 3538 υ.
512 3501 587 3536 ss.
628 3482 783 3536 Trin.
821 3481 884 3536 in
923 3482 1216 3536 academia
1253 3481 1554 3553 parisiensi
1611 3478 1652 3533 t.
1687 3470 1777 3554 1.).
1843 3474 2109 3533 Decessit
2156 3485 2210 3537 6.
2258 3475 2380 3533 Jul.
2425 3483 2606 3536 1228.
2670 3472 2893 3542 Quanti

246 3555 586 3625 th201085²²e
622 3554 839 3616 doctor,
879 3554 952 3606 ab
991 3553 1325 3608 1¹1¹10001150
1368 3553 1463 3610 IV·
1501 3571 1553 3608 ἢ·
1612 3564 1780 3622 fieret
1799 3565 1994 3638 liquet
2016 3583 2086 3622 ex
2114 3583 2203 3639 ep.
2244 3573 2380 3625 170.
2412 3561 2661 3621 Honorii
2688 3562 2789 3619 111.
2821 3561 2894 3617 ad

249 3632 394 3684 1244
423 3628 653 3680 creatus
680 3623 986 3678 cardina-lis
1007 3628 1063 3677 et
1095 3624 1554 3694 archiepiscopus

249 3697 578 3751 tuamensis
621 3697 686 3748 in
731 3695 1003 3749 Hibernia
1049 3699 1096 3766 (†
1122 3701 1171 3752 1.
1199 3695 1348 3752 Nov.
1374 3699 1554 3767 1249),

1611 3672 1746 3711 eum
1808 3662 1900 3715 16.
1951 3653 2084 3711 Jan.
2143 3661 2330 3720 1224,
2381 3651 2445 3708 in
2495 3669 2613 3724 qua
2656 3649 2892 3707 scribit:

247 3771 373 3825 scil.
415 3770 476 3822 in
526 3767 787 3822 Psalmos
830 3767 892 3820 ll.
931 3773 984 3824 9.
1025 3767 1087 3819 in
1131 3784 1159 3820 e
1206 3809 1219 3823 .
1265 3768 1337 3820 ad
1383 3767 1552 3821 Hebr.
1614 3741 1773 3810 »Qui
1804 3742 1963 3800 inter
1995 3753 2218 3800 eeteros
2262 3758 2370 3817 per
2414 3738 2612 3799 orbem
2648 3738 2895 3796 scientia

249 3842 312 3897 n.
353 3847 422 3898 9:
467 3841 532 3893 in
577 3840 918 3963 Μιιῖιὲξτυω
960 3839 1111 3893 Sent.
1150 3840 1172 3892 l
1252 3843 1316 3897 9;
1362 3838 1431 3892 de
1470 3838 1554 3892 in·
1611 3831 1909 3907 praeditos
1960 3829 2246 3888 eminenti
2291 3829 2606 3887 literatura
2654 3830 2715 3886 et
2760 3846 2893 3903 pro-

249 3911 592 3966 carnatione
634 3909 678 3964 C

249 4017 318 4026 —
365 3983 754 4038 Guericus
805 3980 875 4034 de
923 3998 965 4033 s.
1012 3978 1287 4045 Quintino
1334 3980 1552 4045 Gallus,

251 4053 351 4123 qui
371 4056 501 4124 jam
546 4055 734 4107 aetate
776 4054 1035 4106 maturus
1076 4068 1142 4106 ac
1181 4052 1450 4106 emeritus
1492 4052 1554 4105 in

802 3909 850 3962 ti
888 3913 1086 3963 contra
1126 3909 1410 3964 Hebraeos
1447 3912 1553 3966 e¹³0·
1611 3919 1904 3978 sundioris
1952 3918 2369 3995 praerogativa
2418 3917 2716 3976 doctrinae
2765 3935 2893 3976 cor·

1609 4026 1829 4067 ruscas.
1848 4016 1875 4045 ‘
1897 4008 2087 4066 Multa
2107 4007 2364 4083 scripsit,
2386 4010 2457 4064 ut
2475 4005 2898 4065 commentaria

249 4125 558 4196 parisiensi
599 4124 879 4177 facultate
919 4122 1318 4193 philosophiae
1344 4124 1553 4193 profes.
1610 4100 1672 4156 et
1701 4097 2067 4173 tropologias
2114 4096 2240 4155 sive
2284 4096 2534 4154 moralia
2584 4095 2647 4153 in
2696 4098 2894 4154 totum

249 4215 359 4258 sor,
389 4195 693 4250 facultatis
734 4193 909 4248 etiam
952 4195 1201 4249 medicae
1229 4194 1442 4258 doctor,
1470 4211 1554 4249 or·

249 4269 444 4323 dinem
468 4286 514 4324 s.
538 4267 705 4322 Dom.
733 4266 1093 4335 amplexatus
1119 4269 1206 4319 est
1232 4271 1370 4322 1225
1398 4269 1457 4319 et
1480 4266 1552 4319 ad
1610 4266 1827 4330 Bleves,
1864 4265 2153 4338 Blaviaus)
2198 4267 2260 4321 Ο.
2287 4265 2485 4319 Praed.
2528 4264 2895 4345 Burgundus‚

250 4339 569 4420 magisterii
592 4337 844 4420 gradum
874 4339 1167 4418 promotus
1193 4336 1554 4419 diugymna-

250 4411 400 4465 sium
429 4409 652 4465 ordinis
679 4409 755 4462 ib.
783 4411 946 4472 rexit,
987 4408 1350 4475 aliquamdiu
1377 4411 1551 4462 etiam

250 4482 407 4552 apud
461 4498 601 4536 suos
648 4480 942 4534 Bononiae
987 4497 1029 4532 s.
1074 4480 1271 4533 literas
1322 4480 1551 4550 publice

1608 4340 1676 4390 ut
1725 4337 1967 4402 videtur,
2020 4338 2366 4402 senonensis,
2411 4335 2737 4405 parisiensis
2781 4351 2894 4387 ma·

1647 4408 1789 4462 ister
1830 4412 1890 4463 et
1913 4426 1983 4466 ss.
2030 4408 2327 4463 literarum
2372 4408 2669 4475 interpres,
2698 4421 2895 4460 censor

1649 4480 1941 4550 esignatus
1987 4497 2115 4534 cum
2161 4479 2292 4533 aliis
2337 4479 2614 4532 librorum
2652 4476 2895 4529 thalmu-

250 4553 672 4625 interpretatus
726 4552 814 4604 est
861 4553 909 4622 (†
960 4567 1006 4604 c.
1057 4554 1238 4623 1245).
1312 4551 1553 4632 Scripsit
1608 4550 2003 4619 dicorum‚qui
2028 4550 2431 4605 deferebantur
2451 4548 2895 4616 tamquanidoc·

252 4623 672 4680 commentaria
716 4621 781 4675 in
809 4621 1131 4684 Proverbia,
1172 4622 1399 4676 cantica
1423 4640 1483 4675 in
1513 4622 1550 4676 l.

1610 4623 1790 4675 trinas
1817 4623 2118 4692 pestiferas
2161 4621 2534 4684 continentes,
2566 4619 2894 4672 lnnocentio

252 4695 597 4766 Sapientiae,
627 4692 1088 4747 Ecclesiasticum
1115 4693 1198 4764 (in
1213 4693 1317 4748 hos
1333 4693 1476 4747 duos
1494 4693 1552 4746 ll.
1608 4695 1721 4756 IV„
1749 4694 1886 4748 dum
1914 4693 2183 4763 Lugduni
2208 4693 2453 4772 degeret,
2481 4690 2812 4759 capellanus
2839 4693 2897 4742 et

255 4768 515 4822 nonnihil
543 4764 769 4835 dubia),
796 4764 1057 4834 postillas
1081 4781 1254 4833 super
1279 4763 1552 4834 epistolas
1607 4765 1680 4819 ab
1696 4781 1763 4819 eo
1777 4765 1838 4818 in
1856 4765 2134 4819 familiam
2154 4764 2403 4817 adscitus
2420 4773 2464 4826 st
2480 4767 2565 4819 16.
2582 4761 2699 4815 Jul.
2718 4766 2894 4826 1250),

255 4838 431 4894 Pauli.
458 4839 547 4894 Cf.
576 4836 787 4902 Quetif
806 4838 849 4898 1,
877 4840 997 4892 113.
1024 4868 1090 4875 -
1119 4836 1166 4888 G
1184 4853 1273 4889 au
1290 4837 1319 4888 f
1327 4854 1355 4889 r
1372 4836 1454 4890 ed
1471 4853 1510 4888 u
1527 4852 1552 4888 s
1607 4836 1848 4904 reliquit
1892 4835 2155 4904 postillas
2196 4834 2258 4888 in
2304 4835 2550 4904 psalmos
2595 4835 2652 4886 et
2702 4849 2895 4885 omnes

255 4911 319 4964 de
345 4909 607 4965 Blevello
656 4906 960 4978 (Blavello,
1001 4909 1301 4963 vernacule
1325 4906 1552 4971 Blevex,
1608 4925 1652 4961 s.
1680 4907 1844 4961 Pauli
1870 4907 2160 4976 epistolas.
2214 4906 2296 4960 Cf.
2324 4904 2523 4970 Quetif
2546 4905 2586 4968 1,
2614 4908 2736 4960 127.
