3475 5364
183 362 294 415 381
1190 342 1249 398 Β.
1278 343 1547 397 Albertus
1573 341 1836 412 Magnus.
2694 360 2817 413 332

183 532 354 607 cipua
418 529 702 605 ejusdem
764 548 940 607 opera
995 534 1140 591 sunt
1154 525 1200 609 ¹)
1263 528 1485 604 prolixa
1538 527 1816 604 Friburgi
1846 536 2026 590 1904.
2049 526 2278 586 Inedita
2297 532 2642 585 manserunt
2663 546 2817 585 com·

186 619 624 678 commentaria
654 638 762 677 sen
790 618 995 694 potius
1013 618 1399 695 paraphrases
1420 619 1484 675 in
1538 620 1832 675 mmtaria
1894 616 1957 675 in
2001 615 2242 675 Cantica
2301 616 2696 686 canticorum,
2758 617 2823 674 in

190 709 524 768 Aristotelis
557 726 741 784 opera
771 708 894 766 fere
925 707 1155 777 omnia3
1188 724 1483 765 commen·
1539 700 1820 781 epistolas
1873 724 1918 763 s.
1970 705 2144 763 Pauli
2206 702 2472 786 (excepta
2532 703 2684 764 forte
2748 706 2822 764 ad
2936 720 2941 725 ·

188 799 332 855 taria
366 800 429 855 in
462 815 655 870 opera
686 797 958 872 Dionysii
976 793 1391 873 Areopaqitae,
1422 797 1485 853 in
1541 795 1850 863 Romanoa,
1885 795 2057 869 cujus
2089 794 2379 870 expositio
2402 797 2700 869 comparet
2731 795 2822 852 in·

196 887 233 947 4
258 884 320 950 ll.
350 888 789 946 sententiarum
823 883 1114 968 (Basileae
1153 880 1377 965 1506);
1420 884 1486 942 in
1539 886 1633 942 ter
1663 902 1840 960 opera
1871 883 2142 960 Hugonis
2190 903 2224 941 a
2270 902 2313 942 s.
2349 879 2536 963 Caro),
2586 884 2649 941 in
2680 884 2718 941 l.
2745 882 2824 941 de

194 997 232 1033 s.
264 976 663 1052 scripturam,
700 976 825 1034 scil.
862 974 928 1055 (t.
969 985 1000 1037 5
1036 975 1101 1033 in
1132 970 1199 1055 f.)
1234 973 1298 1032 in
1317 973 1483 1031 Psal-
1538 972 1758 1032 divinis
1804 972 2146 1031 nominibus
2178 972 2448 1048 Dionysii
2489 975 2700 1048 Areop.
2735 1005 2824 1016 -—-

194 1084 323 1140 mos,
362 1066 659 1138 Tkr'enoS,
692 1065 1010 1140 Danielem,
1038 1063 1355 1139 prophetas
1373 1063 1481 1120 mi·
1540 1063 1787 1121 Summa
1819 1062 2144 1139 theoloqiae,
2175 1061 2441 1120 Basileae
2471 1072 2655 1129 1507,
2679 1061 2823 1120 ulti-

200 1170 356 1212 nores
386 1151 706 1229 (Coloniae
748 1150 960 1234 1536),
995 1161 1248 1229 quatuor
1286 1152 1483 1211 Evan·
1539 1171 1706 1210 mum
1737 1152 1889 1210 forte
1910 1150 2176 1225 ejusdem
2197 1168 2370 1225 opus,
2392 1155 2669 1226 coeptum
2689 1154 2826 1227 post

196 1244 334 1320 gulia
385 1242 807 1323 (Hagenoviae
860 1252 1026 1305 1504
1079 1246 1121 1301 t.
1159 1251 1194 1304 3
1229 1241 1294 1299 in
1325 1236 1391 1322 f.)
1425 1244 1486 1299 et
1541 1240 1840 1298 Summam
1895 1259 1936 1297 e.
1987 1240 2257 1307 Thomae‚
2311 1259 2488 1314 quam
2541 1236 2823 1314 quadam-

204 1334 608 1411 Apocalypst'n
642 1330 934 1413 (Basileae
964 1341 1128 1394 1506
1163 1327 1390 1411 dubia),
1414 1330 1485 1388 de
1539 1337 1716 1388 tenus
1748 1330 2021 1405 complet,
2058 1329 2161 1387 sed
2193 1329 2652 1403 incompletum:
2687 1347 2825 1386 nam

201 1422 408 1497 quibus
442 1421 536 1479 ita
569 1424 773 1479 censet
793 1420 1068 1495 Cornely;
1105 1420 1217 1488 ,In
1233 1418 1485 1477 Psalmis
1540 1438 1608 1477 ex
1643 1428 1680 1480 4
1716 1438 1832 1495 pp„
1878 1419 1942 1476 in
1974 1418 2195 1494 quibus
2239 1418 2403 1476 illam
2436 1417 2825 1475 distribuerat

205 1509 568 1586 explicandis
602 1528 821 1585 parum
853 1509 925 1569 ad
947 1509 1257 1567 historiam
1289 1512 1484 1566 atten·
1540 1526 1812 1583 quaeque
1825 1508 2177 1584 respondere
2192 1506 2487 1566 debebant
2521 1517 2557 1568 4
2590 1509 2825 1565 senten·

202 1598 286 1656 dit
314 1600 639 1674 omniaque
669 1601 778 1657 aut
808 1598 1120 1675 allegorice
1150 1597 1222 1656 de
1254 1596 1486 1657 Christo
1540 1599 1768 1655 tiarum
1814 1597 1983 1656 libris
2015 1595 2351 1663 Lombardi,
2415 1607 2461 1657 l.
2494 1599 2734 1655 tantum
2767 1599 2827 1653 et

210 1693 306 1746 ant
332 1688 706 1765 tropologice
737 1687 1020 1763 explicat3
1069 1687 1131 1745 in
1161 1685 1485 1763 pr0phetis,
1545 1695 1600 1746 2.
1632 1706 1689 1762 p.
1722 1686 2064 1744 elaboravit.
2097 1719 2184 1729 —-
2217 1686 2460 1744 Summa
2504 1686 2573 1743 de
2602 1691 2825 1743 creatu-

208 1776 310 1834 etsi
341 1777 667 1853 allegorias
700 1779 761 1834 et
780 1777 1030 1835 morales
1063 1776 1489 1852 applicationes
1542 1778 1629 1833 ris
1660 1775 1858 1833 divisa
1877 1774 1940 1833 in
1960 1774 2108 1833 duas
2129 1794 2245 1851 pp.,
2282 1792 2532 1849 quarum
2561 1785 2612 1836 1.
2633 1778 2726 1832 est
2755 1773 2826 1831 de

216 1866 346 1924 satis
419 1866 775 1941 frequentes
836 1865 1058 1925 afferat.
1136 1863 1487 1941 diligentius
1543 1867 1804 1939 quatuor
1863 1863 2095 1922 coaevis
2149 1864 2270 1922 scil.
2324 1863 2570 1921 materia
2614 1862 2825 1939 prima,

210 1962 395 2012 tamen
426 1955 642 2013 literae
674 1955 972 2022 inhaeret;
1022 1954 1086 2011 in
1134 1953 1485 2030 Evangelio·
1542 1957 1824 2029 tempore,
1860 1954 2019 2011 coelo
2039 1957 2100 2011 et
2121 1952 2363 2029 angelo;
2401 1962 2459 2015 2.
2479 1951 2552 2009 de
2573 1951 2824 2010 homine.

214 2062 335 2101 rum
364 2043 613 2101 demum
647 2043 1035 2119 explicatione
1057 2042 1253 2101 nescio
1275 2061 1350 2100 an
1370 2060 1490 2100 non
1549 2042 1809 2100 Venetiis
1851 2052 2048 2110 14983
2103 2052 2287 2109 1519,
2341 2042 2532 2117 magis
2564 2040 2826 2116 philoso-

219 2133 468 2191 meliores
501 2134 867 2208 interpretes
889 2132 1260 2207 aequaverit;
1293 2131 1491 2190 omnia
1546 2131 1720 2206 phica
1752 2135 1845 2190 est
1876 2151 2051 2207 quam
2069 2131 2417 2207 theologica.
2451 2161 2537 2171 --
2573 2129 2826 2188 Mariale

214 2225 273 2278 et
300 2222 535 2297 singula
566 2221 862 2280 vocabula
894 2220 1215 2296 diligenter
1246 2220 1487 2287 excutit,
1546 2221 1668 2278 sive
1700 2238 1798 2295 qq.
1825 2229 1949 2283 230
1985 2219 2165 2295 super
2185 2220 2286 2278 Ev.
2324 2219 2541 2278 Missus
2571 2226 2673 2291 est,
2706 2218 2826 2277 Me-

221 2310 284 2367 ad
311 2329 523 2368 nexum
571 2312 850 2369 accurate
895 2308 1171 2377 attendit,
1220 2309 1493 2386 dogmata
1546 2308 1770 2368 diolani
1811 2319 2012 2378 14893
2045 2309 2317 2368 Coloniae
2358 2317 2541 2370 1507.
2577 2307 2666 2365 De
2697 2308 2824 2365 lau·

220 2399 507 2457 subtiliter
540 2400 737 2469 eruit;
770 2399 869 2457 sed
898 2398 1050 2457 forte
1071 2398 1247 2456 nimis
1280 2397 1492 2455 diffuse
1546 2398 1715 2456 dibus
1764 2398 1811 2456 b.
1863 2397 2115 2475 Vir-yinis
2163 2398 2225 2456 11.
2284 2407 2376 2466 12,
2430 2415 2537 2455 seu
2583 2396 2829 2455 Mariale

225 2488 515 2563 aliquoties
555 2489 633 2547 ab
680 2488 1111 2547 haereticorum
1144 2486 1490 2562 objectioni·
1548 2481 1983 2570 (suppositum)
2019 2487 2266 2562 plenum
2283 2485 2604 2563 allegoriiS,
2634 2493 2830 2548 1493:

223 2576 324 2634 bus
354 2576 453 2635 illa
472 2577 762 2647 vindicat,
796 2580 870 2635 ut
889 2575 1205 2653 dogmatici
1227 2575 1491 2652 theologi
1548 2581 1608 2634 et
1639 2576 1909 2636 Coloniae
1942 2594 1984 2634 s.
2020 2595 2068 2633 a.
2099 2585 2301 2646 1509;
2334 2574 2696 2652 Argentinae
2717 2574 2829 2632 sub

229 2666 407 2740 potius
455 2685 639 2742 quam
687 2665 1033 2741 interpretis
1076 2669 1273 2741 partes
1319 2684 1493 2742 agere
1547 2664 1785 2725 nomine
1848 2665 2081 2725 Richa
2100 2664 2220 2725 rdi
2297 2685 2332 2723 a
2401 2682 2445 2723 s.
2509 2662 2830 2722 Laurentio

236 2752 545 2838 videatur2)
562 2764 610 2814 ⁸.
646 2756 879 2815 Nostris
911 2755 1124 2814 diebus
1145 2755 1495 2832 prodierunt
1548 2755 1993 2830 poenitentiarii
2023 2753 2453 2830 rotomagensis
2494 2754 2574 2826 (fi.
2618 2749 2827 2832 1245).

230 2845 616 2904 commentarii
646 2847 712 2903 in
743 2844 856 2903 ,1οὸ
888 2863 1012 2906 cur.
1043 2844 1247 2903 Melch.
1282 2844 1491 2913 Weiss,
1548 2845 1736 2903 Duaci
1777 2853 1939 2907 1625
1975 2844 2039 2901 in
2076 2855 2129 2905 4.
2163 2843 2250 2902 ed.
2296 2862 2445 2912 rara,
2493 2843 2589 2902 cui
2620 2862 2654 2900 a
2685 2842 2829 2900 viris

306 3053 334 3118 ¹)
359 3050 433 3102 Cf.
462 3050 669 3113 Quetit’
692 3051 731 3113 Ι,
760 3053 1056 3106 162-183.
1103 3048 1205 3118 qui
1232 3052 1494 3103 accurate

241 3119 439 3186 singula
464 3137 782 3189 eorumque
823 3121 982 3175 codd.
1028 3125 1086 3174 et
1110 3120 1389 3174 editiones
1414 3138 1493 3173 re-

243 3195 417 3254 censet,
436 3192 644 3245 omissa
670 3195 730 3246 ct
756 3191 1005 3250 inedita;
1032 3194 1196 3246 Feret
1226 3192 1290 3254 11,
1315 3198 1489 3247 421—

244 3265 294 3315 41
314 3283 324 3314 ;
348 3262 505 3315 Ehrle
521 3264 663 3318 Stim
672 3281 803 3317 men
818 3280 922 3317 aus
939 3263 1119 3316 Maria
1135 3262 1319 3316 Laach
1339 3269 1493 3322 1880.

245 3329 364 3404 XIX,
386 3339 629 3390 241—58
657 3338 718 3387 ct
742 3339 1041 3391 395—414.
1080 3335 1182 3402 qui
1210 3352 1264 3403 p.
1292 3339 1394 3390 247
1426 3334 1494 3387 de

246 3418 299 3454 eo
316 3407 490 3458 notat:
516 3405 646 3459 Wir
672 3405 863 3459 haben
889 3405 990 3459 das
1008 3405 1495 3475 Hauptverdienst

248 3473 441 3528 Alberts
483 3476 651 3531 darin
696 3495 768 3530 zu
807 3478 1034 3542 sochen,
1080 3477 1185 3529 dass
1212 3491 1295 3530 er
1315 3477 1495 3530 durch

250 3544 377 3598 seine
411 3551 573 3617 grosse
601 3548 851 3616 Encyclo
895 3547 1022 3602 adie
1066 3548 1158 3601 die
1185 3551 1496 3617 gesammte

254 3630 370 3669 neue
382 3617 660 3673 Literatur
685 3620 750 3674 in
778 3621 841 3674 be
885 3620 1095 3673 entend
1124 3619 1497 3673 bereicherter

254 3687 347 3739 und
373 3691 737 3745 verbeeserter
774 3693 939 3745 Form
982 3691 1092 3744 den
1128 3690 1496 3744 christlichen

256 3753 463 3813 Schulen
502 3762 681 3816 leicht
724 3762 1069 3832 zuganglich
1114 3762 1335 3815 machte
1377 3761 1496 3816 und

259 3826 407 3883 durch
430 3835 551 3886 eine
577 3850 690 3887 von
728 3833 840 3886 den
867 3835 1347 3887 Glaubenssatzen
1374 3850 1499 3887 aus·

255 3899 474 3965 gehende
491 3904 680 3958 Kritik
694 3904 990 3958 derselben
1006 3904 1249 3974 jegliche
1267 3902 1498 3957 Gef'ahr-

258 3966 389 4050 dung
428 3974 520 4027 der
557 3975 924 4029 christlichen
965 3976 1140 4030 Lehre
1182 3975 1497 4056 beseitigte.

268 4037 325 4091 ht
382 4050 539 4102 ‚2522
589 4047 838 4102 Thomas
865 4064 976 4101 von
1006 4046 1200 4115 Aquin
1227 4046 1368 4099 wird
1396 4047 1497 4099 ihn

254 4125 319 4162 an
374 4115 647 4171 charfsinn
676 4118 795 4172 und
827 4117 1109 4172 Pracision
1138 4118 1497 4183 fibertreffen,

265 4196 323 4233 an
344 4184 567 4258 llmfang
592 4191 691 4243 des
719 4189 1248 4254 Quellenstudiums
1275 4189 1380 4242 hat
1406 4188 1499 4241 Al·

266 4249 365 4305 bert
376 4257 519 4312 nicht
529 4260 983 4329 Seineagleichen
997 4269 1165 4329 (quae
1177 4262 1314 4313 sunt
1328 4261 1501 4314 verba

268 4321 555 4398 Haneberg).

328 4399 359 4464 ²)
383 4398 573 4455 lutrod.
611 4420 742 4483 gen.
783 4403 915 4457 diss.
942 4407 975 4460 3
1002 4421 1043 4457 s,
1070 4408 1119 4458 2.
1148 4420 1191 4457 e.
1218 4407 1254 4459 4
1281 4421 1334 4457 n.
1362 4379 1499 4460 248¹:

1548 2933 1769 2991 criticis
1803 2933 2154 2992 vindicatur.
2188 2966 2277 2977 --
2308 2932 2506 2991 Biblia
2536 2933 2830 3000 mariana,

1548 3023 1609 3081 in
1643 3022 1866 3096 quibus
1898 3022 2090 3080 multa
2119 3039 2189 3079 ex
2222 3039 2266 3079 s.
2302 3021 2610 3098 Scriptura
2627 3020 2682 3078 b.
2703 3019 2833 3078 Vir·

1549 3112 1675 3187 gini
1710 3110 2103 3187 applicantur,
2151 3110 2424 3169 Coloniae
2468 3118 2627 3172 1625
2678 3109 2742 3167 in
2778 3119 2832 3173 8.

1551 3197 1748 3281 (valde
1767 3195 1992 3281 dubia).
2007 3199 2325 3275 Speculum
2349 3201 2409 3257 in
2428 3199 2830 3257 salutationem

1549 3291 1864 3365 anqelicam
1896 3293 1986 3347 est
2008 3289 2200 3347 adhuc
2220 3287 2541 3346 ineditum:
2575 3286 2732 3345 idem
2768 3305 2833 3347 ac

1550 3378 1973 3453 Compendium
2020 3395 2202 3453 super
2237 3379 2360 3436 Ave
2392 3376 2592 3436 Maria.
2633 3408 2708 3419 —-
2745 3377 2834 3434 De

1550 3469 1819 3543 mysterio
1837 3469 2064 3525 ‚nissae
2099 3466 2133 3522 l.
2171 3465 2736 3542 mystico-asceticus
2751 3461 2798 3547 ¹)
2820 3486 2833 3534 ;

1630 3627 1664 3676 ¹)
1694 3619 1813 3672 Hoc
1856 3637 1999 3689 opus
2040 3617 2273 3670 Franz
2313 3616 2415 3670 Die
2457 3617 2634 3671 Messe
2674 3617 2753 3669 im
2780 3616 2833 3670 d.

1554 3690 1678 3745 MA.
1728 3689 1884 3743 haud
1937 3707 2139 3758 parum
2192 3688 2394 3743 laudat
2440 3705 2496 3758 p.
2533 3692 2835 3750 466-472,

1552 3762 1737 3830 deque
1778 3775 1843 3816 eo
1886 3761 2119 3814 statuit:
2173 3759 2234 3812 ln
2279 3760 2378 3813 der
2407 3759 2835 3814 methodischen

1556 3833 1950 3890 Behandluno,
1977 3832 2036 3884 in
2064 3832 2164 3884 der
2188 3831 2470 3902 geistigen
2493 3829 2836 3883 Durchdrin-

1553 3922 1714 3975 gung
1762 3904 1860 3957 des
1898 3878 2107 3958 e§toffea
2157 3903 2274 3955 und
2321 3902 2381 3956 in
2426 3903 2525 3955 der
2551 3902 2709 3956 Tiefe
2736 3901 2837 3955 der

1555 3977 1910 4045 Auffassung
1949 3978 2080 4043 ragt
2117 3991 2176 4027 es
2203 3976 2340 4028 tiber
2366 3973 2458 4027 die
2486 3973 2836 4043 Leistungen

1554 4047 1653 4099 der
1680 4047 1948 4100 friiheren
1977 4045 2252 4108 Erkliirer,
2296 4044 2440 4099 auch
2477 4045 2574 4098 des
2603 4045 2836 4113 Papstes

1555 4118 1836 4172 Innocenz
1866 4118 1954 4172 111.
1995 4116 2128 4170 weit
2154 4115 2361 4169 hinaus
2391 4160 2402 4171 .
2433 4160 2444 4171 .
2474 4159 2485 4171 .
2537 4116 2612 4169 Es
2638 4116 2714 4170 ist
2738 4116 2838 4170 der

1556 4190 1921 4259 Hauptsache
1949 4189 2094 4241 nach
2123 4187 2248 4241 eine
2269 4188 2617 4258 theologisch
2644 4189 2836 4240 asceti-

1555 4260 1699 4324 sche,
1753 4259 1845 4313 die
1898 4259 2180 4313 Kenntnis
2243 4261 2340 4312 des
2390 4259 2556 4312 Ritus
2609 4275 2837 4312 vorans-

1555 4332 1816 4385 setzende
1859 4330 2187 4412 Erklfirung
2228 4330 2327 4383 der
2363 4330 2838 4400 Opferhandlung

1556 4403 1675 4456 und
1703 4403 1876 4456 deren
1904 4404 2132 4457 Gebete.
2161 4420 2220 4454 in
2249 4403 2490 4455 welcher
2537 4419 2635 4455 vor
2674 4401 2839 4455 allem

271 4463 325 4516 cs.
349 4467 510 4532 Ehrle,
537 4491 635 4541 qui
661 4475 700 4528 l.
728 4492 773 4528 c.
801 4475 971 4528 etiam
1000 4475 1123 4544 ejus
1138 4473 1337 4528 merita
1353 4474 1499 4527 circa
1555 4474 1657 4528 der
1680 4474 1879 4526 Zweck
1919 4474 2016 4526 des
2041 4475 2095 4527 h.
2124 4473 2325 4543 Opfers
2364 4491 2464 4527 zur
2493 4472 2840 4526 Erkenntnis

273 4547 317 4585 *Ξῖ
326 4542 504 4607 egesim
515 4545 783 4615 expendit
795 4549 968 4614 atque
983 4544 1067 4598 ita
1082 4544 1289 4599 statuit
1300 4564 1354 4615 p.
1367 4550 1473 4602 409
1489 4568 1499 4598 ε

1553 4545 1829 4615 gebracht
1855 4545 1973 4597 und
2000 4562 2100 4597 zur
2126 4544 2516 4614 Betrachtung
2543 4544 2842 4614 vorgelegt

278 4602 374 4683 Wir
394 4611 577 4669 dui-fen
601 4617 719 4671 also
747 4615 839 4670 die
866 4616 1259 4672 Commentare
1285 4616 1382 4670 des
1410 4616 1500 4670 Se·
1555 4617 1783 4670 werden
1811 4616 1964 4670 soll.··
2021 4615 2357 4668 Praesertim
2385 4619 2684 4685 propterea
2713 4631 2842 4668 auc-

280 4673 400 4746 hgen
413 4700 475 4762 su
491 4686 608 4741 dem
624 4688 1367 4759 Bestenrechnen,wasjene
1380 4687 1504 4741 Zeit
1556 4692 1733 4741 torem
1781 4687 1994 4748 laudat,
2025 4687 2177 4754 quod
2220 4692 2419 4755 carpat
2457 4687 2716 4748 nimium,
2744 4686 2840 4738 sed

276 4749 362 4800 auf
378 4751 564 4810 diesem
589 4759 822 4814 Gebiete
848 4759 1095 4818 lieferte:
1123 4758 1353 4814 konnen
1379 4760 1499 4812 ihm
1556 4762 1691 4811 tunc
1719 4758 2183 4828 vulgatissimum
2227 4760 2514 4826 pruritum
2541 4757 2840 4824 allegorice

282 4819 425 4875 neben
461 4826 576 4881 dem
602 4829 929 4898 Aquinaten
976 4831 1084 4884 den
1127 4836 1312 4885 ersten
1340 4830 1499 4884 Platz
1555 4830 1748 4883 omnia
1777 4830 2194 4898 interpretandi
2217 4831 2337 4899 jam
2360 4831 2432 4882 ab
2450 4828 2738 4881 Amal-ario
2760 4828 2839 4879 iu·

278 4894 530 4953 annu-eison.

1555 4902 1808 4955 ductum.
