3475 5364
683 329 803 383 515
851 347 863 360 ·

679 497 1012 556 additiones
1025 496 1097 554 ad
1110 501 1183 553 tr.
1196 496 1265 553 de
1275 492 1673 569 beneficiorum
1689 498 1960 555 mutatio-

681 587 851 644 nibus
865 585 1127 644 Federici
1149 585 1222 643 de
1239 585 1426 653 Senis,
1448 585 1520 644 de
1543 603 1662 661 quo
1683 586 1851 643 infra.
1877 618 1959 628 -

680 675 1120 734 Alexander
1154 673 1519 733 Fasitelli
1566 694 1601 733 a
1633 695 1675 733 s.
1708 674 1961 751 Elpidio,

681 764 837 840 quod
855 767 946 823 est
960 762 1243 839 oppidum
1265 764 1534 822 marchae
1556 765 1962 833 anconitanae,

681 854 745 911 Ο.
800 854 852 911 S.
906 856 1073 929 Aug,
1137 852 1380 911 Parisiis
1440 853 1676 931 Aegidii
1734 854 1964 912 romani

681 942 1029 1017 discipulae,
1054 960 1097 1000 s.
1118 941 1455 1017 theologiae
1473 943 1774 1019 magister,
1796 943 1964 1001 theo-

680 1032 852 1108 logus
902 1030 1151 1109 insignis
1195 1033 1257 1089 et
1300 1030 1671 1106 praedicator
1715 1031 1962 1101 celeber,

979 316 1114 368 1301
1130 316 1348 367 —1325.
1377 310 1569 365 Theoi.
1603 311 1871 381 practica.
1899 310 2175 373 Pasitelli,
2203 310 2292 365 Jo.
2320 328 2351 363 a
2381 310 2678 380 Friburgo,
2706 309 3004 373 Betthold,

3178 329 3276 380 51ss

2020 497 2150 555 beti
2167 519 2180 564 ;
2212 496 2548 555 additiones
2564 496 2637 554 ad
2654 514 2952 555 summam
2969 496 3287 572 Baymundi

2024 587 2411 661 quaestiones
2426 586 2693 644 casuales
2708 604 2776 643 ex
2809 586 2944 643 aliis
2978 586 3288 644 doctoribus

2024 677 2320 741 collectae.
2384 674 2542 733 Haec
2593 675 2713 733 tria
2757 676 2990 751 scripta
3036 676 3290 751 leguntur

2021 768 2259 823 tantum
2309 764 2374 821 in
2405 763 2568 821 codd.
2603 782 2742 821 mss.
2786 764 3180 823 Concinnavit
3206 764 3288 821 bo-

2020 874 2159 912 nam
2192 856 2254 911 et
2298 853 2512 911 utilem
2567 854 2870 911 Summam
2919 855 3290 927 confessor-um

2026 939 2358 1023 (Augustae
2375 938 2471 1022 V.)
2496 954 2522 1005 1
2538 952 2699 1012 4763
2735 942 3101 1019 Reutlingae
3124 953 3292 1005 1487:

2022 1031 2303 1109 Lugduni
2331 1040 2496 1096 1518
2518 1032 2580 1089 in
2598 1031 2637 1088 f.
2659 1035 2787 1101 etc„
2822 1051 2983 1107 quae
3016 1036 3114 1089 est
3142 1051 3294 1106 quae-

679 1120 934 1178 Viterbii
966 1122 1032 1178 in
1064 1120 1324 1195 capitulo
1370 1120 1626 1197 generali
1666 1121 1965 1180 communi
2019 1121 2153 1179 dam
2189 1121 2532 1179 retractatio
2567 1119 2842 1178 Summae
2874 1120 2979 1179 Ba
2997 1122 3295 1197 ymundi

681 1210 972 1285 applausu
1001 1210 1065 1267 in
1097 1209 1318 1267 ordinis
1348 1209 1749 1286 praepositum
1783 1227 1962 1286 gene-

679 1299 863 1358 ralem
916 1308 1013 1361 14.
1062 1299 1193 1372 Maj.
1247 1307 1412 1361 1312
1459 1298 1577 1357 fuit
1628 1300 1852 1357 electus
1904 1303 1964 1357 et

678 1391 891 1463 quater
904 1388 969 1446 in
981 1405 1225 1446 munere
1246 1387 1643 1447 confirmatus.
1659 1390 1711 1446 A
1732 1387 1773 1445 J
1776 1406 1963 1446 oanne

677 1477 854 1536 XXII.
888 1476 1115 1554 pluries
1136 1477 1209 1535 ad
1229 1477 1494 1551 diversos
1528 1477 1823 1553 principes
1854 1496 1962 1554 pro

2021 1229 2388 1285 suarumque
2401 1209 2821 1288 quaestionum
2834 1211 3174 1268 casualium
3185 1210 3296 1285 pln-

2021 1299 2188 1358 ribus
2221 1299 2634 1357 additionibus
2667 1299 2928 1357 utilibus
2963 1304 3173 1358 aucta:
3219 1298 3296 1356 cui

2022 1388 2235 1464 adjecit
2273 1387 2543 1447 tabulam
2578 1406 2683 1446 seu
2727 1387 2989 1447 indicem
3032 1390 3206 1464 juxta
3230 1387 3298 1444 al·

2022 1477 2260 1552 phabeti
2292 1476 2574 1536 ordinem.
2635 1479 2863 1536 Auctor
2895 1478 2965 1536 in
3006 1475 3296 1536 afferendis

678 1566 903 1625 tuenda
946 1566 1335 1625 ecclesiastica
1376 1565 1798 1641 jurisdictione
1846 1565 1964 1625 fuit
2019 1559 3297 1643 casibusestsobrius,prudens‚injudicando

683 1655 901 1713 missus
935 1656 1187 1731 legatus,
1223 1658 1284 1713 et
1313 1663 1474 1716 1325
1496 1656 1721 1713 electus
1743 1655 1961 1729 episco-
2020 1655 2158 1714 stilo
2204 1656 2403 1713 utitur
2452 1654 2662 1724 nitide,
2715 1655 2853 1713 hinc
2901 1655 3297 1733 vulgatissima

681 1763 793 1819 pus
825 1744 1248 1820 melphitanus,
1292 1742 1394 1801 sed
1428 1742 1629 1803 eodem
1660 1762 1816 1802 anno
1840 1744 1964 1819 jam

679 1832 950 1891 decessit.
972 1833 1113 1891 Rem
1133 1832 1619 1909 augustinianam
1635 1833 1886 1891 consilio
1906 1836 1967 1891 et

680 1940 853 1997 opere
895 1922 1221 1997 plurimum
1267 1921 1514 1996 adjuvit,
1562 1922 1832 1980 ordinem
1866 1922 1960 1981 in·

680 2017 733 2070 st
742 2012 991 2081 amavit,
1015 2012 1348 2088 regularem
1367 2010 1801 2069 observantiam
1824 2030 1959 2085 pro-

679 2102 882 2169 movit,
918 2100 1118 2158 studia
1137 2101 1201 2157 in
1223 2100 1394 2158 Italia
1424 2100 1753 2175 ampliavit.
1806 2100 1964 2159 Haec

679 2190 809 2264 ejus
825 2208 1004 2264 opera
1020 2210 1033 2248 z
1069 2190 1154 2247 De
1173 2190 1546 2247 ecclesiastica
1553 2191 1837 2264 potestate
1850 2191 1905 2250 ll.
1924 2191 1963 2249 3

680 2278 752 2337 ad
785 2279 1074 2337 Joannem
1108 2277 1305 2348 XXII„
1356 2279 1419 2336 in
1465 2294 1583 2352 quo
1625 2297 1715 2354 op.
1752 2279 1962 2352 probat

678 2368 896 2426 summi
946 2367 1246 2442 pontificis
1293 2368 1708 2426 auctoritatem
1757 2385 1818 2425 se
1864 2386 1958 2425 ex·

675 2458 919 2515 tendere
966 2460 1097 2514 tum
1148 2456 1221 2514 ad
1272 2456 1625 2531 spiritualia,
1689 2460 1822 2514 tum
1884 2457 1956 2514 ad

676 2546 1038 2621 temporalia,
1104 2545 1346 2604 Taurini
1413 2553 1609 2612 1494;
1681 2544 1962 2621 Lugduni

685 2644 885 2704 1498;
938 2643 1136 2702 153&
1186 2634 1441 2694 Arimini
1481 2642 1645 2697 1624
1697 2652 1838 2693 cura
1870 2653 1963 2695 so·

678 2725 825 2783 dalis
857 2724 1075 2801 Angeli
1116 2723 1334 2783 Vantii.
1398 2723 1562 2798 Opus
1610 2723 1717 2783 hoc
1763 2743 1963 2799 recep·

678 2818 809 2871 tum
842 2831 1077 2889 quoque
1093 2815 1187 2872 est
1217 2813 1280 2872 in
1310 2811 1734 2871 bibliothecam
1766 2814 1962 2889 ponti-

680 2903 869 2961 ficiam
890 2902 992 2960 Th.
1015 2902 1538 2960 Boccabertit.
1562 2902 1634 2959 11.
1653 2901 1850 2976 Hujus
1868 2921 1959 2977 op.

2024 1744 2176 1802 facta
2208 1748 2317 1802 est.
2382 1744 2519 1802 Alia
2562 1762 2717 1818 quae
2750 1750 2895 1802 sunt
2929 1746 3119 1821 hujus
3149 1744 3296 1801 Sum-

2023 1852 2151 1891 mae
2202 1832 2612 1891 additamenta
2661 1834 2757 1891 vel
2809 1833 3162 1909 compendia
3205 1836 3294 1889 etc.

2022 1924 2375 1981 manserunt
2421 1917 2728 2003 inedita1).
2793 1923 3108 1981 Summam
3155 1922 3295 1979 illam

2023 2011 2248 2069 sodalis
2281 2012 2328 2069 B
2347 2011 2607 2069 erthol
2626 2010 2663 2068 d
2682 2029 2767 2070 us
2797 2013 2862 2070 in
2894 2013 3196 2088 epitomen
3222 2009 3289 2067 al·

2024 2100 2336 2176 phabetico
2367 2099 2576 2158 ordine
2607 2099 2956 2175 dispositam
3002 2099 3292 2160 admodum

2026 2189 2232 2248 utilem
2265 2189 2599 2266 germanice
2628 2188 2943 2268 redegit2),
2997 2189 3291 2249 rationem·

2023 2296 2140 2353 que
2171 2279 2234 2336 in
2267 2297 2335 2336 ea
2365 2278 2689 2354 redigenda
2721 2278 2934 2337 habuit
2958 2280 3121 2356 juris
3147 2294 3289 2336 cano-

2022 2368 2143 2425 nici
2157 2372 2220 2425 et
2230 2367 2440 2436 civilia,
2457 2368 2962 2426 consuetudinum
2975 2383 3291 2439 usuumque

2023 2456 2416 2531 popularium.
2481 2455 2713 2516 Prodiit
2751 2457 3050 2533 inscripta
3082 2458 3288 2515 Summs
3369 2494 3370 2503 ¹

2022 2564 2132 2603 aus
2151 2544 2285 2603 dem
2308 2544 2362 2602 h.
2386 2545 2782 2615 Dekretbuch,
2808 2549 3125 2623 Augustae
3153 2550 3286 2607 1472

2023 2634 2108 2693 ed.
2144 2653 2310 2704 rara3
2360 2633 2569 2693 saltem
2614 2634 2894 2695 undecies
2939 2636 3138 2695 adhuc
3178 2649 3283 2692 exe·

2024 2727 2173 2783 unte
2197 2742 2307 2782 sec.
2326 2724 2429 2781 XV
2446 2744 2461 2793 3
2481 2724 2748 2783 Basileae
2775 2737 2801 2787 1
2819 2735 2966 2788 518.
3006 2725 3193 2800 Hujus
3206 2739 3286 2779 au·

2027 2821 2149 2870 tem
2183 2812 2500 2871 Bertholdi
2528 2817 2673 2871 sunt
2702 2813 2856 2872 forte
2901 2815 3086 2874 etiam
3129 2810 3282 2870 libelli

2024 2901 2278 2977 piissimi
2316 2902 2687 2979 Horoloyium
2716 2904 3036 2963 devotionis
3053 2904 3198 2962 circa
3213 2900 3284 2957 vi·

681 2993 848 3050 velut
896 2990 1266 3050 continuatio
1316 2997 1397 3048 est
1445 2990 1514 3048 de
1554 2988 1965 3062 jurisdictione
2023 2995 2143 3048 tam
2179 2990 2398 3050 Christi
2431 3009 2475 3049 s.
2496 2991 2535 3048 1.
2558 2997 2619 3050 et
2649 3011 2699 3049 a.
2734 2988 3040 3071 (Coloniae
3072 3011 3115 3050 c.
3151 2998 3280 3051 148⁰

680 3082 917 3155 imperii
948 3087 999 3137 et
1030 3081 1371 3138 auctorante
1417 3081 1631 3137 summi
1664 3077 1966 3152 pontificis
2026 3100 2097 3136 m.
2134 3075 2310 3159 300);
2342 3098 2389 3137 e.
2430 3090 2594 3143 1500
2644 3075 2968 3160 (Monaohii
3005 3103 3080 3140 m.
3127 3073 3282 3154 200);

680 3170 736 3229 ll.
771 3172 829 3236 2,
883 3168 1160 3245 Lugduni
1216 3177 1412 3233 1498;
1457 3177 1621 3230 1538
1677 3169 1742 3225 in
1791 3187 1966 3227 causa
2023 3168 2519 3239 Coloniael5773
2565 3166 3280 3246 161033ermaniceOeni·

679 3258 961 3317 Ludoviei
1008 3258 1232 3317 Bavari.
1294 3257 1607 3331 Expositio
1651 3257 1714 3315 iu
1764 3257 1863 3316 Ev.
1918 3276 1961 3316 s.
2027 3258 2194 3331 ponti
2254 3267 2415 3320 1589
2464 3257 2529 3315 in
2584 3267 2693 3329 123
2758 3259 3101 3319 Thesaurus
3144 3273 3281 3315 verae

680 3347 927 3407 ‚Ioannis
958 3347 1180 3405 mansit
1223 3346 1464 3415 inedita,
1514 3346 1671 3404 sicut
1701 3349 1764 3404 et
1794 3347 1966 3421 plura
2019 3348 2253 3418 pietatis
2310 3346 2436 3405 sive
2497 3348 2909 3408 meditationes
2961 3348 3037 3408 de
3087 3348 3199 3407 vita
3235 3351 3282 3400 et

680 3438 797 3495 alia
826 3437 1088 3512 ejusdem
1124 3436 1346 3512 scripta
1360 3429 1427 3517 ¹).

773 3626 915 3678 267.
962 3615 1301 3673 Joannes
1336 3613 1650 3671 Rumsik
1681 3613 1965 3672 Lector

2022 3435 2322 3494 beneficiis
2343 3434 2665 3495 Salvator-is
2696 3435 2751 3494 J.
2772 3437 3012 3499 Christi.
3049 3437 3148 3514 qui
3177 3450 3278 3493 cum

2104 3663 2138 3718 Γ)
2167 3658 2250 3718 Cf,
2269 3659 2495 3712 Streber
2511 3658 2621 3720 KL,
2644 3659 2926 3725 Ἣ,167ἴ);
2956 3659 3187 3714 Michael
3207 3654 3278 3711 111,

679 3705 1132 3782 cognominatus
1166 3703 1236 3760 de
1268 3702 1558 3778 Friburgo
1599 3702 1662 3760 in
1696 3703 1964 3779 Brisgoj‘*
2022 3734 2124 3785 :237
2143 3747 2242 3783 ss:
2273 3729 3277 3795 Quefif1,5·230s.2Schu1oe11.4192s-2

682 3796 745 3853 O.
784 3794 1000 3862 Praed.‚
1048 3793 1319 3868 quamvis
1351 3791 1414 3850 in
1446 3791 1748 3867 theologia
1794 3791 1963 3850 scho-
2023 3801 2354 3869 praesertim
2382 3801 2563 3855 Finke
2589 3803 2651 3855 in
2679 3802 2811 3856 diss.
2839 3803 2945 3856 Die
2974 3803 3276 3868 Freiburger

681 3884 891 3942 lastica
921 3882 1246 3949 excelleret,
1281 3882 1488 3940 morali
1521 3885 1720 3938 tamen
1754 3883 1816 3938 et
1837 3881 1965 3956 juri

683 3973 959 4031 canonico
981 3969 1364 4047 potissimum
1394 3970 1687 4039 incubuit,
1724 3970 1816 4027 illi
1838 3970 1960 4029 scil.

681 4063 854 4137 parti,
890 4081 1040 4135 quae
1061 4060 1132 4118 ad
1153 4059 1421 4118 tribunal
1449 4059 1847 4134 poenitentiae
1869 4078 1959 4117 re·

682 4152 999 4227 gimenque
1018 4152 1244 4225 spectat
1262 4149 1589 4207 animarum
1603 4144 1664 4229 (†
1684 4160 1705 4210 1
1725 4159 1779 4210 Ο.
1796 4149 1960 4206 Mart.

690 4235 903 4316 1314),
955 4258 1137 4314 quare
1188 4238 1345 4296 inter
1387 4238 1734 4316 praecipuos
1784 4238 1962 4296 medii

683 4329 810 4388 aevi
856 4328 1188 4387 moralistas
1223 4331 1284 4386 et
1315 4328 1598 4386 casuistas
1632 4330 1725 4385 est
1756 4345 1964 4385 nume-

682 4418 920 4476 randae.
985 4417 1217 4492 Adjeeit
1255 4417 1590 4491 Registrum
1640 4434 1746 4474 seu
1789 4417 1962 4473 tabu-

683 4509 799 4565 lam
832 4526 1012 4581 super
1044 4511 1213 4565 textu
1243 4509 1305 4564 et
1323 4508 1613 4582 apparatu
1645 4524 1748 4563 seu
1770 4505 1964 4582 glossa

685 4596 1015 4673 Raymundi
1074 4596 1398 4655 secundum
1446 4595 1712 4653 ordinem
1759 4595 1962 4670 alpha-

764 4807 798 4874 ¹)
828 4802 911 4858 Cf.
940 4801 1106 4855 Feret
1129 4802 1223 4866 Ill,
1252 4807 1532 4858 497—992
1585 4801 1774 4853 Morus
1821 4798 1964 4852 Bibl.

683 4875 886 4946 picena
913 4876 951 4939 1,
980 4879 1047 4931 79
1076 4891 1145 4926 ss.

2025 3872 2432 3927 Dominikaner
2473 3873 2592 3927 und
2619 3873 2721 3927 der
2746 3874 3135 3931 Mflnsterbau.
3161 3870 3276 3926 Frei-

2024 3945 2170 4013 burg
2196 3944 2232 3996 i.
2263 3943 2352 3996 ΒΥ.
2381 3948 2534 4000 1901.

2096 4023 2135 4086 ²)
2166 4018 2244 4069 De
2297 4031 2361 4067 ea
2411 4014 2494 4068 ita
2545 4015 2774 4070 Schulte
2829 4016 2897 4080 ΙΙ,
2948 4022 3091 4074 4:23:
3147 4012 3274 4067 Πὶεεθ

2023 4087 2252 4139 Summe
2292 4085 2369 4139 ist
2396 4086 2521 4140 eine
2549 4087 2677 4140 sehr
2701 4085 2878 4150 kls-re,
2929 4081 3275 4142 vortreffliche

2024 4157 2236 4220 Arbeit‚
2285 4156 2497 4212 welche
2543 4159 2624 4212 als
2671 4158 2762 4210 ein
2808 4160 2965 4212 ihrer
3010 4160 3133 4214 Zeit
3170 4151 3272 4208 voss-

2023 4229 2253 4298 standig
2314 4229 2794 4309 entsprechender
2855 4223 3272 4284 Laienkatechis·

2024 4318 2147 4353 mus
2210 4318 2309 4353 zur
2361 4299 2765 4371 Onentierung
2815 4302 2957 4356 iiber
3019 4295 3272 4373 geistliche

2023 4370 2204 4440 Diuge
2233 4372 2350 4424 und
2378 4371 2779 4426 iusbesondere
2819 4373 2961 4426 fiber
3001 4373 3095 4428 die
3131 4367 3269 4426 recht-

2023 4443 2211 4496 lichen
2240 4441 2722 4512 Gesichtspunkte
2752 4446 2845 4496 fur
2864 4445 2968 4498 das
2989 4438 3270 4498 christliche

2024 4514 2211 4568 Leben
2265 4514 2597 4568 bezeichnet
2647 4514 2876 4569 werden
2927 4516 3076 4570 darf.
3125 4512 3270 4586 ΛΜΨ

2023 4585 2313 4654 epitomen
2365 4603 2462 4638 seu
2512 4587 2800 4640 Summam
2855 4588 3107 4642 confecit
3149 4584 3268 4639 Gul·

2024 4657 2295 4710 lelmus
2323 4656 3268 4730 deKajocovelCajooo(aneu15

2023 4732 2279 4798 sur-mer)
2309 4728 2371 4784 Ο.
2399 4727 2506 4792 Pr„
2548 4729 2648 4798 qui
2675 4729 2788 4782 fuit
2826 4728 2985 4800 prior
3012 4749 3053 4785 s.
3079 4723 3265 4793 Josephl

2023 4799 2253 4852 Parisiis
2264 4802 2323 4853 et
2333 4800 2662 4868 provinciae
2672 4801 3038 4870 praepositus
3050 4803 3122 4865 (fl.
3134 4799 3266 4858 1302)-

2023 4870 2092 4925 de
2122 4888 2235 4939 quo
2264 4872 2335 4926 cf.
2361 4871 2440 4926 ib.
2467 4889 2523 4940 p.
2548 4876 2672 4929 425.

3368 2556 3370 2657 l
