3475 5364
517 344 543 394 1
560 343 683 397 479
958 330 1325 382 1541-1563.
1352 326 1694 394 Interpretes
1721 343 1763 379 s.
1791 325 2133 394 Scripturae.
2163 325 2411 377 isidorus
2440 323 2677 390 Clarius,

2967 345 2988 396 l
3010 347 3037 390 4
3053 346 3136 395 80

514 513 1055 585 interpretationem,
1119 512 1385 569 Basileae
1458 521 1638 573 1559.
1701 510 1947 575 —ltus
1991 515 2089 569 est
2139 520 2236 573 28.
2273 512 2403 587 Maj.
2460 521 2643 574 1555.
2709 511 2866 570 Haec
2904 512 3139 587 potiora

513 602 792 659 Nicolaus
840 600 1276 659 Scutellius
1309 600 1373 663 O.
1408 601 1462 658 S.
1497 605 1647 677 Aug.
1699 604 1791 658 vir
1847 602 2114 676 ejusdem
2147 619 2325 675 opera
2342 597 2418 680 ¹):
2484 601 2722 677 78198811-
2754 602 2925 658 editio
2959 602 3031 658 N.
3067 620 3140 658 ac

512 691 739 766 graecis
786 693 847 748 et
896 689 1187 748 hebraicis
1251 690 1442 748 literis
1495 690 1788 757 erudituS,
1863 689 1919 747 V.
1966 690 2052 763 T„
2086 708 2340 764 quorum
2374 691 2631 748 alterum
2673 691 2746 748 ad
2781 690 3134 759 hebraicam,

511 781 793 856 magistro
825 779 1086 854 generali
1134 799 1168 836 a
1208 780 1449 837 secretis
1479 782 1540 836 et
1570 798 1604 836 a
1635 779 1790 837 Seri·
1847 779 2104 836 alterum
2151 777 2224 837 ad
2272 797 2539 855 graecam
2587 779 2900 837 veritatem
2932 797 3134 837 emen·

511 868 707 945 pando
739 868 1014 926 visitator
1029 869 1324 944 generalis
1338 868 1400 927 in
1416 868 1791 926 Germaniam
1847 867 2054 926 datum
2071 875 2163 925 est
2183 868 2657 944 diligentissime,
2691 872 2761 926 ut
2779 887 2936 928 nova
2950 868 3137 926 editio

512 959 729 1017 missus
778 954 908 1037 (28.
957 961 1095 1032 Apr.
1135 953 1351 1037 1542),
1399 957 1675 1015 disseruit
1719 956 1792 1014 de
1847 975 1966 1015 non
2001 956 2166 1015 facile
2198 956 2578 1015 desideretur
2622 961 2684 1015 et
2725 963 2900 1016 vetus
2932 963 3132 1016 tamen

513 1047 739 1105 Masora
771 1047 894 1105 sive
939 1046 1147 1104 critica
1188 1046 1575 1105 hebraeorum
1611 1064 1790 1116 sacra,
1850 1047 1941 1103 hic
2004 1051 2376 1122 agnoscatur,
2445 1047 2695 1121 adjectis
2759 1066 2827 1105 ex
2879 1047 3134 1105 eruditis

510 1140 572 1194 et
616 1136 843 1212 primus
904 1135 1309 1193 Jamblichum
1370 1135 1792 1210 philosophum
1850 1135 2244 1209 scriptoribus
2278 1135 2517 1194 scholiis
2565 1137 2667 1205 ita,
2715 1141 2786 1194 ut
2827 1140 2932 1203 est,
2967 1137 3135 1194 locu-

512 1226 887 1305 demysteriis
916 1227 1311 1301 aeqyptiorum
1332 1229 1392 1282 et
1411 1224 1795 1299 pythagorica
1850 1224 2133 1299 pletibus‚
2198 1228 2269 1282 ut
2329 1243 2436 1300 pro
2488 1226 2926 1284 commentariis
2978 1225 3137 1282 sint:

512 1318 669 1373 secta
718 1315 781 1372 in
830 1314 1088 1372 latinum
1133 1332 1465 1371 sermonem
1510 1313 1792 1381 traduxit,
1849 1313 2057 1371 multis
2118 1314 2278 1370 enim
2341 1316 2500 1372 certe
2551 1314 2813 1373 locorum
2864 1314 3136 1372 millibus

513 1404 728 1462 Romae
771 1413 843 1466 15
856 1414 887 1466 5
902 1413 955 1466 6.

605 1591 748 1643 677.
784 1582 838 1639 S.
873 1580 1242 1656 Scripturam
1274 1581 1371 1638 vel
1404 1580 1601 1654 plures
1636 1582 1792 1656 ejus·

513 1672 644 1729 dem
697 1671 879 1728 libros
941 1666 1367 1727 couettaeentariis
1412 1673 1518 1727 aut
1566 1671 1796 1727 scholiis

513 1760 615 1817 alii
647 1756 1110 1837 illustrarunt1).
1174 1759 1436 1816 Isidorus
1485 1759 1794 1816 Clarius

515 1846 754 1928 (Claris)
820 1848 1051 1923 proprie
1112 1848 1455 1906 Tbaddaeus
1517 1848 1796 1906 Cucchi

514 1937 670 1996 OSB.
706 1956 901 2013 congr.
924 1937 1269 2006 casinensis,
1304 1940 1482 1995 natus
1504 1942 1595 1994 est
1616 1937 1796 1994 Clarii

515 2020 779 2107 (Chiari),
827 2026 985 2101 quod
1030 2031 1122 2083 est
1167 2027 1452 2101 oppidum
1498 2026 1626 2101 agri
1672 2026 1795 2084 bri-

513 2116 693 2183 xiani,
728 2115 968 2173 modicis
986 2115 1428 2188 humilibusque
1445 2115 1794 2191 parentibus

513 2224 563 2263 a.
608 2214 788 2266 1495.
823 2203 912 2262 Ob
944 2204 1071 2278 ejus
1102 2205 1314 2262 merita
1352 2207 1484 2262 tum
1514 2204 1578 2261 in
1610 2204 1793 2262 scien-

513 2294 614 2352 tiis
646 2293 1039 2351 nobilioribus
1071 2297 1203 2350 tum
1233 2294 1295 2351 in
1316 2312 1548 2352 morum
1568 2292 1795 2368 insigni

514 2382 902 2442 sanctimonia
962 2385 1201 2440 evectus
1264 2390 1356 2440 est
1402 2382 1467 2440 in
1517 2380 1793 2440 abbatem

514 2471 857 2530 monasterii
887 2490 930 2528 8.
962 2470 1167 2528 Jacobi
1199 2472 1271 2529 de
1294 2472 1535 2530 Pontita
1554 2471 1613 2529 in
1631 2470 1792 2530 dioe-

514 2562 631 2619 cesi
651 2560 1043 2636 bergomensi,
1079 2560 1217 2618 dein
1237 2578 1281 2618 s.
1304 2561 1522 2619 Mariae
1544 2560 1795 2619 Cesenae

514 2655 573 2709 et
607 2655 675 2708 ut
707 2650 884 2708 abbas
929 2648 1209 2708 interfuit
1253 2668 1411 2709 conc.
1444 2650 1791 2709 tridentino.

513 2742 565 2798 A
598 2740 781 2797 Paulo
813 2739 915 2797 111.
965 2743 1199 2797 creatus
1250 2739 1560 2814 episcopus
1611 2739 1792 2816 fulgi-

512 2829 712 2886 nensis
774 2846 1011 2904 gregem
1064 2847 1236 2886 suum
1289 2829 1454 2903 pavit
1508 2829 1686 2886 verbo
1734 2832 1794 2887 et

513 2918 779 2990 exemplo
832 2917 1069 2989 fulgens
1132 2918 1478 2990 praesertim
1529 2918 1681 2975 mira
1731 2918 1792 2975 in

514 3023 802 3080 pauperes
836 3006 1098 3073 caritate,
1133 3006 1354 3079 quibus
1404 3006 1637 3064 reditus
1671 3007 1792 3065 fere

514 3112 715 3153 omnes
747 3097 840 3152 sat
872 3094 1125 3170 pingues
1148 3095 1487 3153 effundebat
1505 3096 1792 3171 neglectis

515 3183 800 3259 cognatis,
866 3183 1219 3241 sententiam
1297 3184 1458 3242 illam
1530 3185 1793 3243 nobilem

515 3272 766 3330 subinde
799 3272 1116 3341 inculcans»,
1151 3292 1270 3331 non
1287 3273 1564 3331 affinibus
1596 3273 1793 3332 ditan-

514 3363 605 3419 dis
637 3361 736 3420 sed
769 3362 1136 3437 pauperibus
1181 3362 1407 3420 alendis
1440 3363 1791 3421 ecclesiasti-

512 3469 609 3510 cos
643 3469 853 3509 census
886 3451 1004 3509 sibi
1036 3452 1222 3510 fuisse
1255 3452 1638 3513 concreditos,
1687 3453 1790 3510 Ce-

513 3540 767 3599 lebravit
827 3543 1085 3616 quatuor
1148 3541 1404 3616 synodos
1450 3545 1510 3600 et
1560 3541 1789 3617 sapien-

513 3630 761 3688 tissimis
794 3630 1137 3688 reformavit
1180 3630 1498 3689 dioecesim
1542 3630 1790 3688 institu-

510 3718 610 3788 tis,
647 3719 847 3778 studia
876 3720 1023 3778 fovit
1056 3721 1249 3777 erecta
1279 3718 1342 3777 in
1374 3718 1619 3778 aedibus
1669 3719 1792 3777 suis

1849 1402 2193 1477 praesertim
2206 1402 2642 1462 difficilioribus
2654 1405 2844 1462 lucem
2859 1404 3135 1469 afferunt,
3151 1478 3160 1484 .

1851 1490 2115 1550 Venetiis
2156 1503 2180 1552 1
2200 1501 2342 1555 542.
2377 1492 2828 1567 Displicuerunt
2848 1491 3137 1567 praefatio

1850 1584 1911 1638 et
1944 1580 2377 1658 prolegomena,
2432 1581 2651 1656 quibus
2684 1579 2970 1656 praecisis
3002 1600 3137 1656 per-

1851 1670 2033 1727 missa
2061 1670 2180 1728 fuit
2212 1670 2318 1727 hac
2351 1670 2768 1745 inscriptione:
2812 1671 3005 1728 Biblio
3037 1690 3135 1727 sa-

1851 1767 2155 1817 crosancta
2203 1759 2260 1818 V.
2293 1779 2361 1817 ac
2383 1760 2457 1821 N.
2491 1760 2550 1817 T.
2584 1804 2596 1817 .
2631 1804 2643 1815 .
2679 1805 2690 1816 .
2726 1803 2740 1818 .
2772 1778 2841 1818 ex
2876 1759 3139 1818 secunda

1851 1848 2109 1906 auctoris
2124 1848 2525 1924 recognitione
2542 1848 2963 1924 deputatorum
2976 1866 3136 1907 conc.

1850 1936 2165 1994 tridentini
2227 1943 2462 1996 servata
2523 1955 2787 1996 censura.
2871 1937 3138 1995 Venetiis

1865 2035 2021 2088 1557
2061 2021 2163 2105 (m.
2201 2027 2339 2097 50);
2402 2036 2564 2088 1564
2602 2023 2701 2106 (m.
2738 2024 2865 2107 40).
2928 2027 3135 2084 Prolo-

1850 2132 1963 2190 gus
1995 2115 2236 2189 quidem
2269 2115 2593 2190 displicuit,
2641 2116 2782 2191 quia
2813 2115 2895 2173 ibi
2928 2121 3138 2174 auctor

1852 2203 2089 2261 incauto
2123 2204 2329 2262 lectori
2359 2204 2561 2263 fucum
2593 2204 2758 2279 facit,
2811 2208 2872 2263 et
2903 2204 3135 2280 magni-

1851 2292 1974 2350 ficis
2009 2294 2310 2366 promissis
2362 2312 2527 2369 spem
2577 2294 2704 2369 ejus
2755 2293 2944 2352 ludit:
2998 2312 3133 2368 pro·

1853 2382 2042 2439 mittit
2060 2382 2223 2440 enim
2242 2382 2562 2441 editionem
2578 2385 2844 2442 nostram
2867 2383 3134 2452 latinam,

1850 2489 1971 2544 qua
2019 2474 2184 2529 totus
2235 2472 2592 2530 christianus
2643 2472 2805 2530 orbis
2835 2472 3035 2530 utitur
3067 2490 3135 2529 ac

1851 2577 2097 2634 semper,
2162 2564 2233 2618 ut
2292 2560 2542 2636 ipsemet
2602 2560 2767 2619 facile
2820 2561 3130 2635 conjectat,

1849 2667 2071 2708 usurus
2105 2652 2211 2718 est,
2261 2654 2323 2708 et
2366 2668 2545 2725 quam
2579 2649 2912 2726 squalidam
2946 2655 3007 2709 et
3039 2649 3129 2710 in·

1850 2739 2112 2796 numeris
2147 2757 2295 2813 pene
2341 2740 2642 2798 erroribus
2688 2741 2968 2816 (quorum
3001 2739 3133 2814 ipse

1850 2828 1922 2886 ad
1957 2832 2088 2886 octo
2139 2828 2326 2887 millia
2376 2828 2718 2887 emendasse
2743 2825 2956 2907 jactat)
3005 2847 3130 2887 sca-

1848 2921 2074 2974 tentem
2104 2917 2377 2986 declarat,
2410 2918 2632 2993 optime
2648 2917 2769 2976 fere
2788 2923 2849 2976 et
2864 2922 3131 2976 ornatam

1849 3009 1911 3062 et
1959 3006 2326 3064 emendatam
2375 3006 2667 3077 exhibere,
2721 3025 2856 3066 cum
2902 3011 3135 3065 constet

1847 3095 2101 3169 pessime
2120 3097 2440 3171 utrumque
2468 3099 2576 3153 aut
2590 3096 2758 3154 nullo
2776 3096 2947 3155 modo
2965 3115 3131 3170 prae-

1850 3183 2092 3242 stitisse.
2137 3184 2558 3259 Prolegomena
2589 3204 2725 3244 vero
2758 3185 3130 3260 displicuere,

1848 3272 1992 3347 quia
2025 3292 2094 3330 ex
2127 3274 2385 3332 turbidis
2409 3274 2840 3332 haereticorum
2861 3274 3132 3333 fontibus

1847 3362 2065 3437 partim
2097 3363 2360 3421 derivata
2391 3364 2484 3421 vel
2515 3381 2637 3421 non
2685 3364 2828 3421 satis
2863 3368 3135 3422 accurata

1850 3455 2009 3509 sunt.
2073 3451 2265 3520 Quare
2313 3452 2375 3510 in
2408 3451 2503 3510 IV.
2537 3471 2656 3529 reg.
2691 3452 2911 3510 Indicis
2962 3471 3133 3528 prae-

1848 3540 2117 3615 cipimur,
2152 3559 2271 3599 non
2303 3542 2477 3599 aliter
2508 3542 2599 3599 uti
2617 3542 2903 3617 permissa
2921 3540 3132 3600 Isidori

1848 3629 2130 3699 versione,
2150 3631 2269 3688 nisi
2289 3633 2593 3705 tamquam
2608 3631 2836 3689 nullam
2848 3630 3132 3689 adversus

1848 3721 2074 3776 textum
2101 3719 2208 3777 Vu]
2217 3725 2388 3795 gatae
2417 3719 2590 3778 fidem
2614 3719 2883 3778 faciente.
2917 3719 2985 3776 Iu
3007 3720 3132 3795 ple·

513 3808 844 3878 academia;
908 3807 1368 3867 concionabatur
1426 3809 1790 3882 frequenter,
1846 3807 2049 3881 risque
2095 3827 2231 3866 vero
2260 3809 2420 3878 loeis,
2450 3812 2620 3868 notat
2656 3809 2815 3868 Rich.
2850 3805 3129 3886 Simon⁸)‚

512 3902 583 3956 ut
631 3917 868 3973 gregem
914 3903 1321 3972 praeservaret
1372 3918 1406 3956 8
1436 3902 1792 3956 novatorum

511 3986 827 4045 erroribus.
892 3986 1255 4045 Acutissima
1287 3990 1594 4061 correptus
1628 3986 1791 4044 febre

511 4074 942 4150 patientissime
975 4074 1318 4150 placideque
1352 4076 1711 4134 obdormivit
1731 4080 1793 4134 et

511 4162 650 4240 post
682 4163 980 4221 assiduam
1024 4165 1227 4238 populi
1273 4163 1790 4235 deosculationem,

511 4256 583 4311 ut
598 4252 851 4329 legimus
868 4252 930 4310 in
948 4254 1031 4311 eis
1051 4254 1368 4329 sepulcrali
1382 4254 1789 4329 inscriptione,

513 4341 780 4399 maximis
813 4359 948 4399 cum
980 4343 1252 4419 lacrymis
1296 4344 1555 4419 ejusdem
1590 4344 1789 4419 sepul-

587 4533 626 4594 2)
658 4529 808 4582 [nter
848 4547 941 4583 eos
981 4531 1178 4584 referri
1220 4532 1444 4594 debent,
1488 4550 1630 4601 quos
1668 4533 1792 4601 jam
1848 4549 1880 4585 a
1912 4550 1953 4586 s.
1981 4534 2096 4588 Jos.
2125 4532 2304 4587 biblio

512 4617 685 4671 supra
729 4601 1091 4656 laudavimus
1119 4606 1242 4661 Ger
1272 4602 1535 4657 Lorich
1564 4622 1617 4673 p.
1637 4609 1792 4666 1407:

510 4672 758 4727 Joannes
813 4673 1127 4742 Viguier
1181 4692 1232 4744 p.
1285 4676 1671 4745 13782A1ph.
1723 4677 1792 4729 de
1850 4623 2070 4728 Canusg
2078 4675 2147 4728 de
2191 4675 2328 4729 locis
2370 4677 2542 4730 theol.
2545 4623 2648 4738 p,11
2692 4682 2760 4733 13

1929 3965 1963 4024 1)
1994 3960 2075 4014 Of.
2127 3961 2493 4030 Ziegelbauer
2544 3961 2675 4014 hist.
2722 3962 2800 4014 rei
2847 3962 2934 4016 lit.
2977 3960 3130 4014 OSB.

1850 4033 2025 4101 p.111.
2054 4049 2099 4088 e.
2128 4037 2176 4088 3.
2206 4041 2231 4098 ἓ
2257 4037 2355 4090 36;
2411 4034 2654 4086 Niceron
2683 4032 2850 4087 Mem.
2878 4032 3128 4094 XXXIV,

1849 4109 1951 4160 107
1981 4121 2052 4163 8,;
2106 4102 2318 4158 Kobler
2345 4104 2456 4158 KL.
2491 4105 2606 4167 1112,
2633 4110 2770 4161 409:
2826 4102 3130 4157 Armellini

1853 4175 1985 4230 bibl.
2017 4176 2214 4231 bened.
2253 4176 2426 4229 casin.
2455 4177 2522 4240 11,
2548 4181 2618 4233 49
2645 4193 2746 4235 es.;
2800 4174 3130 4229 Tiraboschi

1851 4248 1970 4301 Vll.
1998 4264 2053 4315 p.
2085 4253 2132 4302 1.
2161 4247 2198 4301 l.
2226 4253 2427 4303 2.c.1.
2455 4266 2510 4302 11.
2539 4253 2628 4304 30.

1919 4323 1962 4385 2)
1992 4318 2136 4372 Hist.
2181 4318 2306 4370 crit.
2352 4319 2430 4371 du
2474 4320 2539 4373 V.
2584 4318 2645 4373 Τ.
2693 4319 2783 4378 111,
2833 4323 2933 4374 15:
2987 4317 3131 4371 Hist.

1849 4389 1970 4443 crit.
2016 4389 2094 4442 du
2141 4389 2210 4444 N.
2256 4389 2318 4444 T.
2360 4407 2405 4443 c.
2447 4395 2543 4449 11;
2597 4390 2726 4458 disq
2730 4390 2836 4444 uis,
2888 4389 3010 4443 crit.
3062 4388 3131 4441 (le

1851 4461 2021 4514 variis
2061 4461 2510 4518 bib1.ed.c.22.
2563 4462 2858 4516 Ofietiam
2888 4460 3132 4514 Michael

1849 4603 2014 4657 modo
2033 4605 2285 4673 graviter
2273 4551 2375 4657 (ἵέ
2379 4533 2544 4658 hait)
2545 4533 2677 4674 Ι81118
2686 4533 3132 4738 ,111ῗὲ108ῗῦἳὲἱὲἳὲ

2906 4693 2953 4728 s1
2999 4690 3130 4727 orus

513 4745 772 4799 Castro
802 4765 855 4814 p.
888 4749 1051 4804 1395,
1104 4746 1190 4799 J0.
1222 4747 1292 4798 M.
1323 4747 1546 4800 Verre
1572 4752 1689 4800 tus
1729 4748 1789 4801 in
1851 4746 2068 4800 Clarius
2097 4748 2363 4801 ferendus
2392 4764 2501 4800 non
2533 4750 2634 4810 est,
2679 4749 2845 4814 cujus
2871 4745 3131 4800 emenda·

514 4815 738 4939 {ng-1)
687 4886 754 4938 (18
786 4886 979 4953 Vega
1007 4906 1061 4957 p.
1091 4892 1246 4945 1390

701 4822 939 4884 ixl-156,
992 4818 1152 4873 Dom.
1194 4818 1262 4870 de
1305 4819 1478 4872 Soto
1522 4837 1577 4888 p.
1619 4823 1790 4876 1372;
1850 4819 1931 4871 tio
1970 4818 2114 4871 nihil
2142 4819 2298 4871 aliud
2329 4823 2426 4880 est,
2470 4836 2640 4886 quan
2685 4818 3015 4887 interpretis
3043 4832 3130 4869 ve·

1851 4888 1985 4942 teris
2035 4890 2415 4958 reprehensio,
2495 4889 2799 4944 Pollicetur
2863 4889 3016 4943 enim
3067 4886 3129 4940 in
