3475 5364
1896 1777 1978 1861 X

877 1939 1455 2114 Theologi
1530 1979 1919 2076 annor
1986 1838 2133 2071 ’m
2224 1932 3064 2072 1351—1375.

1333 2314 1396 2412 I.
1462 2311 1955 2433 'theologia
2020 2310 2597 2410 scholastica.

746 2559 888 2613 318.
921 2550 1124 2609 Palma
1152 2550 1260 2608 hac
1292 2549 1531 2625 periodo
1563 2549 1804 2609 videtur
1833 2549 1933 2608 de·
1992 2566 2097 2607 nes
2160 2535 2220 2607 et
2270 2547 2680 2624 quaestiones,
2745 2566 2900 2623 quae
2949 2567 2988 2605 a
3040 2546 3276 2605 diversis

649 2639 779 2700 beri
808 2639 1100 2699 sodalibus
1129 2659 1177 2700 s.
1199 2639 1532 2716 Auyustini.
1567 2639 1737 2698 Haud
1760 2638 1936 2716 pauci
1992 2637 2283 2715 theologis
2330 2639 2789 2713 pertractantur,
2841 2655 2977 2697 cum
3026 2634 3272 2697 auctoris

651 2729 811 2789 enim
841 2730 1001 2788 inter
1030 2748 1128 2789 eos
1157 2730 1415 2788 nominis
1457 2729 1611 2788 fama
1642 2729 1930 2789 inclarue·
1992 2729 2132 2799 vita,
2185 2727 2451 2787 Venetiis
2508 2737 2716 2798 15643
2775 2737 2977 2795 15883
3048 2727 3272 2785 Genuae

650 2822 810 2879 runt.
877 2819 1195 2877 Thomas
1249 2818 1334 2878 de
1386 2818 1828 2896 Argentina
1873 2837 1934 2880 n.
1999 2827 2199 2887 1585;
2252 2817 2522 2876 Genevae
2580 2826 2743 2880 1635
2798 2817 2864 2876 in
2913 2816 2983 2886 f.‚
3041 2816 3116 2875 de
3165 2830 3272 2891 quo

652 2907 967 2985 Hegenoae
985 2907 1050 2965 in
1065 2907 1311 2978 Alsatia,
1336 2907 1934 2985 Argentinensis
1991 2925 2166 2982 opere
2211 2906 2425 2966 scribit
2454 2906 2657 2967 Franc.
2693 2905 2998 2966 Macedo
3047 2906 3114 2965 in
3144 2922 3269 2963 con-

650 2996 1043 3056 communiter
1089 2994 1284 3055 dictus
1331 3016 1366 3055 a
1408 2996 1687 3056 cathedra
1717 3016 1929 3074 argen·
1990 3000 2169 3054 centu
2199 2995 2605 3073 euchologico:
2642 2997 2918 3064 ‚Aureus
2948 2993 3052 3053 hic
3081 2995 3272 3055 doctor

649 3085 891 3161 tinensi‚
941 3104 1121 3160 quam
1152 3085 1408 3162 gloriose
1449 3086 1790 3145 moderatus
1823 3089 1932 3157 est,
1989 3087 2326 3161 argenteam
2372 3103 2545 3144 suam
2588 3084 2919 3144 doctrinam
2964 3085 3117 3147 Aur.
3159 3086 3267 3142 Au·

649 3174 856 3234 doctor
874 3174 991 3232 fnit
1011 3174 1370 3250 parisiensis,
1404 3194 1438 3233 a
1456 3174 1763 3233 doctrinae
1794 3194 1930 3251 pro·
1989 3174 2221 3251 gustini
2254 3173 2570 3233 sententiis
2602 3174 2968 3234 inauravit!
3021 3173 3114 3232 Ob
3146 3190 3267 3231 con·

649 3262 945 3323 funditate
966 3279 1320 3340 magnopere
1341 3264 1806 3336 commendatus,
1832 3264 1934 3323 sed
1989 3263 2222 3323 cinnam
2272 3263 2627 3323 brevitatem
2676 3262 2882 3340 magni
2941 3263 3171 3321 factum
3215 3264 3268 3318 et

649 3353 827 3413 etiam
872 3353 947 3413 ob
991 3351 1281 3428 pietatem
1327 3357 1387 3411 et
1416 3352 1798 3429 prudentiam
1847 3354 1934 3412 ita
1989 3372 2161 3429 saepe
2192 3351 2527 3412 adhibitum
2578 3351 2696 3411 fuit
2740 3353 2805 3411 in
2851 3350 3043 3411 veteri
3087 3349 3269 3411 schola

648 3442 924 3518 illustria,
957 3445 1028 3501 ut
1046 3442 1433 3502 concordibus
1466 3442 1766 3519 suffragiis
1784 3461 1932 3518 qua·
1989 3441 2315 3519 aegidiano..
2359 3473 2450 3486 ·-—
2483 3442 2681 3517 Hujus
2711 3441 2776 3500 in
2805 3441 3156 3518 magisterio
3185 3457 3265 3498 or·

646 3536 739 3591 ter
771 3532 834 3590 in
866 3550 1208 3606 supremum
1239 3531 1427 3590 totius
1458 3530 1682 3590 ordinis
1713 3532 1932 3608 praesi-
1988 3530 2147 3590 dinis
2167 3548 2467 3591 successor
2496 3530 2615 3589 fuit
2646 3530 3087 3608 Gregorius
3118 3527 3265 3589 Ari-

647 3621 781 3681 dem
802 3621 1031 3696 primus
1064 3640 1095 3680 e
1127 3621 1366 3679 natione
1398 3620 1734 3696 germanica
1754 3622 1935 3680 fuerit
1989 3619 2397 3691 minensis,
2432 3620 2620 3679 lector
2637 3620 2939 3696 quondam
2956 3619 3264 3696 primarius

647 3710 888 3780 electus,
940 3712 1113 3786 cujus
1157 3710 1380 3770 bonum
1425 3709 1742 3768 admodum
1787 3710 1934 3770 fovit
1988 3712 2050 3767 et
2097 3727 2308 3785 regens
2370 3709 2707 3769 studiorum
2758 3709 3021 3768 Arimini
3085 3708 3263 3784 patria

647 3799 1016 3858 difficillimis
1079 3799 1202 3858 illis
1263 3799 1646 3875 temporibuS,
1708 3799 1931 3875 quibus
1956 3832 1961 3935 Ι
1987 3817 2112 3870 sua,
2142 3798 2280 3857 inde
2302 3797 2559 3858 Parisios
2590 3799 2916 3858 translatus
2940 3797 3262 3858 cathedram

647 3889 905 3947 schisma
935 3909 968 3946 a
998 3888 1295 3948 Ludovico
1315 3889 1542 3948 Bavaro
1574 3889 1927 3948 suscitatum
1986 3888 2140 3947 rexit
2161 3890 2330 3947 tanta
2359 3887 2615 3947 nominis
2644 3887 2816 3959 fama,
2858 3890 2932 3947 ut
2962 3887 3124 3947 inter
3155 3886 3264 3945 No-

647 3977 844 4037 omnia
873 3977 1160 4038 turbavit.
1212 3977 1492 4035 Ordinem
1524 3978 1778 4037 visitans
1804 3978 1930 4053 jam
1986 3977 2302 4036 minalium
2364 3976 2666 4052 principes
2717 3978 3154 4046 numeraretur,
3210 3976 3263 4032 et

646 4065 935 4125 Viennam
968 4067 1031 4124 in
1062 4066 1308 4125 Austris
1338 4066 1634 4142 attigerat,
1681 4065 1785 4125 sed
1816 4067 1928 4126 ibi·
1985 4066 2230 4125 lucerna
2249 4066 2586 4142 splendens,
2622 4066 2831 4125 doctor
2849 4070 3081 4139 acutus,
3113 4082 3261 4141 prae·

645 4155 780 4214 dem
811 4155 1066 4213 decessit
1109 4159 1288 4231 atque
1333 4173 1467 4214 cum
1501 4156 1783 4232 Gregorio
1815 4156 1929 4214 ari·
1987 4157 2196 4214 sertim
2243 4156 2442 4214 doctor
2484 4156 2846 4215 authenticus
2895 4154 3260 4234 cognomina·

647 4244 902 4303 minensi
936 4244 1098 4320 jacet
1129 4244 1402 4320 sepultus
1449 4265 1498 4308 a.
1538 4254 1724 4309 1357.
1773 4245 1930 4304 Reli·
1985 4248 2169 4305 retur.
2184 4255 2231 4315 ⁴,
2248 4244 2651 4321 Singulariter
2680 4244 2800 4304 fuit
2820 4245 3065 4305 Parisiis
3096 4244 3261 4303 hono·

647 4334 781 4409 quit
815 4333 1126 4393 Lecturam
1175 4335 1239 4392 in
1288 4344 1326 4396 4
1359 4335 1422 4397 ll.
1474 4335 1928 4405 sententiarum,
1986 4336 2153 4393 ratus
2186 4354 2221 4393 a
2250 4337 2379 4393 tota
2409 4333 2801 4393 universitate
2834 4338 3084 4411 propter
3102 4349 3262 4409 opera

645 4424 1029 4500 Argentorati
1045 4419 1089 4504 ¹)
1131 4433 1318 4495 1490,
1355 4424 1646 4483 accedunt
1680 4424 1927 4483 decisio·
1988 4442 2100 4482 sua
2147 4423 2450 4495 notabilia,
2503 4423 2859 4483 audiebatur
2911 4424 3172 4483 libenter
3210 4422 3260 4479 et

655 4549 734 4555 ο
769 4549 852 4555 —-
881 4549 964 4555 η
1987 4513 2265 4572 omnibus
2311 4516 2440 4571 erat
2482 4513 2792 4589 speculum
2830 4515 2956 4571 tam
3004 4513 3073 4572 in
3102 4510 3259 4571 mori·

725 4616 760 4684 ¹)
788 4611 949 4667 Hanc
974 4610 1284 4667 editionem
1305 4612 1532 4666 curavit
1553 4612 1740 4667 Pallas
1756 4613 1931 4682 Span·
1990 4638 2031 4642 -

643 4685 738 4755 gel
765 4682 1058 4738 facultatis
1097 4683 1309 4737 artium
1350 4684 1600 4739 decanus
1643 4688 1702 4738 et
1725 4687 1932 4753 quater
1988 4688 2082 4738 tur
2145 4701 2274 4739 cum
2325 4681 2700 4742 humanistis;
2764 4681 2917 4736 inter
2967 4682 3259 4753 discipulos

644 4757 826 4810 rector
850 4754 1175 4811 academiae
1202 4755 1698 4825 heidelbergensis,
1725 4755 1788 4810 in
1816 4773 1931 4825 qua
1986 4754 2316 4811 numeravit
2338 4753 2371 4808 J
2376 4771 2459 4810 ac.
2486 4752 2885 4825 Wimpheling
2910 4757 2971 4809 et
2995 4755 3141 4810 Phil.
3168 4751 3258 4806 He·

643 4843 852 4898 magna
895 4826 1186 4899 gaudebat
1236 4827 1608 4882 auctoritate:
1652 4827 1787 4882 hinc
1833 4826 1931 4881 ali-
1985 4827 2280 4882 lanchton.
2333 4825 2416 4881 cf.
2457 4824 2783 4882 Hartfelder
2823 4826 2872 4878 A
2963 4874 2977 4885 .
3005 4826 3062 4881 d.
3090 4825 3154 4879 Bi
3247 4865 3257 4875 .

644 4900 867 4968 quoties
892 4899 1016 4969 ejus
1043 4901 1166 4951 erat
1203 4899 1360 4967 apud
1395 4916 1645 4954 summos
1673 4900 1823 4953 viros
1848 4899 1929 4952 in·
1990 4898 2211 4963 XXXV,
2237 4902 2324 4955 32.
2377 4896 2459 4955 cf.
2501 4897 2571 4952 de
2611 4896 2832 4952 Thema
2934 4900 3129 4968 orgott
3159 4841 3257 4950 Ἡ

642 4973 858 5040 terpres
886 4974 933 5041 (τ
961 4973 1136 5041 1512).
1167 4968 1545 5024 Familiariter
1566 4971 1932 5025 conversaba-
1989 4970 2111 5033 ΧΠ,
2141 4973 2299 5027 1689.
