3475 5364
405 393 529 446 949
987 376 1229 430 Romani
1259 376 1572 446 pontifices.
1600 376 1872 431 Nicolaus
1901 377 1967 430 V.
1995 379 2053 430 et
2080 377 2331 431 Calixtus
2360 378 2454 433 ΙΙΙ.
2896 397 3029 450 950.

405 562 717 638 presbyter
749 561 1024 620 militaris
1044 561 1117 621 de
1139 561 1302 621 Alvis
1320 563 1686 622 Ferdinando
1715 576 1718 585 ⁴
1745 564 2140 639 augmentada
2200 582 2305 639 per
2368 563 2501 621 Frai
2563 563 2887 642 Jeronymo
2948 565 3029 623 de.

404 650 807 728 Portngalliae
856 650 982 728 regi
1033 670 1066 709 a
1114 652 1354 711 secretis
1417 649 1480 733 (†
1527 672 1584 728 p.
1637 671 1683 710 a.
1711 626 1717 753 J
1743 653 1975 719 Remos,
2012 652 2540 728 Olisipone15773
2573 652 2753 711 latine
2773 654 2836 711 in
2859 655 3030 713 Actis

413 736 626 819 1470),
660 740 971 816 descripsit
991 739 1168 815 hujus
1187 740 1371 800 sancti
1394 740 1682 817 principis
1709 798 1713 841 1
1742 742 1836 800 SS.
1876 753 1929 803 5.
1963 741 2103 800 Jun.
2127 742 2171 811 I,
2199 750 2521 805 563—91.
2556 775 2640 784 —
2675 743 3021 801 Francis-

406 829 562 904 apud
595 829 703 887 Fez
734 830 795 887 in
825 829 1024 887 Africa
1071 829 1135 886 in
1183 830 1530 905 captivitate
1578 831 1679 887 de·
1709 858 1710 905 ᾗ
1739 848 1871 889 cus
1905 830 2275 906 Hispalensis
2298 830 2360 889 Ο.
2383 830 2523 888 Min.
2556 836 2759 889 narrat
2794 828 3029 911 (1480)-

403 918 593 978 functi
646 939 696 977 a.
753 928 919 981 1443
971 922 1105 976 acta
1152 918 1477 985 lusitanice,
1529 937 1680 994 quae
1705 942 1710 1043 Ι
1737 920 2064 996 Leyendam
2096 938 2170 983 ss.
2204 920 2350 978 MM.
2383 922 2631 997 quinque
2645 921 2710 994 ff.
2747 921 2892 982 Min.
2924 939 3025 980 co-

404 1007 587 1066 edidit
631 1008 949 1067 retractata
979 1007 1139 1065 Hier.
1185 1007 1280 1067 Lo
1302 1026 1428 1083 pes
1463 1009 1569 1066 hoc
1600 1008 1678 1066 ti·
1705 1046 1708 1051 -
1734 1008 2168 1068 limbriensium
2189 1009 2518 1067 Berardide
2538 1009 2761 1077 Carbio,
2784 1010 3023 1069 Ottonis

402 1097 532 1155 tulo
564 1096 812 1156 Gronica
842 1096 910 1154 de
940 1103 1135 1154 sancto
1163 1099 1461 1155 evit-tuoso
1481 1098 1681 1170 iffante
1734 1097 1948 1173 presb..
2004 1097 2162 1156 Petri
2214 1118 2247 1156 a
2296 1117 2338 1156 s.
2386 1098 2745 1165 Geminium,
2794 1098 3029 1175 AdJuti,

402 1187 534 1244 dom
566 1185 876 1243 Fet-nando
908 1185 1048 1244 filho
1081 1185 1179 1243 del
1208 1205 1311 1262 rey
1344 1185 1423 1243 do
1456 1185 1612 1245 Joha
1633 1186 1676 1243 Ι.
1737 1188 2002 1246 Accursii
2033 1187 2097 1246 in
2131 1187 2486 1263 Mauritania
2520 1185 2769 1267 (1220),
2792 1188 2856 1246 in
2873 1188 3027 1248 Por-

404 1295 519 1350 que
552 1293 615 1333 se
635 1273 797 1333 finou
818 1293 910 1333 em
929 1277 1121 1332 terras
1156 1274 1225 1332 de
1246 1275 1482 1334 Mouros
1513 1284 1674 1338 1527
1703 1286 1708 1349 ξ
1733 1276 2000 1353 tugaliae
2046 1295 2306 1335 monum.
2358 1276 2404 1347 Ι,
2463 1286 2828 1345 105-116,
2864 1276 3025 1335 Olis-

403 1383 447 1423 S.
481 1364 514 1421 1.
548 1363 634 1422 ed.
685 1362 1000 1423 admodum
1051 1382 1217 1435 rara3
1267 1362 1599 1422 reformada
1648 1362 1889 1439 elpone
1930 1374 2383 1428 1856-1861.

1037 1663 1184 1761 IV.
1253 1661 1744 1783 Theologia
1808 1663 2239 1781 practica.

492 1897 757 1966 Quatuor
776 1898 884 1956 hac
900 1898 1141 1973 periodo
1161 1902 1480 1957 occurrunt
1510 1919 1683 1974 pon·
1740 1898 1904 1965 fovit,
1939 1898 2240 1957 Maecenas
2272 1901 2400 1957 erat
2430 1898 2882 1958 liberalissimus
2928 1899 3027 1957 vi-

403 1989 463 2046 ti
489 1988 702 2056 sices,
755 2006 1014 2063 quorum
1063 1988 1291 2063 primus
1342 1991 1436 2047 est
1466 1989 1682 2049 Nico·
1739 2004 1937 2045 rorum
1971 1987 2417 2048 eruditorumet
2435 1988 2613 2046 simul
2634 1988 3027 2047 effusissimae

400 2078 573 2135 laus
607 2076 671 2134 V.
722 2078 914 2135 Antea
945 2076 1256 2135 dicebatur
1286 2077 1538 2136 Thomas
1570 2079 1680 2136 Pa·
1739 2075 1800 2133 in
1834 2094 2048 2151 egenos
2080 2076 2534 2135 misericordiae.
2571 2077 2813 2135 Romam
2845 2078 3018 2152 quasi

400 2166 712 2224 rentucelli
743 2166 815 2224 de
831 2165 1082 2225 Sarzano
1116 2187 1173 2229 n.
1203 2177 1295 2229 15.
1317 2166 1465 2225 Nov.
1500 2177 1679 2231 1397.
1706 2150 1710 2209 Ῑ
1736 2183 1803 2222 ex
1825 2165 2015 2223 ruinis
2035 2166 2412 2225 resuscitavit
2430 2166 2501 2224 ad
2518 2166 2825 2225 insolitum
2845 2170 3023 2225 antea

404 2256 516 2313 Diu
548 2254 739 2313 haesit
770 2255 831 2312 in
865 2255 1151 2329 obsequio
1184 2255 1336 2312 card.
1369 2255 1679 2331 Albergati
1706 2217 1711 2299 i
1737 2253 2133 2329 splendorem,
2169 2254 2439 2313 ecclesias
2459 2259 2521 2313 et
2542 2255 2715 2313 aedes
2748 2255 3025 2330 publicas

401 2344 513 2401 viri
531 2344 932 2402 sanctissimae
950 2344 1125 2409 vitae,
1147 2363 1402 2420 quocum
1435 2346 1681 2404 Romam
1705 2302 1710 2427 l
1735 2343 2109 2412 restauravit,
2172 2344 2608 2402 celeberrimam
2686 2344 3022 2403 vaticanam

399 2431 864 2508 transmigravit.
912 2433 1017 2490 ubi
1047 2433 1300 2510 Eugenii
1318 2433 1413 2493 IV.
1447 2453 1675 2509 prome·
1705 2440 1710 2447 ‘
1734 2431 2152 2491 bibliothecam
2171 2432 2453 2501 condidit,
2472 2433 2733 2492 collectis
2749 2432 2823 2491 ad
2847 2443 3019 2496 9000

400 2522 523 2579 ruit
553 2521 820 2597 gratiam.
864 2522 935 2580 In
968 2522 1144 2581 variis
1178 2524 1432 2598 negotiis
1463 2524 1678 2595 proba·
1734 2519 1923 2590 libris,
1958 2521 2234 2596 pretiosis
2265 2522 2481 2580 ditavit
2510 2521 2807 2581 codicibus
2838 2526 3028 2597 atque

399 2614 499 2669 tus
560 2610 757 2669 dictus
807 2613 900 2669 est
943 2611 1250 2689 episcopus
1295 2612 1678 2673 bononiensis
1734 2610 1821 2668 ita
1852 2610 2060 2669 urbem
2108 2610 2370 2670 reddidit
2420 2610 2658 2679 artium,
2705 2610 3021 2670 literarum

403 2699 632 2783 (1444)
665 2704 725 2758 et
750 2701 872 2774 jam
905 2705 1043 2777 post
1072 2702 1383 2762 biennium
1416 2705 1478 2763 in
1510 2722 1676 2778 prae·
1735 2700 2239 2775 scientiarumque
2329 2700 2660 2776 emporium
2751 2701 3015 2760 seculum

399 2788 584 2848 mium
619 2789 933 2865 legationis
982 2790 1056 2848 ad
1087 2791 1429 2850 Germaniae
1461 2793 1680 2870 princi-
1735 2789 1903 2864 quasi
1936 2808 2183 2849 aureum
2217 2790 2583 2867 inauguraris
2599 2785 2667 2871 ¹).
2721 2790 3016 2863 Epistulas

397 2897 502 2953 pes
535 2879 685 2937 bene
703 2882 903 2953 gestae
923 2880 1237 2939 cardinalis
1259 2878 1510 2964 (1446):
1544 2902 1678 2942 mox
1735 2881 1797 2936 et
1826 2879 2053 2938 decreta
2086 2897 2289 2955 sparsa
2308 2878 2565 2954 reperies
2596 2880 2661 2937 in
2680 2879 3015 2937 Annalibus

401 2985 538 3025 vero
569 2971 706 3044 post
734 2972 857 3026 tres
889 2987 1120 3028 menses
1170 2971 1437 3029 unanimi
1488 2972 1674 3031 cardi·
1736 2967 2041 3043 Raynaldi,
2076 2969 2295 3038 Bzovii,
2332 2967 2663 3044 Waddingi,
2718 2968 2779 3025 in
2813 2968 3015 3026 Bulla-

399 3056 626 3115 nalium
677 3075 966 3116 consensu
1014 3059 1144 3134 ipso
1210 3059 1433 3118 frustra
1491 3003 1708 3148 reela-1
1734 3056 1823 3115 rio
1855 3076 2069 3133 magno
2103 3063 2210 3116 etc.
2275 3058 2419 3132 Ejus
2451 3057 2523 3115 ad
2556 3057 3021 3116 Constantinum

397 3148 601 3204 mante
633 3145 857 3204 electus
903 3150 997 3204 est
1031 3157 1084 3208 6.
1118 3149 1288 3207 Mart.
1333 3158 1492 3212 1447
1532 3169 1706 3225 pon-1
1734 3146 1872 3221 imp.
1936 3146 2248 3222 epistolam
2311 3166 2345 3204 a
2406 3144 2708 3206 Theodoro
2772 3147 3014 3204 Gazensi

401 3235 562 3292 tifex.
628 3234 751 3293 Sub
795 3236 926 3311 ipso
973 3235 1146 3295 finem
1199 3237 1435 3296 demum
1470 3239 1680 3298 habuit
1733 3253 1942 3310 graece
1995 3253 2221 3294 versam
2275 3234 2454 3293 habes
2503 3235 2564 3292 in
2610 3236 2807 3311 Migne
2853 3236 2916 3293 P.
2950 3236 3013 3293 G.

399 3323 647 3381 schisma
680 3344 714 3382 a
744 3325 992 3382 concilio
1012 3325 1326 3384 basileensi
1357 3327 1677 3402 inaugura·
1733 3324 1891 3391 CLX,
1954 3333 2404 3387 1201—1212.
2457 3356 2541 3367 —-
2590 3324 2898 3382 Nicolaum
2949 3324 3013 3380 V.

398 3417 544 3470 tum.
608 3412 770 3471 Felix
801 3413 867 3471 V.
901 3415 1183 3490 antipapa
1227 3416 1374 3473 eise
1408 3417 1676 3491 subjecit,
1704 3416 1977 3488 ,secutus
2028 3415 2117 3471 est
2165 3423 2217 3476 8.
2265 3415 2404 3487 Apr.
2465 3423 2621 3475 1455
2664 3414 2787 3487 jam
2840 3431 3013 3470 senex

404 3520 438 3558 a
469 3520 586 3575 quo
618 3500 937 3561 honorifice
969 3503 1087 3561 fuit
1117 3504 1370 3563 habitus.
1437 3493 1707 3564 Sextum}
3090 3564 3096 3572 .

399 3589 718 3649 celebravit
758 3591 1090 3667 jubilaeum
1140 3612 1357 3670 magno
1415 3593 1677 3652 fidelium
1705 3583 1706 3594 ¹
1816 3586 1851 3653 ¹)
1880 3582 1962 3635 Cf·
1989 3582 2273 3651 infligneffl
2302 3583 2427 3650 ejuss
2460 3581 2861 3668 biOfffflPhiafn
2887 3597 3015 3633 ΒΜ·

401 3697 718 3748 concursu;
741 3679 1175 3739 Bernardinum
1194 3683 1504 3741 Senensem
1524 3649 1707 3742 interl
1735 3658 1854 3735 tm?
1882 3653 2081 3707 past&
2108 3652 2307 3735 (ieqch'
2334 3653 2433 3706 der
2459 3652 2662 3733 Papi&
2679 3652 2746 3715 1⁸⁹
2764 3656 3019 3743 3012‘3'30‘

401 3771 635 3827 sanctos
657 3769 881 3832 retulit·
916 3770 1011 3827 Fri
1014 3755 1280 3830 clericum
1302 3771 1403 3830 ΠΙ.
1425 3773 1678 3848 impera·
1735 3743 1838 3794 qm
1864 3725 1932 3778 de
1961 3742 2025 3780 eo
2052 3726 2252 3778 scribit
2277 3741 2331 3794 p.
2359 3729 2493 3781 629:
2537 3723 2818 3777 Nikolaus
2846 3722 2879 3775 W
2900 3763 2911 3775 .
2940 3725 3017 3777 ist

1735 3799 1883 3850 ohne
1910 3795 2135 3851 Zweifel
2184 3795 2284 3848 der
2326 3797 2483 3849 beate
2526 3795 2644 3848 und
2686 3794 2832 3847 auch
2859 3794 3014 3847 einer

404 3861 591 3916 torem
624 3859 937 3917 coronavit.
1003 3858 1251 3934 Quaqua
1283 3879 1489 3920 versus
1523 3861 1679 3938 lega·
1734 3869 1834 3922 der
1857 3870 2091 3938 grossten
2118 3866 2323 3936 Pfipste
2369 3867 2467 3920 der
2514 3866 3015 3921 Renaissancezeit.

401 3949 495 4005 tos
526 3946 707 4014 misit,
742 3948 1038 4022 principes
1084 3949 1429 4009 christianos
1462 3951 1676 4009 excita-

1736 3939 1909 3993 Echte
1930 3938 2279 4001 Liberalitat,
2302 3938 2672 3992 wunderbare
2699 3936 3021 4007 Vielseitig·

400 4035 504 4104 vit,
539 4036 824 4093 subsidiis
855 4055 975 4095 non
995 4039 1279 4113 pepercit,
1312 4043 1384 4097 ut
1415 4040 1677 4099 occiden-

1736 4011 1875 4075 keit,
1919 4011 2045 4065 eine
2132 4010 2381 4064 liihende
2428 4009 2595 4064 Liebe
2640 4027 2740 4062 zur
2768 4007 3014 4090 Wissen-

400 4124 549 4182 tales
565 4143 625 4183 se
640 4130 1007 4200 opponerent
1025 4126 1347 4186 Turenum
1366 4129 1676 4197 invasioni,
1737 4082 1925 4135 schaft
1950 4082 2065 4135 und
2139 4085 2289 4148 unat,
2317 4081 2441 4135 eine
2459 4098 2571 4135 von
2588 4080 2811 4134 keinem
2830 4096 3014 4133 semer

397 4214 501 4287 qui
524 4213 648 4289 jam
680 4213 1242 4292 Constantinopolim
1263 4220 1556 4293 ceperant,
1578 4219 1678 4276 sed

1739 4153 1787 4206 N
1792 4153 2085 4224 achfolger
2112 4152 2386 4208 erreichte
2412 4152 2709 4206 Kahnheit
2723 4151 2822 4204 der
2840 4150 3013 4205 Plane

396 4303 566 4360 irrito
597 4307 813 4361 conatu
845 4303 921 4363 Ob
941 4305 1275 4381 principum
1295 4306 1677 4365 insidentium
1734 4368 1903 4423 tiefer
1951 4369 2142 4423 echter
2193 4367 2606 4436 Frommigkeit
2655 4367 2772 4418 und
2819 4366 3013 4419 reinen

399 4570 611 4644 suique
643 4571 866 4629 seculi‘
909 4593 943 4630 a
974 4591 1082 4631 suo
1114 4573 1437 4650 biographo
1457 4575 1675 4650 Vespa·
1732 4586 2057 4653 getrageu.··
2094 4583 2176 4638 Cf.
2197 4582 2392 4637 Hefele
2412 4580 3013 4650 Conciliengesch.V11

1741 4241 1929 4278 waren
1958 4225 2077 4279 ihm
2106 4225 2287 4294 eigen.
2340 4223 2467 4279 Alle
2513 4224 2664 4279 diese
2694 4223 3021 4277 herrliehen.

1736 4296 2181 4367 Eigenschaften
2223 4298 2359 4350 aber
2404 4312 2592 4349 waren
2630 4298 2869 4365 gepaart
2907 4293 3016 4347 mit

399 4392 492 4448 vel
538 4396 776 4492 munias
817 4393 1160 4452 discordia&
1227 4395 1490 4454 necessu
1522 4397 1673 4497 ‘niti‘
1704 4397 1708 4490 Ι
1736 4440 1939 4497 Sitten.
1993 4439 2154 4493 Auch
2182 4441 2404 4509 Gegner
2430 4438 2529 4491 der
2557 4437 2759 4490 Kirche
2788 4454 3013 4491 neuneu

397 4499 528 4539 mus
543 4482 825 4556 pontlfex⁹
850 4481 1090 4550 »lumen
1112 4488 1174 4541 0¹3
1187 4484 1365 4542 decus
1385 4485 1677 4544 EOCIOSffle
1704 4493 1712 4534 '¹
1734 4511 1835 4564 ihn
1866 4511 2065 4574 „einen
2083 4511 2182 4564 der
2198 4511 2483 4574 Edelsten‚
2511 4509 2721 4563 welche
2738 4509 2830 4562 die
2847 4509 3010 4562 Tiara

397 4659 563 4717 siano
593 4659 671 4717 da
700 4660 940 4718 Bisticci
981 4662 1294 4732 salutatuS,
1328 4664 1484 4738 pacis
1517 4683 1675 4722 amo·
1734 4663 1762 4720 s*
1788 4658 1923 4734 {3313
1953 4654 2408 4735 flergfmroether
2434 4654 2509 4707 ib·
2536 4662 2563 4720 ὅ
2589 4657 2724 4733 836;
2770 4651 3011 4736 quqfssti

1737 4726 1868 4778 Vita
1896 4725 1946 4778 N
1952 4724 2120 4779 icolai
2140 4727 2205 4781 V.
2232 4725 2386 4794 apud
2415 4724 2691 4777 Muratori
2716 4739 2821 4777 rer.
2838 4729 2898 4781 1t,
2919 4723 3013 4776 bS.

396 4767 476 4814 re,
541 4747 740 4807 studio
793 4749 1079 4823 justitiae,
1143 4770 1375 4810 morum
1418 4752 1827 4882 puritatelm·
1869 4803 1900 4852 2
1958 4801 2061 4854 907
2089 4815 2162 4857 εις
2216 4797 2445 4865 Vespas.
2490 4795 2852 4848 Florentium
2879 4793 3011 4847 vita

397 4836 840 4896 commendatus
905 4848 1182 4901 24—25.
1253 4841 1420 4898 Mart.
1493 4850 1673 4904 1453.
1703 4897 1704 4906 ,
1737 4868 1804 4922 Ν,
1848 4839 1918 4920 vs
1952 4868 2029 4923 ib,
2064 4867 2230 4930 xxv,
2272 4873 2374 4923 267
2428 4884 2498 4926 s,;
2555 4866 2828 4934 Georgius
2882 4864 3011 4917 Vita

395 4927 570 4983 Artes
620 4929 680 4984 et
729 4926 934 4985 literas
986 4928 1360 4987 humaniores
1412 4930 1677 5004 impense
1703 4913 1706 4964 ὗ
1735 4939 1805 4994 N.
1834 4940 1917 5002 V..
1947 4939 2158 4992 Romae
2186 4945 2323 4995 1772
2354 4943 2456 4992 etc.
