3475 5364
505 364 667 416 1275

497 531 658 606 quod
717 530 1027 606 inscripsit
1090 530 1415 589 Oviliarum
1475 548 1635 605 opus,
1702 530 1776 586 ab

498 619 716 695 oppido
739 619 1085 690 Oviliarum,
1108 621 1278 695 cujus
1299 619 1556 678 dominio
1580 619 1653 678 ab
1672 618 1776 676 1110

497 709 763 785 principe
794 710 1049 768 donatus
1081 709 1213 779 fuit,
1249 708 1564 767 Mediolani
1612 716 1772 770 1535

499 799 563 856 in
596 798 633 854 f.

592 985 734 1037 597.
784 976 855 1033 In
908 975 1104 1033 Gallia
1153 979 1389 1051 praeter
1418 975 1573 1045 illos,
1624 993 1775 1051 quos

497 1064 656 1123 inter
673 1064 977 1140 regulares
996 1065 1421 1133 recensuimus,
1443 1064 1778 1123 laudandus

498 1157 590 1213 est
648 1154 1172 1230 Hieronymus
1235 1153 1307 1212 de
1382 1155 1437 1212 H
1460 1172 1662 1230 ange
1684 1173 1709 1211 s
1732 1157 1776 1223 t,

498 1243 814 1301 canonicus
835 1243 1220 1302 scholasticus
1239 1243 1491 1317 capituli
1507 1261 1774 1301 cenoma-

497 1332 717 1401 nensis,
769 1332 1022 1390 vicarius
1072 1332 1387 1409 generalis,
1442 1332 1777 1391 Sorbonnae

498 1423 689 1479 socius
723 1424 783 1479 et
813 1420 1022 1479 doctor
1053 1418 1113 1500 (†
1136 1430 1189 1484 8.
1224 1421 1383 1497 Sept.
1424 1432 1440 1482 ]
1462 1418 1636 1501 538),
1669 1421 1776 1497 qui

904 348 1275 402 1521-1540.
1310 343 1651 413 Patrologia.
1676 342 2061 406 Brassicanus‚
2088 340 2336 401 Memler,
2368 341 2663 411 Agapitus‚

2952 359 3109 413 1276

1834 532 2104 586 veterum
2121 530 2432 586 auctorum
2448 528 2670 602 scripta
2683 524 2749 609 ι).
2768 528 2805 585 S
2824 548 2858 587 a
2872 529 2896 586 1
2911 528 2982 586 vi
2997 529 3116 586 ani

1838 619 2007 676 Mass.
2026 617 2094 675 de
2113 618 2476 692 verojudicio
2495 621 2557 674 et
2576 617 2952 692 providentia
2970 617 3030 675 ll.
3056 628 3112 686 8,

1834 707 2102 764 Basileae
2143 715 2309 769 1530
2330 727 2342 774 3
2377 706 2747 764 Eucherii
2779 726 2952 786 opera
2986 702 3111 787 (ge-

1835 796 2022 854 nuina
2041 804 2100 854 et
2122 792 2470 872 supposita),
2493 794 2572 853 ib.
2601 806 2623 857 1
2643 806 2674 858 5
2687 803 2720 856 3
2734 808 2760 860 1
2786 816 2799 867 ;
2834 797 2924 855 Ge
2939 815 2982 854 n
2995 814 3037 853 n
3051 816 3114 853 a·

1835 884 1874 942 d
1889 884 1943 942 ii
1995 885 2279 942 Scholarii
2327 884 2692 958 patriarchae
2737 885 2840 943 CP.
2887 885 2960 943 de
2992 886 3114 943 sin‘·

1837 973 2081 1032 ceritate
2114 973 2468 1032 christianae
2518 973 2654 1032 fidei
2684 974 2975 1051 dialogus,
3009 975 3112 1050 qui

1837 1063 2184 1121 inscribitur
2216 1109 2231 1124 .
2263 1107 2276 1120 .
2311 1108 2322 1119 .
2356 1064 2425 1121 de
2455 1065 2550 1120 via
2580 1061 2790 1122 salutis
2807 1065 3111 1125 humanae.

1839 1151 2097 1210 Viennae
2136 1161 2322 1221 1530,
2358 1152 2597 1212 Parisiis
2639 1163 2837 1222 1566;
2901 1153 3113 1211 Euchi-

1838 1242 2032 1299 ridion
2063 1241 2136 1299 de
2169 1241 2629 1299 christianarum
2663 1260 2857 1299 rerum
2891 1260 3114 1301 memo-

1835 1331 1923 1387 ria
1954 1330 2075 1389 sive
2109 1332 2364 1406 epitome
2383 1330 2663 1390 historiae
2684 1331 3115 1389 ecclesiasticae

1838 1438 1939 1493 per
1960 1418 2287 1479 Eusebium
2306 1419 2636 1495 descriptae
2657 1423 2898 1479 auctore
2927 1421 2984 1478 H
2998 1440 3032 1479 a
3044 1440 3113 1495 y·

495 1510 832 1585 disputavit
848 1504 893 1590 1)
926 1511 989 1568 in
1020 1510 1231 1585 primis
1251 1510 1535 1568 adversus
1555 1511 1775 1569 Luthe-
1831 1508 1892 1565 m
1910 1527 2047 1568 one
2079 1528 2167 1584 ep.
2186 1509 2556 1579 halberstad„
2575 1509 2889 1585 Hagenoae
2915 1518 3072 1572 1531
3100 1530 3113 1578 ;

497 1619 630 1657 111111
677 1600 745 1657 de
787 1600 966 1658 libero
1011 1600 1256 1657 arbitrio
1301 1602 1361 1657 et
1405 1601 1534 1675 ejus
1584 1599 1776 1658 coeffi-
1833 1597 1886 1654 d.
1953 1599 1989 1656 S
2008 1599 2256 1657 alonii
2318 1598 2579 1657 Viennae
2638 1599 2702 1657 G.
2763 1618 2851 1674 ep.
2899 1600 3116 1675 dialoqi

496 1689 731 1757 cientia,
765 1688 1008 1746 Parisiis
1037 1697 1235 1758 1523;
1270 1689 1556 1766 Antiloqie
1575 1692 1778 1747 contre
1833 1686 1962 1755 duo,
1996 1687 2060 1745 in
2091 1706 2347 1762 quorum
2375 1688 2572 1762 priore
2605 1688 2918 1747 Parabolas
2952 1687 3112 1749 Salo-

497 1778 586 1835 les
634 1777 773 1835 faux
824 1777 1068 1846 christs‚
1131 1786 1328 1847 15233
1392 1779 1462 1835 de
1518 1778 1779 1854 possibili

494 1874 933 1942 praeceptorum
998 1867 1108 1924 Dei
1156 1868 1501 1939 impletione,
1576 1876 1772 1937 15283

496 1957 565 2013 de
596 1956 984 2014 academiisin
1000 1956 1327 2014 Lutherum
1370 1965 1565 2025 1525;
1610 1967 1766 2019 1531

1835 1777 2046 1851 monis,
2081 1776 2144 1835 in
2178 1778 2367 1836 altero
2387 1782 2587 1835 autem
2607 1777 2997 1836 Ecclesiasten
3020 1778 3112 1834 in-

1835 1870 2219 1940 terpretatur,
2297 1865 2374 1927 ib.
2461 1875 2624 1929 1532
2645 1887 2657 1936 ;
2738 1866 2929 1925 Poth
2946 1885 2979 1925 0
2996 1866 3114 1924 nis

1836 1955 2023 2026 presb.
2056 1955 2417 2031 prumiensis
2463 1956 2531 2012 de
2578 1963 2734 2013 statu
2763 1956 2970 2013 domus
3001 1955 3115 2013 Dei

497 2044 571 2103 ad
603 2044 857 2104 tuendos
889 2045 1197 2120 theologos
1222 2046 1483 2114 scholae;
1518 2046 1693 2103 Livre
1707 2047 1777 2103 de
1834 2044 1892 2099 ll.
1931 2053 1964 2104 5
2001 2048 2062 2102 et
2110 2044 2376 2118 ejusdem
2420 2045 2490 2102 de
2537 2064 2753 2121 mayna
2802 2046 2971 2103 domo
3003 2045 3112 2102 Sa-

497 2135 734 2192 lumiere
766 2133 1121 2210 evanqelique
1152 2153 1304 2208 pour
1334 2135 1389 2191 la
1410 2134 1512 2192 Ste
1545 2131 1771 2192 Eucha·
1830 2134 2078 2205 pientiae
2139 2133 2175 2190 1.
2235 2125 2288 2202 1,
2352 2133 2430 2191 ib.
2490 2143 2674 2196 1532.
2725 2167 2810 2177 —-—
2863 2132 3112 2191 Michael

499 2223 685 2293 ristie,
749 2228 951 2282 contre
1011 2225 1097 2281 les
1160 2224 1503 2282 tenebrions
1568 2222 1772 2294 '1534;
1835 2221 2148 2280 Memler
2199 2220 2260 2303 (†
2300 2232 2395 2284 17.
2429 2222 2591 2298 Sept.
2632 2220 2841 2301 1529),
2893 2226 2998 2297 qui
3043 2242 3111 2280 ex

499 2310 1004 2389 Propuqnaculum
1055 2315 1505 2388 praeconiorum
1569 2316 1777 2371 matris
1832 2311 1955 2372 cod.
1987 2312 2368 2370 eberbacensi
2399 2311 2588 2370 edidit
2644 2313 2906 2384 Quatuor
2943 2331 3108 2370 evan·

498 2404 843 2478 viryinisque
895 2401 1122 2459 Mariae
1172 2402 1454 2460 adversus
1507 2402 1773 2460 Antima-
1829 2402 2107 2476 qeliorum
2140 2402 2574 2459 consonantiam
2615 2401 2687 2459 ab
2721 2402 3111 2459 Ammonio

496 2490 711 2559 rianos,
764 2490 1008 2548 Parisiis
1064 2499 1227 2551 1529
1282 2492 1320 2552 1.
1367 2510 1554 2549 1111118.
1585 2524 1673 2534 —-
1707 2491 1777 2549 In
1835 2490 2353 2566 Alex.congestam
2372 2489 3111 2564 acaVictoreCapuano

500 2579 795 2654 Hispania
856 2579 1136 2637 laudatur
1181 2580 1220 2637 J
1238 2579 1483 2639 aimus
1532 2580 1774 2646 Oleza,
1837 2579 2201 2647 translatam,
2236 2580 2577 2655 Moguntiae
2604 2589 2803 2647 15243
2839 2579 3112 2637 Coloniae

497 2669 671 2744 quil.
704 2672 912 2728 contra
956 2687 1184 2727 errores
1215 2669 1464 2727 Lutheri
1496 2669 1675 2729 Leoni
1706 2670 1776 2728 X.
1845 2678 2026 2730 1532.
2080 2701 2162 2712 —-
2213 2667 2549 2727 Joannes
2599 2669 2994 2745 Lagrenus
3045 2668 3110 2728 Ο.

497 2758 886 2834 nuncupavit,
939 2777 1056 2832 quo
1106 2762 1302 2816 tamen
1337 2758 1618 2817 defuncto
1651 2778 1776 2818 car·
1838 2758 1977 2814 Min.
2019 2759 2214 2828 Conv„
2249 2758 2354 2834 qui
2387 2758 2575 2817 edidit
2607 2759 2906 2816 Sermones
2921 2759 3110 2817 &Au-

496 2847 711 2905 dinalis
763 2847 962 2905 Crucis
1013 2852 1075 2905 et
1135 2847 1446 2923 episcopus
1501 2847 1779 2906 ostiensis
1830 2850 2049 2922 qustim'
2064 2847 2286 2906 tabulis
2310 2847 2785 2923 locupletissimis
2809 2847 3109 2916 adauct08,

500 2936 730 3012 collegii
795 2934 1183 2994 cardinalium
1258 2937 1500 2994 nomine
1570 2936 1777 2995 literas

496 3025 829 3101 gratiarum
879 3025 1125 3083 actionis
1176 3025 1247 3083 ad
1297 3045 1433 3083 eum
1482 3024 1675 3084 dedit:
1739 3027 1775 3083 1.

497 3120 697 3171 tamen
729 3114 1021 3188 prodiisse
1055 3134 1174 3174 non
1207 3114 1458 3172 videtur.

591 3302 732 3354 598.
766 3291 1076 3368 Theologis
1107 3291 1407 3367 polemicis
1429 3292 1776 3367 sthicimus

497 3401 615 3448 e08,
649 3381 753 3455 qui
786 3386 1023 3456 patrum
1055 3382 1334 3457 operibus
1369 3381 1612 3440 edendis
1645 3401 1776 3439 ver·-

496 3470 766 3528 tendisve
827 3470 1199 3529 insudarunt
1294 3471 1427 3528 Huc
1507 3475 1779 3546 spectant

497 3559 757 3618 Joannes
801 3560 1134 3618 Alexander
1166 3561 1355 3618 Bras
1375 3561 1683 3618 sicanus
1720 3558 1778 3642 (a

496 3649 722 3707 familia
764 3650 1101 3725 germanice
1145 3649 1288 3707 olim
1334 3650 1490 3708 Kohl
1540 3649 1633 3707 vel
1664 3650 1776 3707 Kol

496 3739 588 3796 vel
608 3739 980 3814 Kohlgruber
995 3733 1335 3819 appellata),
1362 3739 1463 3812 qui
1484 3739 1774 3814 aliquam-

494 3828 601 3886 diu
632 3829 888 3886 Luthero
921 3827 1191 3885 addictus
1237 3831 1475 3902 patrum
1525 3830 1776 3888 lectione

496 3918 741 3976 meliora
756 3917 1015 3985 edoctus,
1050 3916 1285 3975 fortiter
1303 3916 1514 3975 deinde
1530 3918 1776 3976 Lutheri

1838 2935 2113 3013 Lugduni
2154 2944 2317 2999 1520
2352 2940 2396 2996 t.
2433 2946 2467 2998 3
2535 2936 2598 2994 in
2634 2946 2703 3000 4;
2755 2937 3010 2994 Moralia
3058 2938 3116 2994 d.

1838 3025 2125 3102 Greyorit}
2160 3025 2239 3083 ib.
2270 3035 2434 3088 1546
2459 3026 2523 3084 in
2548 3034 2617 3093 83
2650 3045 2938 3084 sermones
2957 3024 3120 3083 Petri

1836 3114 1913 3172 ad
1961 3115 2165 3184 Boves,
2219 3114 2297 3171 ib.
2356 3123 2540 3177 1520.
2592 3148 2680 3158 -—
2729 3115 3114 3190 Agapitus

1836 3202 2204 3272 Vicentinus,
2253 3221 2378 3262 can.
2425 3205 2591 3266 later.
2636 3203 2863 3262 ordinis
2902 3209 3112 3270 rector,

1835 3293 1941 3367 qui
1973 3295 2202 3368 primus
2248 3312 2279 3351 e
2328 3294 2592 3351 tenebris
2639 3294 2798 3351 eruit
2828 3311 3117 3351 sermones

1834 3401 1879 3442 3.
1913 3380 2073 3440 Petri
2106 3382 2455 3458 Claerysoloqi,
2489 3383 2789 3441 Bononiae
2829 3391 3013 3451 1534,
3051 3387 3115 3440 et

1835 3471 2044 3529 exinde
2094 3471 2434 3545 saepissime
2485 3490 2740 3530 recusos.
2795 3504 2876 3514 —-
2941 3471 3111 3529 Gui-

1834 3560 2112 3618 lelmus
2175 3560 2401 3619 Parvi
2481 3557 2689 3642 (Petit)
2766 3560 2830 3619 0.
2909 3559 3109 3619 Praed.

1834 3648 2058 3716 GalluS,
2109 3649 2334 3708 ordinis
2388 3646 2491 3731 (ab
2541 3671 2592 3712 a.
2651 3645 2843 3729 1480)
2908 3669 3112 3708 rarum

1833 3736 2012 3797 decus
2045 3741 2106 3796 et
2138 3743 2563 3808 ornamentum,
2598 3739 2803 3797 doctor
2824 3739 3110 3812 parisien-

1835 3828 1935 3896 sis,
1990 3827 2287 3886 Ludovico
2338 3829 2464 3885 XII.
2518 3833 2579 3886 et
2627 3828 2933 3887 Francisco
2985 3829 3028 3885 Ι.
3079 3847 3112 3885 a

1833 3917 2298 3975 confessionibus
2331 3922 2390 3975 et
2423 3918 2820 3986 concionibus,
2874 3916 3109 3992 quaesi·

498 4006 983 4065 innovationibus
1036 4024 1095 4064 se
1130 4007 1423 4081 opposuit.
1490 4007 1775 4066 Viennam
1831 4009 1928 4064 tor
1960 4006 2095 4064 fidei
2130 4026 2234 4082 per
2263 4007 2570 4065 Franciam
2610 4006 2921 4082 generalis,
2955 4006 3106 4082 epis-

495 4099 733 4154 vocatus
825 4097 914 4153 est
990 4094 1061 4152 ad
1155 4095 1509 4153 academiam
1606 4105 1773 4158 1524

495 4182 557 4264 (†
586 4194 682 4244 27.
704 4185 851 4244 Nov,
884 4180 1073 4262 15:39)
1109 4183 1416 4258 ediditque
1450 4185 1774 4243 multorum

577 4411 610 4468 Ι)
639 4406 719 4461 Cf.
750 4407 945 4460 Steber
972 4407 1082 4460 KL.
1104 4407 1166 4470 V,
1197 4413 1365 4465 1496:
1396 4407 1558 4460 Feret
1574 4407 1774 4461 Lafac.

495 4479 563 4531 de
593 4479 787 4532 Theol.
815 4480 882 4532 de
915 4479 1084 4543 Paris,
1104 4480 1327 4547 epoque
1346 4479 1775 4542 mod.11,25-31.

496 4551 595 4618 qui
636 4556 694 4603 et
735 4550 847 4603 alia
889 4552 1140 4619 ejusdem
1184 4567 1353 4620 opera,
1398 4557 1665 4606 recenset.
1713 4553 1779 4604 ut

495 4625 748 4685 Mei-alia,
790 4622 1020 4675 Parisiis
1061 4627 1199 4678 1529
1235 4623 1294 4676 111
1335 4623 1392 4686 f„
1436 4639 1549 4691 quo
1596 4622 1656 4674 in
1684 4640 1777 4692 op.

495 4694 618 4764 agit
628 4694 696 4747 de
710 4694 929 4747 actibus
946 4695 1020 4746 hu
1032 4694 1225 4752 11111111ος
1248 4699 1381 4764 Voye
1395 4713 1546 4748 seur-e
1563 4711 1632 4748 en
1650 4711 1775 4748 con-

494 4767 1035 4830 troverse,ib.1536;
1065 4766 1355 4821 Avenione
1378 4771 1534 4828 1566,
1556 4782 1776 4819 necnon

496 4841 553 4889 et
567 4838 804 4890 inedita.
822 4838 901 4890 De
922 4837 1122 4890 Christ..
1145 4837 1188 4889 L
1207 4856 1237 4890 o
1255 4856 1290 4888 n
1311 4857 1347 4908 g
1366 4856 1401 4890 u
1420 4855 1447 4890 e
1465 4836 1523 4888 il
1552 4841 1775 4906 (11532)

496 4910 565 4962 cf.
598 4909 787 4979 Dupin
822 4908 962 4970 XIV„
991 4914 1085 4965 101
1122 4927 1191 4961 ss.

1833 4113 2015 4170 copus
2047 4097 2332 4154 trecensis
2366 4093 2607 4177 (1518),
2657 4096 2791 4154 dein
2826 4095 3108 4153 silvanec-

1832 4185 2022 4243 tensis
2056 4185 2272 4258 (Senlis
2338 4193 2532 4256 15283
2566 4183 2601 4252 †
2637 4193 2691 4246 8.
2727 4185 2856 4242 Dec.
2898 4179 3108 4265 1536),

1833 4294 2009 4349 quem
2044 4275 2407 4332 Buddeus
2459 4274 2519 4332 in
2567 4294 2655 4348 ep.
2693 4274 2768 4332 ad
2800 4274 3107 4331 Erasmum

1834 4360 1919 4445 (5.
1953 4364 2118 4425 Febr.
2161 4359 2350 4442 1516)
2403 4364 2628 4421 illustri
2660 4363 2922 4422 encomio
2956 4381 3109 4421 com-

1833 4454 2089 4522 mendat,
2156 4457 2217 4511 et
2280 4453 2611 4521 ,librorum
2670 4451 3108 4511 reconditorum

1913 4629 1946 4689 ¹)
1976 4623 2058 4677 Cf.
2105 4622 2401 4692 Dollinger
2453 4623 2840 4677 Reformation
2893 4624 2931 4685 l,
2976 4627 3110 4684 525:

1836 4695 2130 4747 Aschbach
2154 4696 2347 4748 Gesch.
2367 4695 2466 4748 der
2483 4694 2710 4747 Wiener
2729 4693 2893 4747 Univ.
2914 4717 2924 4752 ;
2955 4710 3111 4762 prae·

1834 4767 2025 4820 sertim
2068 4768 2126 4818 in
2171 4767 2491 4836 Nachtriige
2533 4766 2601 4818 ad
2645 4766 2800 4818 1111110
2842 4768 2898 4828 t.,
2942 4764 3110 4819 Wien

1836 4841 1974 4894 1898
2001 4858 2054 4906 p.
2083 4842 2347 4902 43--101,
2389 4837 2489 4890 ubi
2517 4838 2761 4905 reperies
2787 4843 3110 4890 accuratam

1834 4908 2232 4976 biographiam
2261 4909 2347 4963 ed.
2375 4908 2464 4962 W.
2495 4909 2659 4961 Hartl
2684 4913 2742 4962 et
2768 4909 2825 4963 C.
2852 4908 3110 4962 Schrauf.
