3475 5364
1093 350 1224 401 1451
1252 350 1460 400 κ147ἴ).
1490 343 1800 413 Tlieologia
1826 343 2103 413 polemica
2130 351 2327 397 contra
2354 345 2613 396 Graecos.

544 365 670 417 903
3031 357 3160 411 904

544 532 829 591 fossiones
858 530 1244 607 excipiendae.
1277 530 1359 588 Ex
1377 529 1653 588 mandato
1669 529 1821 604 epis·
1878 528 2088 587 saltem
2116 531 2385 603 exparte,
2417 525 2709 585 Bruxellis
2731 535 2914 591 1478.
2953 537 2977 586 1
2995 533 3159 592 479..

546 622 676 696 copi
707 620 1071 679 tornacensis
1110 619 1366 695 Juridiee
1412 618 1728 695 inquisivit
1758 619 1824 676 in
1877 616 1964 675 ed.
2026 617 2359 675 rarissima:
2425 634 2679 690 quorum
2743 615 3004 690 primum
3067 615 3158 672 in·

547 710 833 768 miracula
862 710 917 766 b.
952 709 1186 769 Coletae
1218 706 1277 785 (†
1307 704 1500 788 1447)
1533 708 1595 766 in
1617 708 1823 767 ordine
1879 705 2169 780 scriptum
2217 706 2431 781 Sporta
2476 707 2951 781 fraymentorum,
2999 721 3157 762 com·

545 799 621 858 ad
651 798 1160 867 beatificationem,
1195 798 1292 855 cui
1323 816 1536 856 causae
1563 797 1703 855 dum
1728 797 1823 855 in·
1879 795 2169 870 plectitur
2199 795 2357 853 inter
2390 794 2506 852 alia
2536 798 2610 855 tr.
2642 795 2715 851 de
2737 800 3025 868 perpetua
3040 795 3160 850 vir·

548 892 737 947 staret
767 887 916 947 obiit
946 908 994 944 a.
1038 896 1222 949 1472.
1257 888 1498 945 Praeter
1521 885 1635 944 alia
1666 904 1823 945 com·
1876 886 2122 961 yinitate
2155 884 2202 941 b.
2238 884 2476 943 Mariae
2486 903 2513 954 ,·
2534 901 2652 958 pro
2682 883 2957 940 coelibatu
2985 900 3163 957 prae·

548 977 751 1053 posuit
781 977 1082 1052 dialogum
1112 978 1181 1034 de
1197 995 1243 1034 s.
1261 976 1655 1035 communione
1684 993 1822 1033 con·
1883 973 2087 1031 sertim
2135 973 2683 1041 ecclesiasticorum,
2726 979 2929 1029 contra
2967 973 3161 1029 ieono-

545 1070 644 1126 tra
674 1065 939 1133 Husitas‚
973 1066 1325 1140 impressum
1358 1069 1431 1124 ut
1461 1065 1651 1123 fertur
1681 1065 1824 1122 Tor·
1880 1062 2132 1135 macho-9,
2166 1062 2556 1135 defensoriam
2578 1061 2885 1135 Ecclesiae,
2918 1061 3158 1119 decom-

547 1156 676 1214 naci
745 1163 942 1224 1466;
1019 1154 1309 1232 flaqellum
1371 1155 1825 1228 fascinariorum
1883 1153 2150 1209 munione
2163 1152 2267 1209 sub
2282 1158 2524 1227 utraque
2536 1152 2718 1226 speeie
2731 1153 2872 1218 etc.;
2906 1150 3165 1207 alterum

545 1246 981 1314 haeretieorum,
1029 1243 1405 1302 Francofurti
1454 1252 1613 1308 1581
1669 1243 1730 1300 in
1769 1251 1823 1305 8.
1879 1240 2235 1315 inscriptum
2257 1239 2535 1315 Sportula
2548 1242 3007 1315 ftaqmentorum
3023 1257 3157 1296 cou-

548 1366 634 1375 —
666 1333 926 1392 Multum
955 1332 1225 1391 innotuit·
1255 1336 1302 1390 A
1321 1332 1632 1409 egidius
1662 1330 1825 1389 Car·
1881 1331 2036 1387 tinet
2066 1348 2150 1386 ex.
2186 1348 2271 1404 gr.
2304 1334 2377 1387 tr.
2409 1329 2478 1388 de
2508 1329 2767 1387 electione
2798 1329 2992 1386 Judae
3020 1345 3160 1402 pro-

548 1423 796 1482 lerius
860 1419 1170 1501 (Charlier)
1232 1421 1524 1480 cameraci
1573 1423 1828 1480 exeunte
1882 1420 2130 1493 ditoris;
2176 1419 2245 1476 de
2288 1418 2622 1476 hierarchia
2669 1418 3062 1490 ecelesiastica,
3095 1417 3165 1474 de

550 1531 658 1571 sec.
675 1511 823 1570 XIV.
846 1515 1038 1569 natus.
1062 1510 1284 1569 Studiis
1303 1511 1535 1569 vaeavit
1555 1509 1827 1569 Gersonii
1882 1508 2136 1582 decimis,
2215 1509 2285 1565 de
2358 1508 2682 1584 inteqritate
2769 1508 3164 1581 confessionis,

551 1601 880 1676 discipulus
913 1598 1157 1658 Parisiis
1186 1600 1252 1657 in
1273 1599 1518 1674 collegio
1539 1616 1829 1657 navarreo
1883 1599 2088 1655 contra
2121 1596 2516 1654 consummati
2557 1595 2743 1654 seculi
2775 1595 3164 1655 calculatores

550 1691 861 1764 factusque
910 1692 1003 1747 est
1051 1688 1379 1765 theologiae
1424 1688 1720 1764 professor
1768 1691 1830 1746 et
1883 1691 1990 1745 etc.
2084 1685 2330 1761 Scripsit
2390 1685 2568 1744 etiam
2630 1685 3031 1744 narrationem
3095 1685 3166 1741 de

551 1780 807 1838 decanus
839 1777 1117 1836 ecclesiae
1133 1778 1553 1836 cameracensis
1567 1796 1616 1835 a.
1641 1788 1665 1837 1
1682 1784 1825 1838 431.
1883 1782 2062 1833 morte
2079 1776 2313 1833 Julioni
2332 1774 2640 1832 Caesar-ini
2663 1772 3165 1843 cord.‚inBaluzii

551 1867 836 1927 Interfuit
896 1886 1003 1942 pro
1066 1885 1175 1925 suo
1239 1865 1514 1942 episcopo
1579 1865 1828 1925 concilio
1883 1863 2278 1923 Miscellaneis
2308 1863 2355 1932 Ι,
2394 1873 2507 1926 351
2553 1881 2625 1922 ss.
2661 1862 2795 1920 Alia
2814 1867 3165 1921 manserunt

551 1957 884 2025 basileensi,
932 1956 1105 2031 cujus
1151 1955 1387 2015 nomine
1438 1960 1717 2029 suscepta
1745 1953 1827 2013 le·
1883 1952 2124 2022 inedita,
2157 1956 2229 2010 ut
2261 1951 2718 2011 commentarius
2764 1952 2828 2010 in
2863 1962 2898 2013 4
2934 1951 2996 2008 ll.
3030 1969 3161 2009 sen-

551 2046 790 2123 gatione
821 2064 954 2104 cum
1001 2045 1133 2103 aliis
1165 2045 1414 2121 Pragam
1446 2044 1724 2120 perrexit,
1760 2047 1830 2101 ut
1883 2040 2227 2112 oentiarum,
2266 2043 2511 2099 Scutum
2545 2040 2681 2098 fidei
2697 2036 2742 2120 ι)
2777 2045 2885 2099 etc.

555 2136 795 2194 Husitas
826 2134 898 2192 ad
930 2133 1401 2193 communionem
1423 2132 1717 2193 Ecclesiae
1736 2151 1826 2190 re·

555 2227 791 2284 vocaret
822 2223 917 2282 vel
948 2223 1156 2281 saltem
1189 2224 1259 2280 ad
1284 2223 1604 2282 concilium
1625 2223 1825 2282 allice·

552 2317 661 2372 ret.
692 2313 837 2372 Cum
853 2312 1097 2371 Bohemi
1117 2330 1257 2371 suas
1273 2313 1705 2388 propositiones
1723 2329 1831 2369 seu

554 2403 857 2478 postulata
887 2401 957 2460 ad
990 2404 1248 2476 quatuor
1277 2404 1653 2460 revocassent
1683 2400 1829 2458 arti-

553 2492 731 2560 culos,
753 2491 972 2566 quibus
992 2491 1056 2548 in
1071 2489 1319 2548 concilio
1338 2491 1591 2567 singulis
1605 2489 1832 2564 singuli

553 2581 817 2657 theologi
866 2578 1320 2654 responderunt,

553 2674 812 2746 quatuor
860 2669 985 2728 dies
1031 2668 1102 2726 de
1148 2668 1401 2727 secundo
1451 2674 1560 2731 art.
1612 2666 1730 2730 scil.
1764 2668 1832 2725 de

550 2761 848 2835 punitione
858 2759 1229 2834 publicorum
1236 2765 1603 2830 peccatorum
1624 2757 1830 2833 dispu-

556 2849 735 2906 tavit:
800 2868 976 2923 quam
1027 2846 1493 2922 disputationem
1539 2847 1831 2922 prolixam

555 2937 809 3012 reperies
839 2938 902 2994 in
935 2936 1078 2994 actis
1098 2935 1477 2994 conciliorum
1499 2935 1832 3012 (Hardouin

558 3024 714 3092 VIII,
787 3034 1213 3088 1759—-1824
1239 3048 1252 3093 ς
1316 3026 1379 3082 in
1440 3024 1653 3083 Canisii
1697 3025 1830 3082 lect.

559 3114 740 3188 antiq.
776 3114 906 3175 1v2.
943 3109 1337 3196 566—627).
1401 3114 1544 3171 Cum
1589 3132 1832 3189 respon-

557 3204 693 3263 dere
725 3203 892 3262 nisus
923 3205 1081 3262 esset
1125 3202 1176 3260 N
1194 3202 1397 3262 icola
1419 3223 1504 3262 us
1533 3203 1830 3271 Taberna,

556 3292 722 3352 dedit
751 3294 1173 3368 responsionem
1205 3292 1280 3351 ad
1294 3292 1543 3369 replicas
1563 3293 1629 3350 N.
1653 3310 1834 3366 super

555 3382 1248 3459 punitione'peccatorum
1263 3382 1633 3458 publicorum
1647 3378 1833 3462 (apud

559 3472 746 3533 Mansi
808 3473 936 3530 coll.
1001 3490 1157 3533 conc.
1210 3471 1381 3540 XXX,
1437 3467 1831 3550 391-450).

558 3561 985 3620 Recedentibus
1032 3561 1245 3637 legatis
1295 3561 1561 3619 bohemis
1601 3560 1835 3619 Basilea

555 3652 773 3709 iterum
833 3651 1050 3709 missus
1111 3654 1173 3708 et
1233 3668 1366 3709 cum
1427 3650 1555 3707 aliis
1617 3648 1833 3725 legatis

559 3741 806 3818 Pragam
838 3759 945 3815 pro
977 3739 1385 3815 prosequendo
1407 3738 1834 3797 conciliationis

556 3831 811 3906 negotio.
844 3830 915 3887 de
949 3848 1068 3903 quo
1103 3829 1438 3903 composuit
1466 3828 1502 3885 l.
1534 3827 1835 3902 copiosum

557 3921 625 3977 de
654 3920 1025 3999 leqationibus
1072 3918 1301 3976 concilii
1345 3917 1692 3976 basileensis
1725 3935 1833 3991 pro

557 4008 904 4066 reductione
956 4007 1350 4065 Bohemorum
1404 4002 1832 4087 (1433—36)‚

557 4114 733 4172 quem
797 4097 1054 4172 primum
1101 4095 1290 4153 edidit
1350 4096 1640 4153 Ernestus
1688 4095 1833 4153 Birk

555 4187 617 4243 in
651 4183 1051 4244 Monumentis
1085 4202 1242 4243 conc.
1263 4203 1392 4260 gen.
1416 4203 1526 4243 sec.
1546 4184 1667 4253 XV,
1688 4184 1835 4242 Vin-

557 4274 823 4334 dobonae
878 4283 1058 4338 1857.
1111 4275 1156 4343 Ι,
1211 4283 1577 4337 358-700.
1642 4272 1837 4331 Rediit

557 4364 734 4425 rebus
764 4365 828 4422 in
860 4363 1107 4422 concilio
1126 4363 1198 4422 ad
1216 4364 1564 4423 seditionem
1583 4382 1833 4439 vergen-

555 4453 720 4512 tibus
782 4455 856 4512 ad
906 4453 1207 4511 ecclesiam
1258 4472 1592 4528 munusque
1657 4471 1834 4511 suum

556 4548 800 4601 strenue
833 4543 1190 4604 obeundum.
1254 4541 1538 4601 Interfuit
1585 4541 1835 4600 concilio

560 4632 908 4708 provinciali
937 4633 1190 4690 remensi
1238 4651 1287 4690 a.
1330 4642 1514 4695 1456.
1577 4631 1838 4689 Decessit

557 4724 648 4783 vir
677 4722 890 4781 doctus
920 4721 984 4779 in
1016 4722 1169 4780 bona
1209 4725 1516 4780 senectute
1554 4730 1653 4783 23.
1686 4720 1741 4778 N
1745 4739 1833 4778 ov.

565 4821 728 4876 1472
763 4812 986 4871 relictis
1007 4811 1280 4887 pluribus
1315 4829 1456 4869 suae
1478 4809 1834 4869 eruditionis

556 4902 871 4969 fructibus,
925 4902 1028 4976 qui
1084 4910 1117 4963 2
1156 4920 1209 4963 v.
1262 4901 1326 4959 in
1377 4901 1412 4958 f.
1465 4899 1833 4975 prodierunt,

1978 2264 2121 2317 442.
2154 2255 2225 2313 In
2272 2255 2691 2314 controversiis
2737 2273 2868 2313 cum
2922 2254 3169 2313 Graecis

1885 2345 2105 2403 eminet
2153 2344 2597 2403 illustrissimus
2637 2343 3037 2412 Bessarion‚
3072 2344 3169 2401 vir

1813 2488 1824 2498 ,
1886 2434 2208 2510 insigniter
2256 2433 2467 2491 doctus
2517 2437 2579 2492 et
2628 2434 2842 2491 cultus.
2906 2432 3165 2491 Natione

1886 2527 2014 2581 erat
2034 2525 2309 2594 Graecus,
2334 2522 2527 2597 patria
2547 2522 3040 2597 Trapezuntinus,
3063 2541 3167 2579 na-

1373 2580 1672 2638 carlefms
1724 2596 1831 2654 Per
1884 2615 1986 2671 tus
2048 2611 2396 2688 parentibus
2457 2611 2752 2670 inferioris
2815 2610 3167 2669 conditionis

1885 2721 1934 2762 a.
1976 2712 1999 2762 1
2018 2711 2095 2764 39
2108 2712 2160 2764 5.
2196 2701 2702 2777 Constantinopoli
2731 2702 2793 2759 in
2810 2700 3003 2759 literis
3016 2700 3166 2759 bene

1884 2790 2200 2849 institutus
2234 2790 2348 2849 sub
2393 2791 2682 2867 magistro
2717 2789 3165 2867 Chrysokokkes

1887 2879 2157 2939 ordinem
2184 2898 2228 2938 s.
2249 2879 2454 2938 Basilii
2483 2886 2575 2937 est
2604 2879 2914 2956 ingressus
2944 2883 3004 2937 et
3032 2896 3165 2937 cum

1888 2974 2061 3027 antea
2097 2969 2499 3044 appellaretur
2530 2967 2803 3035 BasiIiuS‚
2840 2967 3165 3026 secundum

1888 3059 2035 3116 alios
2068 3057 2349 3127 Joanue8‚
2388 3058 2579 3116 voluit
2602 3058 2724 3133 jam
2748 3056 3061 3116 Bessarion
3093 3056 3171 3114 ab

1888 3147 2136 3222 antiquo
2170 3150 2373 3205 sancto
2425 3147 2708 3206 monacho
2752 3147 3032 3223 aegyptio
3065 3165 3167 3220 ap-

1889 3236 2118 3310 pellari.
2181 3236 2422 3294 Plenius
2488 3237 2549 3293 in
2611 3236 2860 3294 scientia
2910 3235 3167 3310 philoso-

1888 3325 2061 3401 phica
2134 3330 2194 3383 et
2255 3325 2507 3383 mathesi
2567 3325 2816 3400 profecit
2896 3325 3009 3384 sub
3069 3325 3165 3382 Ge.

1889 3414 2150 3473 Gemisto
2169 3414 2214 3471 P
2228 3415 2245 3471 l
2259 3414 2376 3472 eth
2391 3412 2596 3494 one8).
2623 3414 2798 3472 Brevi
2819 3414 2890 3472 ad
2910 3431 3169 3472 summas

1970 3627 2005 3685 Ι)
2034 3623 2115 3675 Cf.
2144 3621 2334 3675 Oudin
2374 3621 2470 3682 ΙΙΙ,
2508 3626 2648 3676 2550
2683 3637 2784 3677 ss.;
2836 3619 3165 3688 Juugmann

1892 3692 2004 3748 KL.
2031 3693 2152 3753 111³,
2179 3697 2248 3748 89
2276 3710 2375 3752 ss.;
2420 3694 2583 3746 Feret
2608 3692 2699 3756 IV,
2729 3696 3007 3747 3092-13:
3036 3689 3171 3743 Birk

1891 3764 1950 3816 in
1980 3765 2156 3889 pxraef.
2185 3765 2271 3817 ed.
2301 3764 2452 3819 Mon.
2480 3779 2634 3817 conc.
2662 3779 2790 3833 gen.
2822 3763 2859 3814 1.
2890 3781 2942 3831 p.
2974 3761 3170 3815 XXI——

1966 3918 2005 3973 ν)
2036 3906 2142 3961 Hic
2170 3907 2259 3960 vir
2286 3905 2389 3960 GP.
2418 3926 2469 3965 n.
2491 3925 2535 3958 c.
2562 3910 2698 3962 1355
2725 3904 2838 3959 fuit
2863 3904 3172 3958 admodum

1890 3978 2165 4041 eruditus,
2186 3977 2582 4048 philosophiae
2601 3975 2923 4046 platonicae
2940 3976 3174 4044 penitus

1890 4050 2171 4114 addictus,
2212 4049 2344 4102 hinc.
2374 4049 2573 4103 Cosmo
2615 4049 2683 4101 de
2713 4046 2946 4101 Medicis
2973 4051 3171 4100 auctor

1891 4121 2005 4174 fuit
2043 4120 2432 4174 instituendae
2472 4119 2793 4173 academiae
2834 4117 3169 4189 platonicae.

1894 4192 2233 4262 palaeologo
2251 4192 2388 4261 imp.
2406 4195 2530 4245 erat
2547 4195 2814 4261 acceptus
2828 4189 2926 4243 sed
2941 4190 3174 4243 unionis

1891 4281 2022 4318 cum
2048 4264 2243 4317 latinis
2271 4263 2645 4318 adversarius.
2702 4262 2960 4329 Reliquit
2998 4278 3171 4329 quam

1893 4336 2063 4406 plura
2090 4336 2321 4404 scripta,
2370 4336 2520 4388 inter
2546 4351 2693 4402 quae
2720 4337 2782 4387 de
2800 4337 3102 4402 platonicae
3128 4342 3175 4385 et

1892 4411 2239 4462 aristotelicae
2270 4410 2636 4475 philosophiae
2662 4408 2980 4473 differentia,
3004 4406 3171 4475 juxta

1893 4496 2065 4546 quani
2096 4478 2194 4532 illa
2222 4495 2396 4546 quam
2427 4476 2666 4531 maxime
2695 4477 2843 4530 hanc
2859 4474 3171 4546 praecellit.

1896 4551 2053 4603 Hanc.
2105 4553 2163 4604 et
2212 4549 2325 4603 alia
2378 4549 2658 4618 quaedam
2711 4548 2966 4618 reperias
3017 4545 3175 4616 apud

1896 4622 2085 4691 Migne
2113 4621 2269 4685 CLX,
2297 4625 2397 4678 821
2415 4625 2634 4677 -102ὓ,
2683 4619 2993 4674 Decessisse
3023 4617 3173 4671 vide·

1895 4699 1987 4746 tur
2015 4709 2184 4747 senex
2216 4692 2330 4746 fere
2358 4695 2587 4746 centum
2630 4708 2909 4745 annorum
2938 4708 2989 4745 a.
3018 4695 3175 4747 1452.

1894 4768 2105 4818 Graves
2135 4767 2334 4817 nactus
2374 4769 2459 4817 est
2498 4762 2852 4817 adversarios
2879 4767 2946 4815 ut
2970 4763 3171 4830 Georg.

1894 4835 2398 4907 Trapezuntinum.
2453 4834 2814 4889 Theodorum
2865 4832 3176 4887 Gazensem

1893 4911 1951 4961 et
2001 4906 2333 4978 praesertim
2387 4908 2591 4975 Georg.
2642 4904 3022 4969 SchoInrinm,
3072 4904 3175 4972 qui
