3475 5364
676 365 803 419 419
1469 352 1839 406 1276-1300,
1870 347 2138 403 Historia.
2168 346 2508 413 Salimhem,
3175 366 3293 417 420

671 537 911 592 tantum
962 532 1185 609 prodiit
1243 533 1509 591 chronica
1558 527 1957 613 (1212—87,
2015 533 2185 603 dinis,
2239 533 2311 592 de
2362 552 2593 593 morum
2639 533 2895 603 cultura,
2942 534 3013 591 de
3043 532 3200 591 viris
3230 533 3297 591 il-

670 623 739 681 in
771 622 892 682 cod.
926 642 995 681 ea
1026 621 1238 698 incipit
1286 622 1360 680 ab
1393 642 1444 685 a.
1486 618 1679 702 1167)
1733 640 1803 679 ex
1834 620 1957 679 cod.
2012 622 2309 681 lust-ribus
2339 622 2628 698 pretiosas
2661 623 2926 681 exhibet:
2973 621 3118 681 hinc
3149 641 3186 679 a
3213 640 3297 679 re-

673 712 1070 771 bibliothecae
1085 710 1391 769 vaticanae
1405 711 1961 770 intermonumenta
2012 712 2378 770 cautioribus
2423 711 2721 770 historicis
2761 711 2970 789 magni
3018 712 3299 770 aestima-

674 801 959 860 historica
1002 800 1077 858 ad
1122 799 1455 876 provincias
1497 817 1866 875 parmensem
1900 801 1961 856 et
2012 805 2130 858 tur.
2194 792 2443 870 Quando
2487 804 2694 859 noster
2723 805 2933 860 auctor
2962 800 3299 861 decesserit.

672 890 1073 966 placentinam
1104 888 1466 965 pertinentia
1492 892 1535 946 t.
1558 889 1679 957 111„
1715 888 1958 946 Parmae
2012 908 2133 948 non
2164 890 2309 948 satis
2341 892 2592 949 constat.
2654 889 2818 949 Vixit
2860 889 3055 949 adhuc
3109 888 3300 948 medio

678 989 844 1044 1857
882 979 947 1037 in
981 989 1034 1041 4.
1069 997 1214 1037 cura
1232 980 1371 1036 Ant.
1404 978 1664 1045 Bertani,
1699 976 1954 1045 Amadii,
2013 998 2060 1035 a.
2105 987 2287 1043 1288.

673 1068 963 1128 Bonchini
1007 1071 1068 1125 et
1098 1067 1244 1126 Lud.
1296 1066 1579 1136 Barbieri,
1627 1066 1806 1125 editio
1837 1084 1957 1125 non

670 1158 953 1216 omnibus
967 1156 1233 1215 numeris
1250 1156 1535 1214 absoluta.
1565 1155 1724 1224 Quae
1742 1155 1956 1213 desunt

669 1246 948 1304 exhibuit
978 1245 1180 1304 cledat
1226 1247 1298 1303 de
1324 1246 1517 1318 fratre
1548 1245 1869 1303 Salimbene
1898 1246 1960 1301 et
2009 1264 2152 1304 nus
2186 1246 2925 1323 cognomentoPolonuS,
2959 1245 3068 1320 qui
3101 1250 3304 1303 tamen

662 1336 747 1394 ‘de
779 1336 910 1411 ejus
955 1334 1264 1394 chronicae
1308 1333 1678 1402 auctoritate,
1712 1332 1958 1391 Parisiis
2010 1335 2442 1410 posterioribus
2490 1334 2724 1403 seculis,
2774 1337 2844 1392 ut
2888 1333 3104 1393 scribit
3152 1334 3302 1402 Que-

684 1434 848 1488 1878
883 1444 937 1499 p.
975 1433 1297 1486 61—116.
1361 1423 1567 1482 Versio
1609 1423 1769 1491 itala,
1804 1440 1957 1497 quae
2011 1423 2093 1481 tif
2116 1424 2161 1491 1,
2200 1434 2345 1494 361,
2382 1443 2493 1493 ,ex
2537 1423 2702 1482 vario
2744 1423 3063 1499 praecipiti
3097 1426 3167 1481 et
3197 1422 3302 1480 im-

669 1513 898 1590 prodiit
928 1513 1168 1571 Parmae
1205 1521 1390 1577 1882.
1430 1521 1597 1575 1883
1644 1515 1687 1570 t.
1725 1520 1759 1573 2
1794 1513 1959 1569 caret
2011 1513 2203 1589 perito
2278 1514 2544 1589 plurium
2607 1513 3118 1571 nomenclatorum
3186 1512 3298 1569 cri-

671 1604 881 1679 pretio.
927 1602 1207 1661 Auctoris
1256 1619 1406 1677 opus
1440 1600 1671 1659 mendis
1713 1600 1956 1676 quidem
2009 1602 2162 1660 terio
2211 1602 2406 1677 quoad
2436 1601 2707 1678 patriam,
2740 1604 3009 1669 aetatem,
3073 1599 3303 1677 profes·

673 1691 952 1757 inficitur,
1000 1690 1254 1749 subinde
1305 1694 1510 1748 contra
1548 1688 1724 1749 fidem
1756 1692 1957 1765 peccat
2011 1691 2252 1762 sionem,
2334 1690 2543 1759 officia,
2621 1690 2962 1767 dignitates,
3045 1690 3299 1748 obitum.

677 1780 1046 1850 historicam3
1096 1779 1223 1855 ipse
1273 1797 1410 1837 vero
1462 1778 1527 1836 in
1559 1778 1684 1837 suis
1707 1778 1955 1854 judiciis
2011 1780 2229 1854 scripta
2288 1784 2383 1839 tot
2430 1780 2694 1838 tenebris
2740 1796 3017 1856 aspersus
3071 1784 3189 1847 est,
3236 1784 3303 1835 ut·

670 1887 797 1928 non
830 1887 1062 1944 semper
1094 1871 1187 1927 est
1217 1887 1445 1943 aequus
1485 1871 1695 1943 utpote
1725 1866 1956 1944 ingenii
2003 1870 2130 1945 jam
2159 1869 2258 1928 vix
2289 1871 2698 1947 agnoscatur.‘
2766 1868 2927 1927 Illud
2975 1868 3045 1925 in
3091 1867 3298 1944 primis

671 1957 854 2017 vividi
870 1960 931 2016 et
942 1956 1337 2027 acris,ardens
1352 1959 1641 2032 patronus
1656 1959 1718 2015 et
1732 1956 1958 2015 assecla
2011 1958 2416 2031 rejiciendum,
2450 1957 2776 2016 Martinam
2794 1957 3096 2016 Polonum
3128 1961 3196 2016 et
3214 1976 3300 2014 ar-

2105 1165 2247 1218 222.
2299 1157 2635 1215 Plurimum
2698 1157 2968 1215 innotuit
3031 1157 3091 1214 M
3113 1176 3150 1214 a
3165 1159 3240 1213 rt
3255 1155 3300 1212 i·

670 2047 1021 2123 opinionum
1052 2046 1088 2104 J
1105 2042 1436 2105 oachimi
1470 2045 1542 2103 de
1576 2064 1618 2102 S.
1652 2045 1824 2103 Flore
1859 2042 1954 2126 (cf.

674 2155 729 2211 p.
769 2130 940 2215 225),
974 2154 1125 2211 quae
1156 2134 1347 2211 ipsius
1387 2134 1684 2209 judicium
1717 2134 1955 2192 histori-

668 2244 808 2284 cum
839 2243 961 2283 non
1011 2224 1193 2283 semel
1219 2224 1488 2282 ‘turbant
1538 2226 1599 2281 et
1645 2222 1956 2293 inficiunt;

672 2313 904 2391 rigidus
937 2313 1115 2371 etiam
1148 2328 1353 2372 censor
1396 2331 1629 2372 morum
1662 2313 1955 2388 praelato-

674 2423 806 2462 rum
838 2403 934 2461 vel
964 2401 1335 2478 pontificum,
1370 2404 1432 2459 et
1462 2401 1524 2460 in
1545 2401 1770 2459 clerum
1790 2418 1956 2459 secu—

675 2493 861 2551 larem
892 2491 1091 2549 minus
1124 2508 1489 2568 propensus:
1524 2493 1725 2548 tamen
1757 2490 1955 2566 ipsum

675 2599 827 2656 opus
848 2582 940 2639 est
958 2581 1280 2656 pretiosum
1296 2576 1362 2660 1).
1397 2579 1660 2654 Scriptor
1689 2580 1850 2637 enim
1869 2581 1960 2638 est

660 2669 1005 2747 generatim
1037 2669 1321 2728 candidus
1368 2673 1427 2727 et
1471 2668 1711 2745 probus,
1744 2668 1807 2727 in
1841 2668 1956 2727 fac-

672 2760 756 2818 tis
789 2759 884 2818 sui
915 2758 1200 2834 temporis
1220 2759 1369 2818 bene
1391 2758 1744 2827 instructus,
1769 2757 1958 2817 felicis

672 2848 1011 2918 memoriae,
1045 2848 1218 2907 modo
1252 2848 1508 2906 naturali
1528 2849 1590 2905 et
1602 2865 1849 2905 amoeno
1863 2865 1957 2906 res

672 2940 878 3014 :gestas
909 2941 1132 3005 narrat,
1176 2937 1416 2995 notitias
1462 2937 1535 2996 de
1584 2936 1831 2995 historia
1861 2955 1955 2994 or·

757 3130 792 3197 ¹)
820 3123 903 3179 cf.
942 3126 1263 3178 accuratam
1307 3122 1783 3195 monographiam
1830 3139 1959 3175 auc-

656 3200 798 3251 'tore
863 3196 922 3248 Ε.
975 3195 1220 3249 Michael
1264 3195 1316 3250 S.
1368 3195 1419 3249 J.
1471 3195 1788 3250 Salimbene
1840 3195 1959 3247 und

674 3268 827 3321 scine
875 3265 1144 3331 Chronik‚
1190 3267 1291 3334 qui
1335 3267 1646 3337 praemissa
1689 3268 1813 3335 ejus
1840 3264 1960 3319 vita.

680 3339 962 3410 sagaciter
1035 3338 1097 3391 in
1160 3337 1304 3392 vitia
1366 3342 1423 3391 et
1484 3339 1644 3392 dotes
1707 3341 1958 3408 (effi—84,

675 3415 943 3482 95—123)
987 3412 1045 3464 et
1089 3409 1273 3463 fontes
1300 3409 1423 3479 ejus
1450 3408 1748 3464 chronicae
1773 3408 1959 3476 inqui-

673 3483 768 3547 rit,
796 3481 1371 3550 disquisitionemque
1397 3498 1559 3534 suam
1580 3480 1662 3533 ita
1683 3479 1958 3534 absolvit:

676 3557 747 3608 So
797 3555 873 3607 ist
905 3553 1056 3607 denn
1092 3556 1261 3606 unter
1304 3553 1761 3620 Voraussetzung
1802 3550 1959 3605 kriti·

671 3627 847 3679 schen
874 3625 1231 3678 Gebraucbes
1259 3624 1347 3677 Fr.
1375 3622 1697 3677 Salimbene
1741 3623 1832 3675 fiir
1859 3624 1960 3676 das

675 3697 999 3751 dreizehnte
1025 3696 1224 3750 Jahrb.
1255 3694 1630 3749 thatsiichlich
1676 3693 1833 3758 „eine
1861 3695 1961 3746 der

668 3768 1100 3822 werthvollsteu
1117 3766 1389 3831 Quellew
1411 3766 1848 3837 (wattenbach).
1877 3767 1959 3818 [m

675 3839 994 3894 besondern
1041 3838 1187 3891 hielt
1212 3838 1455 3893 Bohmer
1483 3836 1593 3908 (bei
1621 3837 1861 3891 Janssen
1889 3838 1955 3901 ll,

674 3915 798 3982 532)
861 3910 986 3963 eine
1039 3909 1373 3963 Geschichte
1435 3910 1533 3962 des
1583 3908 1960 3963 Lombarden-

676 3982 910 4045 bundeS,
938 3979 1151 4034 welche
1178 3982 1284 4035 auf
1314 3981 1404 4034 die
1432 3981 1654 4034 damals
1680 3980 1828 4033 noch
1857 3998 1959 4033 un-

672 4052 988 4123 gedruckte
1006 4051 1257 4106 Chrouik
1284 4052 1380 4105 des
1396 4052 1699 4105 Parmesen
1716 4050 1960 4105 verzich-

675 4129 771 4177 ten
796 4127 1003 4188 musste,
1032 4124 1123 4176 fiir
1149 4123 1514 4178 entechieden
1538 4122 1811 4185 verfrtibt‚
1838 4123 1960 4176 und

674 4194 829 4250 Dove
875 4194 1358 4266 (Doppelchronik
1411 4213 1467 4265 p.
1516 4200 1568 4262 ὁ)
1636 4197 1820 4247 nennt
1867 4193 1959 4247 die

674 4267 950 4348 Leistung
977 4267 1074 4320 des
1102 4267 1539 4320 Franciskaners
1567 4265 1627 4319 in
1650 4266 1841 4334 Bezug
1860 4267 1967 4318 auf

672 4338 1064 4419 gleichzeitige
1116 4337 1451 4392 Geschichte
1512 4339 1693 4390 seines
1743 4336 1961 4391 Ordens

675 4409 800 4463 eine
832 4409 1312 4480 „Originalquelle
1339 4412 1523 4463 ersten
1546 4409 1823 4476 Ranges“.
1855 4407 1959 4461 Ibi-

668 4481 801 4534 dem
828 4497 886 4534 re
933 4482 1073 4535 eries
1112 4482 1175 4534 in
1221 4481 1430 4535 introd.
1456 4480 1742 4551 copiosam
1772 4480 1958 4534 litera.-

674 4556 863 4606 turam
930 4570 959 4606 e
986 4558 1178 4607 nostro
1219 4555 1467 4608 auctore.
1520 4552 1654 4605 Eam
1697 4550 1960 4618 disquisi-

670 4625 886 4678 tionem
903 4624 1077 4678 habes
1093 4626 1263 4678 etiam
1281 4624 1341 4677 iu
1354 4624 1619 4678 Zeitschr.
1638 4623 1675 4675 f.
1692 4623 1749 4676 k.
1762 4622 1958 4677 Theoi.

2011 2047 2452 2123 chiepiscopum
2472 2047 2858 2105 Cusentinum
2873 2065 3066 2104 unum
3082 2053 3148 2104 et
3160 2063 3298 2105 eun·

2012 2136 2146 2194 dem
2179 2137 2527 2212 scriptorem
2571 2134 2774 2195 fuisse.
2817 2135 3126 2195 Martinus
3167 2152 3295 2210 cog·

2012 2228 2291 2285 nomento
2319 2225 2623 2300 Strepus
2646 2224 2946 2301 Oppaviae
2965 2221 3293 2305 (Troppau)

2011 2316 2205 2383 uatus,
2242 2315 2462 2391 Pragae
2491 2317 2720 2373 vestem
2755 2314 2817 2372 Ο.
2847 2314 3051 2372 Praed.
3087 2312 3295 2371 induit

2013 2403 2332 2462 Clementis
2379 2402 2475 2463 IV.
2521 2402 2641 2461 fuit
2688 2402 3195 2479 poenitentiarius
3240 2417 3296 2458 ac

2012 2492 2370 2567 capellanus,
2412 2491 2634 2567 quibus
2677 2492 2900 2550 muniis
2931 2492 3186 2550 functus
3215 2497 3294 2548 est

2014 2581 2126 2640 sub
2138 2582 2530 2657 sequentibus
2539 2578 3291 2657 pontificibusGregorioX..

2012 2670 2357 2732 Innocentio
2392 2670 2477 2740 V„
2509 2670 2739 2729 Joanne
2772 2670 2920 2729 XXI.
2958 2674 3021 2729 et
3058 2669 3292 2730 Nicolao

2014 2760 2135 2829 ΙΠ.,
2172 2761 2277 2836 qui
2310 2780 2444 2820 eum
2479 2759 2870 2835 promovitad
2893 2760 3291 2819 Gnesnensem

2011 2849 2357 2925 primariam
2409 2849 2687 2909 Poloniae
2750 2849 2949 2908 sedem
3005 2858 3111 2910 22.
3163 2849 3289 2907 Jun-

2021 2947 2220 3002 1278:
2255 2939 2359 2997 sed
2390 2938 2533 2997 dum
2565 2938 2883 2997 Ecclesiam
2913 2956 3089 2996 suam
3104 2937 3290 2996 aditu·

2013 3045 2117 3085 rus
2163 3027 2280 3085 iter
2324 3027 2691 3104 aggreditur,
2738 3027 3048 3086 Bononiae
3101 3024 3290 3085 morbo

2013 3119 2318 3192 correptus
2381 3117 2584 3175 eodem
2646 3137 2694 3175 a.
2743 3116 2963 3175 ibidem
3031 3113 3288 3175 decessit.

2013 3205 2180 3264 Nihil
2223 3205 2514 3264 celebrius
2559 3206 2689 3281 ejus
2737 3205 3022 3264 Chronico
3051 3220 3288 3264 summo-

2016 3313 2147 3353 rum
2198 3297 2543 3370 pontificum
2619 3302 2787 3372 atque
2878 3296 3289 3368 imperatorum

2013 3403 2393 3443 romanorum
2403 3402 2509 3460 per
2521 3402 2814 3442 annorum
2824 3384 3284 3461 quinquagenas.

2014 3473 2174 3548 quod
2204 3474 2391 3533 forma
2435 3473 2669 3532 concisa
2707 3472 3056 3547 compilavit
3086 3474 3153 3531 iu
3182 3470 3288 3530 uti·

2012 3562 2243 3621 litatem
2304 3563 2733 3639 theologorum.
2813 3562 2975 3620 Illud
3043 3562 3286 3637 primum

2014 3651 2192 3710 desiit
2235 3652 2300 3709 in
2347 3652 2645 3710 Clemente
2689 3650 2804 3718 IV„
2853 3650 2957 3720 sed
3003 3651 3285 3709 Martinus

2014 3758 2163 3815 opus
2213 3735 2391 3799 suum
2441 3739 2623 3810 auxit,
2671 3744 2744 3797 ut
2791 3757 2984 3799 novus
3035 3737 3286 3816 pontifex

2016 3829 2382 3900 succedebat,
2446 3828 2567 3887 scil.
2621 3847 2813 3904 usque
2862 3828 2937 3887 ad
2987 3829 3284 3889 Nicolaum

2018 3913 2261 3999 (1277).
2323 3919 2394 3976 In
2425 3937 2546 3977 una
2576 3918 2800 3995 pagina
2831 3917 2906 3976 ad
2938 3918 3172 3977 laevam
3201 3934 3283 3975 ex·

2015 4007 2184 4066 hibet
2214 4006 2538 4083 pontifices,
2574 4010 2639 4065 in
2669 4003 2858 4066 altera
2887 4006 2963 4064 ad
2995 4007 3280 4066 dexteram

2015 4097 2433 4172 imperatores:
2478 4114 2777 4173 quamque
2807 4096 3089 4172 pagiuam
3121 4096 3183 4154 in
3215 4104 3280 4158 50

2014 4186 2201 4244 lineas
2234 4185 2469 4254 dividit,
2516 4188 2578 4243 et
2617 4186 2682 4243 in
2713 4185 2980 4262 margine
3011 4185 3090 4243 ad
3120 4185 3281 4260 caput

2014 4294 2238 4333 annum
2284 4274 2591 4344 adscribit,
2648 4274 2792 4333 adeo
2842 4276 2915 4332 ut
2963 4274 3030 4332 in
3063 4288 3280 4350 quaque

2014 4364 2230 4441 pagina
2272 4363 2413 4422 anni
2463 4374 2541 4427 50
2589 4363 2872 4422 distincte
2912 4363 3038 4421 sint
3087 4360 3277 4421 notati.

2013 4456 2225 4529 totque
2256 4453 2445 4511 lineas
2476 4452 2667 4512 cuivis
2710 4452 2978 4528 pontifici
3007 4449 3279 4528 impendit

2014 4544 2163 4618 quot
2194 4542 2369 4602 annis
2399 4543 2691 4618 regnavit.
2753 4541 2926 4600 Falso
2971 4544 3190 4610 autem,
3221 4545 3277 4596 ut

2014 4632 2272 4701 videtur,
2306 4631 2440 4690 aliis
2472 4635 2675 4690 tamen
2693 4629 3158 4708 refragantibus,
3177 4627 3277 4706 ipsi

670 4695 804 4751 xm
848 4699 1047 4766 (1889),
1092 4701 1393 4752 2:25-269·
1464 4695 1545 4750 Cf·
1592 4696 1650 4748 et
1694 4694 1963 4776 P0t¹⁵ha⁸P
2011 4720 2310 4779 tribuitur
2337 4719 2540 4779 fabula
2573 4719 2810 4779 Joanne
2838 4719 3130 4795 papissae,
3161 4737 3279 4778 nam

673 4786 728 4836 p.
772 4773 933 4849 995122
989 4767 1114 4823 Affo
1169 4767 1437 4821 Memoris
1488 4765 1645 4836 degli
1697 4765 1960 4846 Scrittori

668 4857 914 4968 pgggl-l—gi
925 4838 1359 4969 5234208-—3242
1411 4838 1721 4908 Fechttrup
1751 4837 1863 4889 hL.
1889 4837 1957 4901 X,

2013 4813 2084 4868 ut
2112 4813 2371 4868 testatur
2403 4807 2611 4877 Quetif
2620 4805 2683 4890 ¹),
2732 4829 2804 4868 ea
2850 4809 3021 4867 abest
3064 4810 3142 4868 ab
3171 4827 3276 4867 om-

2012 4899 2190 4959 nibus
2240 4898 2544 4958 codicibus
2601 4898 2828 4975 primae
2888 4897 3172 4958 editionis
3225 4913 3279 4955 ac
