3475 5364
488 375 524 427 7
883 363 1253 415 1109—1141.
1281 357 1476 412 Theol.
1504 357 1679 419 schol.
1707 360 1767 412 et
1790 356 1907 428 pol.
1936 358 2259 412 Ber-nardus
2286 358 2463 419 morl„
2491 358 2711 424 Petrus,
3071 376 3109 430 8

488 546 774 621 opuscula
805 544 1077 604 Coloniae
1106 555 1305 616 1555;
1338 545 1402 603 in
1420 544 1770 603 bibl.maxi-
1827 539 2054 624 (Migne
2127 554 2265 616 184,
2325 542 2789 627 1307—1316)
2854 548 2914 604 et
2977 545 3111 603 Ma-

489 654 585 693 ma
614 635 727 696 ΡΡ.
758 634 923 711 lugd.
954 638 997 692 t.
1019 633 1146 705 XII,
1173 643 1295 697 349
1332 652 1438 696 ss.:
1473 634 1536 692 in
1567 647 1769 710 patro·
1824 636 2003 706 riale,
2066 634 2227 711 quod
2278 637 2372 693 est
2426 635 2929 712 vulgatissimum.
2972 634 3112 710 Ipse

486 725 645 801 logia
674 724 927 800 Migne
969 733 1109 794 160,
1148 732 1564 786 935-1036.
1601 722 1769 781 Com·
1826 723 2068 781 videtur
2117 724 2422 801 collegisse
2477 724 2930 783 Consuetudines
2990 724 3112 783 olu-

488 814 811 871 mentara'us
844 815 908 870 in
928 808 1355 891 Apocalypsim
1390 807 1577 893 (iuter
1596 831 1771 887 opera
1825 813 2115 871 niaoensis
2190 814 2533 872 monasterii
2621 813 2685 871 in
2757 813 2888 876 Vet.
2968 813 3110 871 disc.

491 921 537 962 s.
568 901 962 960 Ambrosii
989 901 1080 959 ed.
1111 920 1301 960 maur.
1332 901 1408 962 IL
1437 921 1569 977 app.
1592 894 1768 1072 4993,

490 1010 669 1066 quem
701 989 819 1067 ipsi
850 989 1068 1049 tribuit
1112 989 1363 1049 Oudin
1409 986 1510 1071 (II,
1553 1000 1717 1053 1004

1826 904 2095 971 monast„
2112 902 2359 960 Parisiis
2388 913 2410 964 1
2430 913 2461 965 7
2474 898 2599 984 26),
2621 920 2770 978 quas
2779 905 2976 963 tamen
2990 901 3108 960 col-

1754 1034 1767 1059 ,
1824 991 2031 1067 legisse
2063 990 2542 1050 Bernardum
2585 991 2956 1061 monachum,
3003 990 3111 1049 ah·

482 1079 687 1156 judice
746 1079 1109 1139 Fabricio
1160 1082 1254 1137 est
1303 1080 1351 1137 B
1369 1078 1769 1156 erengarii
1825 1079 2062 1155 quando
2095 1080 2351 1156 priorem
2368 1080 2807 1156 nongentinum
2826 1075 2891 1161 (†
2916 1090 3028 1145 101
3045 1076 3111 1159 9)

491 1168 873 1238 Turonensis,
893 1186 1000 1226 seu
1019 1168 1224 1243 potius
1257 1169 1304 1227 B
1321 1188 1353 1226 e
1367 1188 1398 1226 r
1412 1187 1444 1226 e
1459 1187 1500 1226 n
1515 1188 1555 1245 g
1569 1188 1603 1226 a
1618 1186 1660 1226 u
1675 1167 1711 1225 d
1729 1168 1768 1237 i,
1825 1168 1929 1227 alii
1961 1168 2189 1231 dicunt.

491 1258 597 1334 qui
613 1256 814 1316 floruit
832 1275 940 1316 sec.
961 1256 1058 1314 IX.
1089 1251 1188 1338 (cf.
1208 1257 1512 1320 Nomencl.
1534 1257 1578 1327 1,
1599 1266 1632 1320 8
1645 1251 1770 1337 30).

505 1346 637 1405 Vita
651 1366 695 1407 s.
711 1346 937 1425 Ayritii
952 1343 1275 1426 (Agroecii)
1291 1346 1554 1423 episcopi
1570 1346 1774 1420 quarti

492 1436 839 1495 trevirensis
872 1433 933 1517 (†
955 1428 1127 1517 332),
1162 1454 1313 1511 quae
1345 1438 1500 1493 teste
1533 1434 1772 1493 Waitz

489 1525 649 1584 inter
722 1525 984 1600 pretiosa
1054 1524 1340 1583 historiae
1421 1523 1769 1583 trevirensis

491 1616 878 1673 monumenta
938 1613 1147 1672 referri
1208 1613 1401 1682 debet,
1481 1613 1770 1672 hactenus

492 1720 788 1778 anonyma
805 1696 992 1785 (apud
1012 1701 1107 1761 Mi
1120 1721 1216 1779 gn
1231 1722 1263 1761 e
1295 1702 1482 1773 CLIV,
1513 1711 1772 1765 1247—

500 1803 526 1854 1
542 1785 711 1871 250),
733 1791 964 1867 integre
985 1791 1222 1850 demum
1243 1791 1403 1849 edita
1434 1811 1468 1849 a
1498 1791 1534 1848 S
1551 1810 1585 1848 a
1601 1808 1643 1848 u
1658 1809 1689 1848 e
1708 1809 1769 1848 r-

491 1879 676 1938 land
753 1876 960 1960 (Trier,
1025 1879 1608 1955 Geschichtsquellen
1669 1878 1772 1938 des

493 1969 590 2027 xl.
634 1967 861 2040 Jahrb„
910 1968 1075 2027 'trior
1116 1978 1278 2033 isse
1313 1989 1369 2045 p.
1418 1964 1770 2050 55—212)‚

492 2058 568 2116 ab
627 2059 739 2115 hoc
796 2060 1001 2117 nostro
1052 2058 1283 2116 auctori
1330 2058 1616 2116 asseritur
1665 2053 1772 2139 (ib.

500 2159 526 2211 1
544 2156 621 2209 50
659 2142 764 2226 ss).
799 2145 912 2205 Sed
943 2146 1279 2222 refragatur
1309 2148 1515 2205 Marx
1546 2146 1612 2205 in
1633 2146 1773 2208 diss,

494 2236 611 2294 Der
640 2235 938 2312 Biograph
969 2234 1073 2294 des
1106 2235 1298 2298 Bisch.
1331 2235 1603 2312 Agritius
1633 2255 1686 2297 v,
1709 2234 1774 2299 Τ.

492 2326 557 2383 in
603 2323 1052 2383 Westdeutsche
1098 2324 1375 2388 zeitschr,
1423 2324 1522 2382 fiir
1571 2324 1773 2383 Gesch.

490 2413 620 2472 und
663 2413 864 2471 Kunst
893 2414 1003 2471 XII
1048 2408 1293 2494 (1893),
1341 2422 1621 2483 37-50,
1671 2413 1777 2487 qui

492 2501 828 2562 rationibus
873 2502 1031 2560 haud
1091 2502 1495 2561 inefficacibus
1557 2503 1774 2573 utitur,

490 2591 817 2667 potiusque
863 2592 986 2649 stat
1033 2610 1141 2666 pro
1189 2591 1630 2667 Angibaldo
1680 2610 1774 2650 ec-

492 2679 708 2739 clesiae
754 2678 1105 2738 cathedralis
1150 2679 1501 2741 scholastico
1547 2674 1630 2761 (fl.
1663 2700 1774 2744 sec.

494 2765 619 2852 XI).
640 2802 729 2813 —-
747 2769 914 2827 Inter
945 2787 1121 2844 opera
1155 2789 1200 2828 s.
1232 2770 1280 2828 B
1298 2770 1617 2829 ernardi
1648 2770 1773 2828 edi·

497 2858 588 2916 dit
618 2859 676 2916 M
693 2878 726 2916 a
739 2858 779 2916 b
796 2857 855 2916 il
873 2858 944 2916 lo
960 2876 999 2916 n
1032 2860 1473 2917 instructionem
1504 2861 1773 2918 sacerdo-

491 2945 569 3006 tis
600 2965 709 3005 seu
738 2949 1063 3005 tractatum
1094 2946 1167 3006 de
1196 2948 1531 3024 praecipuis
1551 2951 1775 3025 myste-

491 3036 598 3095 riis
646 3035 950 3112 religionis
993 3039 1233 3096 nostrae
1278 3057 1377 3114 pp.
1423 3038 1506 3097 111
1558 3034 1775 3118 (Filius

492 3125 603 3184 Dei
636 3124 802 3183 dedit
831 3143 892 3183 se
923 3125 1091 3184 nobis
1117 3125 1371 3185 moriens
1400 3127 1466 3185 in
1496 3126 1774 3203 pretium,

492 3215 559 3272 in
591 3213 966 3286 eucharistia,
999 3217 1061 3272 et
1094 3233 1156 3272 se
1186 3214 1290 3273 dat
1307 3215 1478 3274 nobis
1509 3215 1576 3273 in
1605 3235 1773 3290 prae-

493 3303 684 3361 mium
728 3303 793 3361 in
839 3304 1015 3374 coelo,
1059 3303 1152 3362 Mi
1169 3323 1313 3382 gne
1361 3305 1573 3381 patrol.
1630 3315 1773 3376 184,

500 3386 903 3473 ’ΠΙ-792),
936 3410 1087 3468 quae
1118 3393 1361 3452 videtur
1390 3392 1735 3452 Bernard
1756 3393 1777 3451 i

1919 1320 1975 1373 4.
2007 1308 2449 1371 Revelationem
2482 1310 2867 1370 christianam
2900 1309 3107 1369 adver-

1826 1418 1927 1458 sus
1959 1399 2221 1458 Judaeos
2252 1399 2630 1459 vindicarunt
2673 1400 2954 1459 Petrus
2995 1398 3111 1457 A]-

1826 1489 2125 1566 phonsi,
2202 1490 2370 1565 prius
2429 1489 2696 1548 Judaeus
2758 1492 2819 1547 et
2879 1489 3115 1564 Moyses

1829 1576 2114 1653 Sephardi
2150 1579 2507 1654 appellatus,
2524 1578 2685 1657 regis
2704 1576 2990 1653 Alphonsi
3010 1575 3111 1639 VL

1828 1662 2324 1749 (lose—1108)
2372 1667 2655 1737 medicus,
2699 1666 2802 1726 sed
2861 1676 3023 1730 1106
3060 1686 3115 1728 a.

1826 1755 2037 1815 aetatis
2073 1765 2154 1819 44
2204 1756 2277 1814 ad
2327 1756 2505 1815 fidem
2539 1756 2760 1815 Christi
2793 1773 3116 1814 conversus

1828 1839 1888 1925 (†
1919 1864 1966 1907 c.
2007 1855 2031 1906 l
2054 1840 2220 1927 140),
2255 1847 2318 1904 in
2336 1847 2584 1923 dialoyis
2602 1845 2736 1904 XII
2755 1864 2891 1903 cum
2912 1845 3116 1920 Moyse

1827 1933 2073 2004 Judaeo,
2121 1934 2185 1993 in
2229 1935 2451 2009 quibus
2497 1934 2714 2010 impiae
2743 1933 3113 1993 «Iudaeorum

1829 2021 2134 2098 opiniones
2223 2023 2649 2099 philosophicis
2740 2021 3116 2100 argumentis

1829 2111 2217 2171 confutantur
2249 2112 2655 2188 quaedamque
2686 2111 3113 2189 prophetarum

1828 2201 2189 2259 abstrusiora
2231 2201 2359 2260 loca
2404 2202 2794 2279 explicantur,
2840 2200 3114 2259 Coloniae

1839 2298 2001 2353 1536
2037 2289 2102 2348 in
2137 2299 2212 2361 8.,
2247 2291 2342 2349 cui
2376 2291 2468 2350 ed.
2500 2291 2770 2366 adjectus
2818 2293 2911 2348 est
2944 2288 3115 2348 libel-

1830 2379 1925 2437 lus
1989 2379 2180 2437 Babbi
2230 2379 2619 2439 Samuelis
2680 2379 2808 2438 veri
2865 2375 3117 2437 Messiae

1831 2468 2179 2542 parastasim
2211 2468 2513 2529 exhibens.
2565 2468 2690 2528 Hoc
2720 2469 2784 2526 in
2817 2486 3010 2544 opere,
3043 2470 3118 2525 ut

1829 2557 1957 2631 ipse
1989 2560 2198 2615 auctor
2230 2557 2457 2629 scribit,
2508 2558 2818 2627 ,omnium
2862 2557 3118 2615 aliarum

1830 2646 2103 2722 gentium
2180 2646 2555 2707 credulitatis
2646 2646 3113 2707 destructionem

1829 2735 2146 2812 praeposui
2164 2756 2178 2794 ε
2201 2740 2340 2811 post
2358 2737 2501 2796 haec
2520 2736 2905 2796 christianam
2921 2735 3112 2812 legem

1831 2825 2110 2884 omnibus
2134 2827 2636 2900 praestantiorem
2653 2844 2780 2884 esse
2812 2823 3114 2883 conclusi:

1831 2914 1904 2971 ad
1946 2913 2228 2973 ultimum
2274 2914 2453 2973 etiam
2527 2933 2729 2974 omnes
2791 2913 3116 2988 cujuslibet

1832 3002 2188 3062 christianae
2218 3003 2370 3081 legis
2393 3003 2717 3063 adversarii
2748 2997 3113 3079 objectiones

1831 3091 2027 3167 posui,
2060 3091 2406 3168 positasque
2437 3111 2544 3168 pro
2576 3112 2706 3152 meo
2739 3110 2943 3168 sapere
2976 3093 3112 3150 cum

1829 3180 2060 3239 ratione
2091 3183 2153 3240 et
2183 3181 2541 3241 auctoritate
2574 3181 2905 3243 destruxi.‘
2969 3180 3114 3238 Pro·

1832 3269 1946 3327 diit
1974 3269 2155 3328 etiam
2188 3269 2252 3329 in
2273 3271 2632 3330 bibliotheca
2650 3271 2762 3331 ΡΡ.
2784 3269 3132 3329 coloniensi

1830 3361 1874 3415 t.
1919 3358 2060 3430 XII;
2111 3361 2172 3416 et
2202 3359 2568 3437 lugdunensi
2615 3360 2766 3431 XXI,
2824 3367 2944 3422 172
3000 3376 3115 3429 ss.;

494 3481 884 3539 morlanensis
904 3482 999 3539 vel
1008 3481 1407 3553 ‘morlacensis,
1426 3479 1667 3564 (Morlas
1679 3483 1775 3541 vel
1831 3447 1891 3504 M
1907 3447 1927 3504 i
1943 3467 1984 3524 8
1998 3465 2038 3505 ¹²
2056 3466 2088 3506 θ
2120 3447 2336 3519 ΟῙΝῙῙ,
2362 3457 2438 3511 53
2450 3459 2504 3513 5·
2536 3449 2820 3524 Ejusdem
2830 3451 2922 3506 θδῒ
2937 3448 3114 3505 658⁰?-

494 3563 764 3652 Morlay)‚
798 3570 1070 3629 monachi
1102 3573 1164 3629 et
1192 3571 1406 3646 prioris

496 3658 580 3718 sis
613 3656 668 3735 (†
702 3678 746 3718 c.
775 3655 990 3738 1140),
1026 3660 1132 3735 qui
1149 3659 1339 3735 magis
1361 3661 1630 3719 innotuit
1649 3679 1773 3718 car-

493 3749 758 3807 minibus
777 3745 853 3827 ¹):
901 3748 985 3807 De
1016 3750 1343 3825 contemptu
1375 3750 1583 3808 mundi
1604 3749 1665 3813 ll.
1687 3749 1745 3807 11

1439 3571 1776 3629 cluniacen·
1822 3538 1996 3612 plina
2044 3537 2326 3596 clericalis
2370 3556 2440 3596 ex
2483 3538 2717 3597 arabico
2761 3538 2824 3596 in
2854 3535 3115 3595 latinum

1831 3625 2122 3683 translata
2175 3634 2254 3690 30
2321 3626 2539 3686 fabulis
2589 3626 2909 3696 illustrata,
2961 3643 3114 3701 quae

1747 3749 1776 3806 Ι
1832 3713 2089 3815 primum
2121 3715 2344 3791 prodiit
2386 3734 2529 3774 cura
2561 3715 2628 3778 D.
2673 3713 3118 3774 Labouderie

495 3832 790 3918 (Bagflege
831 3847 1025 3908 15573
1054 3838 1379 3915 Lflneburg
1416 3848 1581 3901 1640
1618 3833 1775 3920 etc.);
1831 3802 2054 3862 vicario
2116 3805 2380 3881 generali
2440 3804 2825 3864 avenionensi
2867 3803 3116 3862 Parisiis

495 3942 731 3984 carmen
765 3929 1211 4000 paraeneticum
1261 3927 1334 3985 ad
1384 3927 1773 4004 Raynaldum,

611 4136 646 4203 ¹)
676 4132 756 4187 Cf.
785 4132 1064 4187 Katholik
1094 4137 1247 4196 1887,
1275 4132 1344 4199 ΙΙ,
1371 4137 1598 4192 318-25;
1626 4133 1775 4187 Hist.

494 4205 583 4260 lit.
604 4204 725 4269 XII,
754 4211 1064 4264 236—243:
1094 4203 1632 4258 Brauumnller
1660 4204 1773 4258 KL.

1842 3899 2024 3963 1824,
2079 3897 2140 3951 et
2188 3894 2280 3952 Fr.
2330 3893 2418 3952 W.
2471 3893 2537 3956 V.
2586 3892 2933 3952 Schmidt
2977 3910 3115 3951 cum

1832 3981 2024 4040 doctis
2056 3982 2218 4040 notis
2250 3982 2514 4041 Berolini
2555 3992 2718 4046 1827
2741 4004 2755 4053 ς
2801 3981 2868 4040 in
2912 3984 3114 4057 patro-

1834 4071 1992 4147 logia
2024 4071 2279 4147 Migne
2311 4071 2528 4142 CLVII,
2555 4082 2673 4135 671
2700 4089 2778 4129 ss.
2810 4071 3115 4130 Adversus

1832 4178 1968 4217 eum
2014 4160 2252 4235 scripsit
2295 4161 2417 4219 JOS.
2449 4161 2767 4222 Kimehi.
2813 4193 2902 4203 —
2947 4159 3114 4218 Gis-

495 4276 562 4340 11,
588 4283 723 4333 435:
753 4275 1154 4331 Fabricius
1183 4275 1321 4330 bibl.
1342 4276 1441 4329 lat„
1459 4276 1498 4340 Ι,
1519 4283 1615 4332 251
1642 4293 1686 4329 s.
1707 4308 1776 4317 —
1833 4249 2197 4349 laberius
2272 4245 2631 4331 (Gilbertus)
2694 4248 3113 4324 Crispinus

496 4347 1012 4402 Praetermittimus
1028 4349 1077 4400 A
1094 4347 1130 4400 d
1149 4364 1178 4401 e
1194 4348 1215 4400 l
1231 4364 1264 4400 a
1280 4366 1307 4400 r
1321 4347 1358 4400 d
1376 4365 1413 4400 ιι
1430 4365 1487 4399 m
1513 4346 1584 4401 de
1602 4347 1690 4400 Ba
1703 4347 1777 4400 th
1835 4332 1950 4419 (ita
1993 4357 2028 4395 a
2073 4339 2307 4414 capillis
2354 4339 2631 4415 crispatis
2677 4333 2895 4418 dictus)
2944 4337 3007 4396 O.
3057 4337 3116 4400 S.

496 4418 930 4487 (Badunefflem-
959 4417 1401 4473 Bathonienflem
1442 4418 1629 4490 (OSB··
1673 4418 1773 4486 qui
1832 4426 3112 4502 Ben.NormannuS‚s.Anselmidiscipulu8‚

492 4493 618 4545 erat
632 4493 781 4545 mter
795 4490 1167 4560 philosophos
1193 4489 1511 4559 platonicos
1536 4506 1640 4545 sec.
1658 4490 1777 4544 XII.

492 4562 651 4616 haud
677 4561 978 4617 incelebris
1018 4567 1064 4631 (†
1090 4577 1136 4614 c.
1167 4566 1341 4634 1130).
1384 4562 1467 4615 Ex
1494 4563 1619 4615 e‘us
1645 4579 1776 4616 scri·

1740 4561 1751 4572 .
1834 4519 2037 4591 postea
2051 4516 2232 4575 abbas
2251 4516 2883 4576 westmonasteriensis
2896 4514 2918 4595 (
2929 4528 2954 4578 1
2970 4528 3003 4579 0
3015 4527 3048 4578 8
3058 4525 3117 4586 4;

492 4633 610 4704 ptis
649 4633 1036 4688 recentissime
1081 4632 1265 4687 edidit
1310 4634 1376 4686 H.
1423 4633 1513 4685 W·
1543 4634 1669 4687 lner
1695 4636 1779 4687 De
1831 4602 1866 4672 †
1906 4601 2125 4687 11¹⁴),
2174 4607 2238 4664 in
2284 4607 2432 4681 ‘li-⁹12·
2457 4606 2682 4708 suda-3⁸⁸
2727 4622 2862 4665 cum
2913 4606 3112 4704 Chr&-

491 4710 669 4760 eodem
694 4715 741 4759 et
783 4708 1006 4773 diverso,
1048 4704 1303 4758 Munster
1345 4710 1500 4768 1903,
1546 4706 1710 4775 cujus
1740 4704 1777 4758 l.
1832 4696 1992 4753 tiano
2024 4694 2097 4752 de
2130 4694 2246 4754 fide
2265 4691 2671 4776 chnstiana¹)‚
2705 4713 2857 4770 quae
2887 4693 3117 4769 produt

494 4776 871 4831 innotuerant
894 4779 1121 4830 tantum
1149 4776 1490 4846 fragmenta.
1535 4776 1615 4830 De
1643 4775 1776 4830 aliis

492 4849 749 4917 ejusdem
789 4847 1015 4918 scriptis
1058 4848 1127 4901 cf.
1156 4847 1454 4901 Fabricius
1495 4847 1646 4903 Bibl.
1675 4847 1774 4904 lat.

492 4920 642 4975 med.
669 4922 779 4976 aet.
806 4921 846 4984 I,
876 4927 972 4979 122
1001 4917 1191 4974 Oudin
1220 4920 1287 4984 ΙΙ,
1322 4923 1688 4976 1016-1018.

1947 4851 1982 4919 ¹)
2010 4848 2100 4902 Ab
2123 4847 2232 4901 hoc
2258 4865 2351 4917 op.
2391 4846 2776 4918 distinguitur
2799 4849 3118 4913 Disputatio

1830 4921 2093 4973 Ecclesiae
2118 4928 2164 4973 et
2186 4938 2498 4989 syriamque,
2526 4935 2700 4987 quam
2720 4916 2975 4971 Martene
2996 4915 3114 4970 edi·
