3475 5364
339 340 361 391 ι
379 340 410 394 5
422 340 455 392 3
468 338 501 392 7
735 353 742 361 ·
958 319 1153 394 gFries‚
1179 318 1586 390 Pappenheim‚
1616 318 1953 387 Barlandus,
1981 319 2323 374 Dubravius.
2785 339 2811 393 1
2828 339 2857 391 5
2871 336 2951 392 38

318 506 539 578 XVII,
586 507 948 582 Antverpiae
999 516 1159 570 1561
1185 527 1198 575 ς
1244 504 1612 564 Francofurti
1669 525 1708 581 p
1724 525 1812 565 en
1827 507 1864 564 h
1881 506 2023 565 eim
2043 506 2245 582 stirpis
2267 504 2663 565 biber-acensis
2683 524 2741 563 n.
2766 504 2952 567 1.Ju1.

338 605 502 660 1580
540 595 907 670 Scriptorum
936 614 1051 654 rer.
1084 596 1238 672 belg.
1271 598 1314 653 t.
1347 594 1395 658 Ι.
1433 595 1617 653 Notat
1677 603 1863 665 1458,
1897 595 2101 655 doctor
2130 595 2474 670 parisiensis
2507 594 2823 669 utriusque
2853 595 2954 666 iu-

328 688 534 744 tamen
565 684 811 744 Michael
842 706 876 743 a
902 703 946 743 s.
978 684 1196 760 Joseph
1225 681 1289 761 ¹),
1338 683 1615 742 historias
1668 684 1767 753 ris,
1799 685 2181 760 praepositus
2215 703 2258 742 s.
2283 683 2593 742 Gertrudis
2624 686 2686 742 et
2717 683 2954 744 canoni-

330 775 510 849 hujus
543 774 801 832 auctoris
851 776 1063 843 ‚caute
1100 773 1339 832 omnino
1371 791 1497 831 esse
1529 772 1614 830 le·
1669 790 1775 831 cus
1807 777 2184 850 augustanus
2218 769 2280 855 (†
2320 768 2547 853 1541),
2599 771 2815 831 studiis
2861 772 2952 830 hi-

330 863 570 941 gendas,
616 882 750 921 cum
797 862 1109 921 manifeste
1157 862 1343 921 soleat
1393 862 1616 937 optima
1668 861 1903 921 storicis
1924 881 1986 925 se
2006 862 2188 932 dedit,
2223 881 2480 938 quorum
2499 862 2730 920 fructus
2755 865 2955 920 tamen

330 970 601 1029 quaeque
620 952 683 1010 in
705 970 956 1027 pravum
977 970 1215 1010 sensum
1243 950 1611 1025 detorquere,
1667 951 1907 1010 nonnisi
1952 955 2091 1027 post
2135 953 2264 1027 eJus
2301 951 2656 1028 prodierunt
2685 954 2952 1013 mortem.

331 1042 525 1116 sitque
557 1060 706 1116 opus
753 1042 884 1115 ejus
930 1040 1210 1117 malignis
1258 1039 1611 1116 quibusdam
1667 1040 1817 1098 Aliis
1859 1037 2297 1116 praetermissis
2348 1040 2464 1099 huc
2509 1041 2781 1114 spectant
2825 1040 2952 1097 Au·-

331 1129 811 1189 accusationibus
862 1147 968 1188 seu
1014 1128 1612 1205 interpretationibus
1666 1130 1870 1188 stralis
1889 1131 2155 1189 chronica
2179 1124 2662 1210 (852—1326);
2696 1148 2765 1187 ex
2784 1129 2954 1186 chro-

332 1237 484 1296 pene
516 1220 818 1277 refertum.
868 1219 1067 1277 Gallos
1099 1218 1450 1294 praesertim
1482 1217 1613 1275 ubi·
1664 1218 1800 1277 nica
1829 1219 2176 1295 augustensi
2187 1219 2435 1292 antiqua
2462 1225 2790 1291 excerptum
2823 1213 2954 1301 (ad-

333 1328 451 1385 que
484 1308 603 1367 sere
634 1308 966 1366 insectatur
998 1350 1011 1364 .
1046 1352 1059 1366 .
1093 1352 1105 1364 .
1152 1308 1379 1365 Erasmi
1410 1306 1613 1364 amici·
1668 1307 1909 1366 modum
1932 1309 2212 1383 jejunum
2256 1310 2317 1366 et
2362 1306 2512 1365 exile
2544 1307 2617 1365 ab
2650 1328 2698 1364 a.
2736 1316 2951 1369 973——

330 1398 418 1456 tia
449 1401 510 1457 et
540 1388 944 1455 familiaritate
974 1414 1119 1455 usus
1152 1399 1260 1466 est,
1308 1396 1381 1454 ab
1428 1414 1614 1471 eoque
1679 1393 1903 1476 1104);
1950 1397 2066 1455 alia
2110 1415 2245 1472 pars
2289 1397 2590 1454 chronicae
2619 1397 2956 1455 monasterii

330 1487 483 1546 forte
532 1485 804 1545 didicerit
846 1503 1036 1562 genus
1081 1485 1378 1560 quoddam
1406 1484 1613 1561 malig-
1668 1504 1745 1544 ss.
1790 1485 2047 1544 Udalrici
2090 1493 2139 1544 et
2172 1486 2362 1559 Afrae
2394 1480 2497 1567 (11
2516 1493 2594 1547 52
2614 1518 2701 1529 —
2722 1479 2953 1564 1265);

331 1576 516 1634 nioris
549 1575 802 1645 criticae,
835 1594 957 1650 qua
986 1574 1059 1633 de
1090 1575 1481 1650 superiorum,
1515 1574 1616 1631 de·
1668 1575 1976 1634 chronicae
2025 1574 2417 1651 elwangensis
2470 1574 2812 1633 monasterii
2857 1584 2955 1632 ex·-

334 1683 448 1740 que
478 1665 740 1741 ipsorum
788 1683 860 1722 ss.
906 1663 1252 1740 pontificum
1282 1663 1617 1722 actionibus
1670 1671 1930 1739 carptum
1964 1658 2477 1746 (102³5—1477),
2512 1682 2661 1738 quae
2701 1666 2958 1739 quatuor

333 1755 427 1830 pej
436 1772 540 1812 ora
571 1772 842 1830 quaeque
874 1753 1232 1828 suspicatur.
1248 1762 1275 1792 ‘
1673 1754 1893 1830 scripta
1912 1756 2148 1828 recepta
2167 1755 2312 1810 sunt
2331 1752 2489 1810 inter
2507 1751 2745 1810 Freheri
2765 1752 2953 1826 scrip-

1671 1846 1829 1901 tores
1860 1862 2041 1919 germ.
2087 1860 2199 1899 rer.
2230 1842 2320 1899 ed.
2364 1841 2578 1900 Struve
2608 1841 2654 1910 1,
2691 1850 2815 1903 430
2852 1859 2954 1909 ss,;

473 1941 614 1995 702.
677 1931 1034 1990 Laurentius
1097 1931 1313 1989 Fries
1376 1925 1616 2012 (Friese,
1671 1932 1741 1990 de
1771 1934 2112 2008 antiquitate
2155 1937 2206 1988 et
2245 1932 2409 1988 initio
2452 1932 2698 1989 civitatis
2742 1932 2953 2005 episco-

333 2016 555 2101 Friess)
578 2039 633 2079 n.
656 2020 1133 2097 Mergentheimii
1158 2029 1344 2089 1491,
1365 2019 1616 2094 Lipsiae,
1664 2027 1952 2097 patresque
1981 2021 2343 2096 auqustensis
2359 2040 2388 2091 ,·
2431 2019 2682 2096 catalogi
2725 2019 2955 2094 episco-

333 2109 594 2168 Viennae
615 2113 675 2167 et
691 2109 1121 2184 Wittenbergae
1153 2108 1408 2169 studuit.
1442 2108 1616 2166 bene·
1673 2128 1903 2186 porum,
1974 2108 2443 2185 praepositorum
2464 2152 2479 2178 ,
2541 2108 2957 2167 canonicorum

337 2217 453 2273 que
485 2198 758 2257 excultus
792 2198 1247 2273 Wirceburgum
1278 2198 1457 2263 venit.
1515 2196 1619 2254 ubi
1672 2199 2126 2275 augustensium
2154 2192 2201 2278 ¹)
2236 2201 2343 2255 etc.
2369 2229 2450 2240 -—
2470 2198 2635 2255 Inter
2665 2215 2844 2271 opera
2864 2196 2952 2254 hi-

334 2307 548 2363 magna
569 2286 925 2346 auctoritate
957 2286 1270 2344 fruebatur
1303 2284 1461 2361 apud
1494 2285 1618 2361 epi·
1674 2289 1890 2346 storica
1939 2286 2225 2345 Hadriani
2276 2284 2646 2344 Bai-laudi
2696 2286 2953 2356 Zelandi,

334 2394 557 2451 scopos,
592 2376 696 2452 qui
726 2374 1059 2450 praecipuis
1103 2394 1238 2433 eum
1271 2374 1620 2433 muneribus
1672 2375 1917 2434 Lovanii
1963 2371 2186 2457 (1526)
2234 2375 2558 2434 rhetoricae
2607 2375 2955 2450 professoris

336 2465 718 2534 honorarunt,
752 2464 869 2522 fuit
901 2464 1058 2521 enim
1089 2464 1478 2534 archivarius,
1527 2480 1617 2521 se·
1676 2463 1737 2547 (†
1778 2461 1970 2545 1542)
2006 2464 2279 2524 Coloniae
2319 2472 2482 2527 1603
2524 2464 2612 2522 ed.
2644 2465 2955 2539 reperiun-

334 2554 639 2623 cretariuS,
688 2552 1077 2611 cancellarius
1124 2556 1303 2628 atque
1348 2553 1411 2610 in
1450 2571 1619 2628 prae·
1674 2559 1776 2612 tur
1818 2554 1889 2611 de
1925 2555 2205 2632 episcopis
2248 2554 2607 2628 utrajectinis
2654 2550 2956 2634 (Lugduni

337 2642 526 2720 cipuis
561 2643 817 2721 negotiis
863 2646 923 2702 et
968 2641 1370 2720 legationibus
1405 2641 1477 2700 ad
1508 2642 1618 2700 im·
1683 2639 1910 2726 1584);
1948 2643 2325 2720 Chronoloqia
2371 2643 2567 2702 brevis
2613 2661 2679 2702 ac
2710 2642 2958 2701 historia

335 2739 664 2810 peratorem
700 2732 1007 2791 adhibitus
1049 2728 1110 2813 (†
1146 2742 1199 2794 5.
1234 2733 1364 2791 Dec.
1410 2729 1617 2812 1550).
1675 2734 1749 2792 ab
1782 2752 1832 2791 o.
1867 2751 1912 2792 c.
1947 2732 2019 2791 ad
2053 2752 2102 2792 a.
2147 2741 2343 2803 153·.‘;
2388 2732 2459 2791 de
2507 2733 2750 2790 literatis
2793 2732 2957 2791 urbis

335 2822 675 2897 Composuit
705 2823 912 2898 lingua
944 2822 1205 2880 mascula
1222 2821 1475 2880 Chronik
1494 2821 1617 2879 sive
1672 2823 1893 2881 Romae
1914 2818 2299 2898 principibus.

336 2912 592 2970 Historia
630 2930 737 2970 von
766 2913 875 2969 den
908 2911 1214 2985 Bischb‘fen
1259 2930 1365 2969 von
1415 2911 1616 2968 Wiirz·

337 3001 480 3101 burg}
528 3001 603 3058 ad
650 3021 699 3059 ⁸·
741 3010 941 3100 ‚1495²
992 3001 1148 3075 apud
1182 3000 1465 3101 quewig
1509 3000 1618 3057 (ἔθ’
1767 3045 1907 3100 703.
1971 3036 2299 3095 Historiam
2360 3036 2663 3094 Bohemiae
2722 3035 2961 3111 scripsit

338 3089 867 3147 schichtschreiber
887 3107 1002 3147 von
1034 3088 1166 3146 dem
1186 3089 1617 3148 Bischoffthum
1672 3125 1710 3183 J
1714 3144 1933 3184 oannes
1952 3127 1999 3184 D
2018 3125 2290 3184 ubravi
2310 3143 2348 3182 u
2366 3142 2392 3182 3
2427 3125 2498 3182 de
2532 3124 2706 3183 Skala
2726 3121 2960 3204 (postea

337 3177 686 3253 Wiirzburg,
731 3188 893 3240 1713
929 3197 980 3252 p.
1020 3186 1365 3241 377—866
1410 3196 1618 3235 secun·
1672 3215 1736 3272 in
1783 3217 2114 3289 equestrem
2160 3214 2426 3272 ordinem
2472 3232 2603 3271 cum
2656 3214 2815 3272 omni
2855 3234 2957 3289 pa-

337 3265 487 3366 dum.
512 3269 740 3366 toftum
765 3265 1081 3365 adm⁰df²m
1115 3266 1478 3365 mepdosum‘
1513 3267 1618 3366 Rq*
1673 3303 1903 3361 rentela
1922 3307 2228 3377 coaptatus
2255 3309 2315 3359 et
2338 3322 2371 3360 a
2393 3302 2682 3360 Dubrawa
2732 3302 2955 3379 dictus)

338 3360 584 3413 centiori
619 3357 809 3413 aetate
842 3358 1036 3429 coepit
1067 3355 1299 3429 prodire
1331 3373 1482 3412 nova
1498 3354 1620 3412 ed1·
1676 3392 1846 3449 domo
1878 3391 2202 3460 Pignensis’
2243 3409 2525 3465 magnum
2558 3391 2785 3465 patriae
2818 3408 2959 3449 Suae

337 3445 425 3503 tio
460 3445 633 3518 plane
680 3443 1003 3501 emendata.
1066 3443 1229 3518 Opus
1263 3443 1336 3500 ab
1369 3442 1620 3501 eruditis
1676 3480 1852 3537 decus
1887 3482 1949 3537 et
1980 3483 2388 3537 ornamentum

337 3535 722 3591 aestimatur:
771 3552 1020 3591 maxime
1066 3551 1202 3590 vero
1241 3532 1522 3590 laudatur
1553 3540 1624 3590 ut
1674 3567 2014 3644 principum
2063 3568 2178 3626 iter
2222 3571 2566 3626 straverunt
2608 3568 2834 3644 ingenii
2866 3587 2957 3626 ga-

338 3622 702 3680 al‘sshivarius
727 3615 793 3702 2)·
810 3655 901 3678 “““·
915 3622 972 3679 Μ
988 3642 1021 3679 ⁸
1038 3625 1064 3680 t
1080 3626 1105 3679 t
1119 3622 1159 3679 h
1174 3640 1207 3678 ⁸
1223 3640 1254 3679 θ
1270 3640 1351 3679 ¹²⁸
1373 3620 1444 3680 de
1458 3621 1620 3697 Ρη»
1675 3658 1918 3734 gacitas,
1953 3656 2074 3716 stili
2108 3657 2307 3715 cultus
2354 3659 2415 3714 et
2459 3656 2689 3731 puritas
2707 3701 2720 3726 ,
2757 3654 2960 3715 ‘consi-

2417 3475 2488 3559 2),
2536 3479 2629 3536 cui
2676 3478 2749 3536 ad
2794 3481 2960 3537 aulas

541 3810 553 3820 ,
628 3809 639 3820 ,
858 3808 869 3819 ,
1512 3808 1524 3819 ,
1585 3808 1596 3819 ,
1676 3747 1894 3804 liorum
1940 3745 2363 3821 promptitudo,
2405 3764 2631 3803 morum
2673 3745 2958 3821 probitas,

426 3814 461 3882 Ι)
490 3810 765 3892 ΒΨῙῙΟΒΥ·
793 3811 918 3863 cut·
945 3810 1013 3874 11⁹
1042 3813 1163 3869 559·
1216 3808 1623 3862 Praetermsth'
1677 3835 1918 3894 solertia
1951 3836 2011 3892 in
2045 3835 2221 3893 rebus
2243 3834 2508 3911 agendi8‚
2545 3853 2692 3908 quas
2713 3835 2880 3893 dotes
2897 3836 2959 3894 in

338 3900 465 3936 mus
496 3882 576 3935 R1
596 3881 952 3935 chardum
998 3897 1032 3933 a
1075 3879 1623 3948 Wasserbonrg

340 3951 798 4022 LotharingiuQ
826 3952 1163 4006 canonicum
1203 3952 1265 4005 in
1305 3951 1623 4005 cathedrali
1674 3925 1928 4000 negotiis
2008 3922 2373 4023 gravissimis
2434 3926 2494 3980 et
2528 3924 2959 4023 ‘legationibus

340 4024 677 4088 carnotensi,
724 4024 1003 4077 decanum
1048 4023 1109 4075 in
1151 4023 1520 4077 virodunensi
1560 4039 1624 4076 ac
1677 4013 2098 4089 comprobavit.
2132 4013 2371 4070 Electus
2405 4015 2495 4070 est
2525 4031 2589 4069 in
2621 4013 2959 4088 episcopum

340 4097 568 4150 demum
596 4095 1064 4150 str0hidi²100¹¹¹1m
1093 4097 1140 4166 (1²
1167 4099 1344 4164 1550),
1371 4094 1433 4146 in
1459 4094 1623 4162 cujus
1675 4104 2110 4161 olomucensem
2155 4121 2203 4159 a.
2245 4109 2399 4163 1541
2447 4097 2506 4181 (†
2546 4097 2754 4182 1553).
2816 4103 2961 4159 Pro-

341 4184 429 4237 op.
456 4171 557 4220 Les
576 4172 879 4235 Antiquam
898 4170 959 4220 de
979 4171 1029 4220 la
1050 4171 1218 4220 Gaule
1233 4169 1480 4235 Belyique
1500 4168 1622 4227 ete„

343 4237 576 4291 Parisiis
603 4243 742 4294 1549
773 4240 810 4291 t.
838 4243 869 4294 2
893 4237 955 4290 in
982 4239 1020 4292 f.
1049 4237 1217 4307 plura
1243 4237 1528 4291 habentur
1554 4237 1623 4290 de

341 4308 624 4380 episcopis
640 4308 1137 4363 virodunensibus.
1165 4308 1545 4362 Continentur
1560 4307 1620 4360 in

341 4397 407 4435 eo
435 4396 602 4450 opere
630 4380 853 4434 somnia
879 4379 1224 4447 fabulaeque
1242 4380 1471 4444 multae,
1491 4395 1623 4431 nam
1757 4384 1792 4451 ¹)
1822 4379 1905 4434 Cf.
1949 4378 2238 4433 Fabricius
2282 4377 2346 4434 V.
2385 4383 2483 4440 50:
2531 4378 2687 4446 Vogt
2728 4379 2861 4450 allg.
2907 4378 2961 4434 d.

341 4452 544 4521 Belgas
598 4468 632 4503 a
682 4451 942 4519 Trojanis
992 4451 1215 4504 derivat
1257 4451 1623 4532 primumque
1676 4450 1867 4521 Biogr.
1910 4446 2082 4517 XXV,
2130 4454 2265 4509 161;
2316 4449 2489 4503 Veith
2531 4449 2671 4504 bibl.
2715 4465 2849 4520 aug.
2892 4451 2960 4516 11,

342 4539 535 4577 eorum
582 4522 783 4576 duc-em
811 4522 1068 4576 Salvium
1113 4521 1455 4576 Brabionem
1480 4521 1624 4574 Julii
1677 4527 1746 4580 85
1773 4541 1814 4576 s.

346 4594 600 4648 Caesaris
628 4610 657 4646 e
684 4610 874 4649 sorore
899 4595 1239 4663 abnepotem
1285 4592 1493 4646 statuit
1519 4597 1628 4648 etc.
1755 4597 1794 4656 ²)
1822 4592 2010 4661 Hujus
2049 4593 2194 4646 forte
2235 4592 2327 4646 vel
2367 4593 2532 4661 pater
2567 4593 2659 4645 vel
2685 4595 2963 4662 cognatus

420 4668 459 4736 2)
486 4664 718 4734 Wegele
780 4666 915 4736 allg.
978 4665 1032 4720 d.
1084 4664 1272 4734 Biogr.
1326 4664 1471 4727 VIII,
1524 4667 1625 4723 833
1680 4661 1905 4719 fuitRo
1923 4663 1959 4716 d
1978 4663 2181 4718 ericu
2200 4663 2287 4717 sD
2305 4681 2344 4717 u
2361 4665 2489 4718 bra
2507 4663 2632 4716 viu
2650 4681 2690 4728 s,
2721 4663 2825 4731 qui
2850 4663 2962 4717 edi-

343 4736 519 4790 Reuss
570 4735 630 4791 L.
681 4736 836 4790 Fries
886 4737 986 4791 der
1037 4735 1627 4790 Geschichtschreiber
1679 4737 1828 4790 disse
1855 4734 2068 4789 dicitur
2092 4750 2126 4788 a
2152 4735 2394 4789 Balbino
2422 4735 2484 4789 in
2505 4734 2780 4789 Bohemia
2797 4735 2965 4788 docta.

344 4806 735 4875 Ostfrankens‚
777 4808 902 4861 eine
943 4806 1624 4876 literar.-geschichtliche
1680 4808 1749 4862 ΙΙ.
1778 4812 1880 4864 197
1911 4822 1961 4861 a.
1991 4810 2129 4864 1552
2176 4806 2535 4860 doctissimas
2561 4804 2964 4860 annotationes

344 4877 728 4938 Denkschrift,
754 4878 1081 4948 Wiirzburg
1108 4883 1266 4936 1853.
1680 4884 1735 4933 in
1761 4899 1838 4947 ep.
1865 4882 1919 4932 d.
1947 4881 2110 4933 Pauli
2132 4881 2204 4932 ad
2232 4882 2473 4933 Galatas.

559 4978 753 5037 Hurtar,
780 4978 1122 5026 Nomenclator
1148 4978 1192 5024 11
1220 4978 1296 5024 ed.
1326 4977 1375 5024 3.
2568 4969 2641 5024 49
