3475 5364
957 332 1327 386 1501—1520.
1354 328 1385 381 J
1393 345 1456 381 us
1483 328 1833 382 canonicum.
1862 327 2145 390 Rosarius,
2173 327 2475 399 Sangiorgi
2501 332 2605 382 etc.

489 348 650 399 1175
2928 345 3092 398 1176

479 514 764 574 naldus
796 515 1174 574 Rosarius
1208 509 1307 596 (de
1326 515 1603 584 Bosariis,
1637 513 1759 573 Me·
1817 514 1974 573 stina
2007 510 2236 594 (1507)
2285 520 2346 574 et
2378 536 2426 575 a.
2463 516 2734 590 sequenti
2767 534 2900 577 cum
2934 515 3093 574 sabi-

480 605 641 663 naud
683 604 782 663 des
813 602 1070 682 Rosiers)
1122 605 1185 662 Ο.
1232 604 1416 663 Carm.
1468 604 1760 680 Burdiga·
1814 603 1984 662 nensi
2028 597 2090 685 (†
2143 613 2236 666 14.
2284 606 2450 663 Mart.
2494 599 2704 685 1509).
2766 603 2938 663 Inter
2980 604 3097 665 alia

482 694 661 752 lensia
677 692 721 765 ι)
771 694 972 752 docuit
1002 694 1360 770 theologiam
1382 693 1757 769 Burdigalae,
1815 711 1994 768 opera
2022 692 2065 771 ¹)
2127 694 2365 768 scripsit
2428 694 2862 754 commentaria
2922 712 3098 770 super

481 783 746 854 ParisiiS,
759 783 989 851 Romae,
1008 782 1222 857 Papiae
1240 787 1301 842 et
1315 782 1459 840 alibi
1476 778 1540 860 (†
1565 792 1759 851 1508;
1815 789 2022 858 quarto
2056 781 2207 840 Decr
2208 785 2441 841 etalium
2488 780 2585 863 (de
2626 783 3003 859 sponsalibus
3035 787 3098 841 et

468 874 649 947 juxta
678 872 823 931 alios
870 881 1025 934 1509
1062 873 1158 930 vel
1186 882 1294 934 151
1319 867 1396 950 l).
1431 871 1711 947 Scripsit
1696 891 1759 929 m
1815 868 2238 952 matrimonio),
2285 872 2498 947 Papiae
2556 882 2674 935 147
2685 883 2754 942 6
2816 873 3098 950 Lugduni

478 961 636 1020 decr.
707 959 907 1019 Omnis
951 963 1252 1037 utriusque
1281 979 1467 1030 sexus,
1520 960 1761 1019 Parisiis
1827 970 2022 1029 14903
2069 960 2330 1019 Venetiis
2372 971 2569 1030 1493;
2614 961 2844 1021 Tridini
2895 972 3095 1032 1493;

491 1061 653 1112 1513
691 1069 829 1109 cura
866 1050 1084 1109 sodalis
1117 1051 1323 1126 Georg.
1355 1049 1758 1125 Lapicida3
1817 1050 2031 1108 Romae
2085 1060 2250 1113 1494
2285 1054 2393 1109 etc.
2445 1049 2878 1111 commentaria
2920 1069 3099 1125 super

476 1141 550 1196 de
573 1141 939 1214 poenitentiis
969 1147 1020 1196 et
1049 1140 1487 1199 remissionibus
1516 1141 1572 1197 ll.
1589 1141 1647 1210 3,
1681 1139 1758 1197 ib.
1817 1139 2173 1197 decretorum
2192 1141 2482 1199 volumina
2503 1159 2556 1215 p.
2587 1150 2636 1201 1.
2659 1140 2872 1199 Romae
2899 1152 2925 1202 1
2943 1151 3095 1212 ⁴933

490 1238 674 1299 1513,
725 1229 1035 1303 multaque
1072 1228 1314 1288 inedita.
1367 1262 1451 1271 —
1503 1228 1762 1288 Joannes
1817 1227 2133 1287 Mediolani
2171 1238 2355 1298 1494,
2404 1229 2617 1305 Papiae
2664 1239 2861 1298 1497;
2908 1229 3097 1291 Vene-

479 1317 873 1375 Antonius
909 1317 1441 1394 Sangeorgius
1474 1313 1761 1397 (des.Ge-
1816 1316 1918 1374 tiis
1959 1325 2155 1388 1500;
2187 1338 2242 1393 p.
2277 1319 2349 1377 II.
2384 1313 2483 1397 (ad
2518 1337 2563 1377 c.
2605 1314 2748 1397 12.)‚
2782 1318 3098 1378 Mediolani

479 1407 664 1482 orgi0‚
718 1402 1054 1486 Sangiorgi)
1106 1407 1567 1466 Mediolanensis
1617 1404 1763 1484 (non
1828 1415 1988 1469 1509
2024 1409 2131 1465 etc.
2165 1407 2350 1484 Super
2384 1407 2563 1466 titulo
2595 1409 2664 1465 de
2694 1409 3096 1483 appellationi·

482 1496 876 1563 Placentinus
912 1495 1340 1572 nisiquatenus
1373 1497 1502 1570 ejus
1535 1496 1764 1555 familia
1818 1495 1938 1564 bus,
1973 1495 2190 1570 Papiae
2237 1505 2428 1565 14883
2484 1506 2682 1568 1490;
2739 1507 2936 1569 1497;
2982 1497 3096 1558 Ve-

475 1584 620 1643 olim
654 1584 725 1642 de
757 1585 1054 1643 Placentia
1086 1585 1373 1661 originem
1408 1582 1649 1665 traxit),
1698 1606 1758 1644 n.
1817 1584 1993 1642 netiis
2035 1594 2197 1648 1498
2233 1590 2342 1645 010.
2434 1585 2690 1644 Habitus
2735 1590 2827 1645 est
2869 1588 3098 1663 primus

494 1683 674 1741 1439,
710 1674 1085 1749 praepositus
1132 1674 1407 1734 basilicae
1437 1674 1761 1733 ambrosia·
1815 1673 1974 1732 inter
2005 1674 2343 1734 canonistas
2377 1675 2472 1733 sui
2502 1676 2801 1751 temporis.

480 1782 593 1821 nae
629 1758 791 1841 (hinc
823 1763 1175 1838 simpliciter
1206 1764 1587 1839 Praepositus
1619 1763 1762 1821 sub·

482 1851 618 1910 inde
649 1848 1161 1933 cognominatus),
1211 1853 1274 1910 in
1323 1856 1581 1928 utroque
1629 1854 1763 1919 iure
1913 1861 2055 1914 557.
2088 1852 2527 1911 Praetermissis
2546 1851 2779 1911 Joanne
2800 1854 2845 1911 L
2864 1873 3007 1929 upo
3028 1854 3097 1912 de

479 1940 801 2016 insigniter
845 1946 1117 2001 versatus
1158 1945 1218 2000 et
1240 1942 1401 2018 juris
1434 1942 1761 2017 peritorum
1823 1940 2076 1999 Palaciis
2107 1941 2309 2000 rubeis
2356 1937 2573 2021 (Lopez
2603 1941 2677 2000 de
2706 1942 2966 2018 palacios
2996 1962 3098 2001 ru-

479 2030 1015 2089 mediolanensium
1092 2031 1342 2107 collegio
1428 2030 1763 2106 adscriptus
1817 2029 1966 2099 bios‚
2001 2030 2179 2088 etiam
2202 2030 2273 2089 de
2289 2026 2525 2111 Bivero)
2558 2032 2932 2092 decretorum
2964 2032 3099 2091 doc-

480 2116 728 2193 (1473),
775 2124 1098 2194 utrumque
1139 2120 1328 2178 Ticini
1362 2120 1638 2179 sexennio
1670 2120 1762 2177 in·
1819 2122 1947 2176 tore
1995 2123 2055 2177 et
2102 2119 2252 2194 juris
2298 2119 2562 2179 canonici
2609 2120 2957 2197 professore,
3009 2140 3098 2180 se-

482 2211 842 2283 terpretatus
888 2213 978 2267 est
1024 2227 1199 2285 saepe
1245 2209 1319 2267 ad
1356 2208 1557 2285 plures
1590 2209 1764 2268 horas
1819 2211 2027 2267 natore
2058 2209 2254 2267 curiae
2286 2209 2516 2268 concilii
2535 2210 3097 2280 rerumindicarum,

478 2316 586 2373 per
633 2297 808 2358 diem.
862 2297 1064 2356 Sixtus
1105 2297 1198 2355 IV.
1233 2317 1371 2356 eum
1415 2298 1763 2373 episcopum
1817 2296 2036 2355 celebri
2068 2316 2174 2357 suo
2208 2303 2472 2374 tempore
2506 2294 2732 2380 (1520)
2773 2299 2931 2375 juris
2962 2318 3098 2359 con-

480 2386 933 2446 alexandrinum
980 2387 1297 2447 constituit
1343 2384 1603 2467 (1479),
1657 2405 1764 2445 000
1818 2382 2139 2467 810102)-
2161 2387 2745 2461 AlphonsoGomez
2754 2388 2910 2464 juris
2925 2407 3100 2449 cano-

481 2477 672 2535 multo
706 2480 841 2549 post
856 2476 1096 2535 Romam
1130 2476 1380 2535 accitum
1415 2477 1637 2551 recepit
1668 2476 1761 2533 in·
1816 2475 1934 2534 nici
1967 2476 2201 2535 doctore
2236 2472 2316 2555 (fl.
2346 2472 2539 2555 1516)
2574 2511 2662 2519 -
2692 2477 2731 2536 J
2746 2497 2780 2537 0
2801 2497 2992 2537 0000
3024 2478 3096 2536 de

478 2571 573 2622 ter
603 2564 905 2623 auditores
939 2583 982 2623 a.
1016 2564 1230 2624 Palatii
1265 2584 1370 2624 seu
1385 2565 1570 2624 Rotae
1589 2569 1650 2624 et
1670 2583 1761 2623 re·
1820 2567 1856 2625 S
1874 2564 2050 2633 elva,
2070 2564 2240 2624 Gallo
2259 2561 2338 2647 (fl.
2361 2562 2651 2645 1510)—
2667 2568 2988 2626 MarianoB
3003 2586 3097 2626 ar-

481 2653 839 2714 ferendarios
873 2654 1256 2731 apostolicos;
1303 2654 1635 2714 Alexander
1667 2654 1760 2713 VI.
1816 2652 2078 2724 tolini,
2112 2655 2269 2731 juris
2301 2656 2566 2715 canonici
2599 2655 2837 2715 doctore
2868 2659 2929 2716 et
2959 2675 3094 2734 pro·

478 2763 617 2801 eum
650 2743 1005 2802 cardinalem
1039 2744 1259 2803 creavit
1294 2739 1537 2824 (1493),
1588 2747 1762 2803 Anno
1818 2742 2055 2814 sessore,
2091 2747 2253 2803 rotae
2286 2764 2560 2804 romanae
2592 2745 2880 2815 auditore,
2928 2747 3097 2822 cujus

491 2842 652 2894 1499
677 2833 977 2892 ecclesiam
1002 2834 1156 2891 rexit
1182 2852 1547 2908 parmensem
1569 2835 1761 2892 totus·
1819 2831 2142 2892 decisiones
2176 2833 2353 2893 etiam
2389 2834 2632 2912 collegit
2655 2830 2726 2916 ⁸),
2761 2835 2910 2894 Julii
2929 2834 3001 2893 11.
3024 2835 3097 2893 ad

479 2941 597 2996 que
643 2921 935 2992 incubuit,
982 2925 1053 2981 ut
1099 2941 1338 2999 gregem
1376 2923 1617 2997 optimis
1650 2923 1760 2980 im·
1818 2921 2283 2982 Maximilianum
2312 2923 2450 3000 imp.
2485 2925 2681 3001 legato
2715 2921 2776 3002 (†
2802 2935 2910 2987 151
2942 2921 3097 3004 1)-

480 3011 693 3068 bueret
723 3010 1004 3068 moribus
1038 3012 1261 3069 Deinde
1279 3011 1613 3086 patriarcha
1630 3011 1758 3070 hie·
1817 3010 2013 3069 Roch
2035 3030 2068 3070 o
2101 3013 2374 3071 Curtio
2422 3012 2694 3072 ticinensi
2733 3014 2889 3089 juris
2923 3032 3098 3073 cano-

480 3098 942 3174 rosolymitanus
974 3103 1068 3158 est
1087 3100 1453 3159 constitutus
1474 3105 1534 3159 et
1550 3103 1758 3159 tuscu·
1817 3100 1934 3159 nici
1966 3101 2290 3176 professore
2311 3105 2371 3160 et
2391 3108 2659 3162 senatore
2674 3102 3098 3163 mediolanensi

482 3188 648 3245 lanae
681 3188 950 3248 ecclesiae
971 3190 1280 3264 episcopus
1302 3183 1546 3273 (1503),
1581 3209 1761 3265 quam
1822 3186 1901 3268 (fi.
1964 3186 2154 3268 1515)
2211 3224 2293 3233 —-
2344 3190 2641 3250 »Ioanne
2705 3193 3097 3268 Alphonso

480 3278 871 3336 commutavit
903 3296 1035 3337 cum
1080 3278 1386 3338 albanensi
1420 3283 1482 3337 et
1514 3297 1761 3354 praene-
1818 3279 2235 3339 Beneventano
2253 3280 2317 3338 in
2337 3281 2774 3340 salmanticensi
2806 3281 3100 3341 academia

1819 3367 2140 3428 rhetoricae
2172 3372 2233 3427 et
2264 3369 2670 3445 philosophiae
2691 3370 3019 3446 professore
3040 3373 3100 3429 et

480 3466 796 3519 necessaria
820 3467 894 3519 ab
920 3465 1156 3535 optimis
1196 3467 1522 3534 quibusque
1568 3483 1762 3536 expos·

483 3537 844 3600 tulabuntur,
862 3536 1130 3592 Coloniae
1142 3541 1283 3595 1535
1294 3537 1354 3591 in
1367 3539 1405 3592 f.
1424 3537 1596 3592 Porro
1619 3554 1650 3592 0
1699 3555 1762 3591 us

481 3608 587 3662 hoc
617 3607 755 3664 olim
785 3609 1135 3678 prohibitum
1167 3609 1259 3678 leg
1263 3610 1467 3663 abitur
1486 3607 1548 3662 in
1570 3610 1633 3661 ln
1678 3610 1763 3662 100

478 3679 819 3735 tridentino.
871 3681 1082 3735 Iterum
1133 3680 1353 3734 editum
1405 3683 1463 3733 et
1510 3681 1764 3750 amplius

1841 3644 1848 3650 ·
1898 3612 1932 3680 1)
1984 3609 2067 3664 Cf.
2119 3609 2432 3664 Schulte
2483 3611 2550 3675 11,
2601 3614 2707 3666 338
2757 3628 2826 3662 ss.
2879 3608 2980 3678 qui
3030 3609 3098 3662 de

1819 3681 1941 3749 ejus
1968 3681 2237 3750 operibus
2265 3681 2488 3735 scribit:
2531 3680 2659 3735 Alle
2689 3680 2974 3735 Schriften
3004 3724 3016 3736 .
3044 3723 3056 3735 .
3087 3720 3099 3732 .

480 3751 847 3823 deturpatum
877 3751 990 3805 fuit
1016 3752 1228 3820 (inquit
1254 3752 1517 3822 Foppens
1544 3753 1761 3816 11‚935)

481 3825 552 3877 ab
581 3823 681 3876 Ed.
734 3823 933 3877 Brown
978 3822 1312 3893 anglicanae
1356 3824 1621 3877 ecclesiae
1664 3823 1764 3876 mi·

481 3895 659 3948 nistro
700 3895 920 3963 adjecto
948 3897 988 3947 t.
1016 3900 1064 3950 2.
1107 3895 1446 3964 scriptorum
1489 3898 1762 3958 veterum,

479 3984 723 4033 quorum
754 3981 882 4035 pars
910 3983 1119 4036 magna
1146 3983 1295 4020 nunc
1327 3966 1570 4034 primum
1588 3983 1617 4020 e
1635 3984 1762 4020 mss.

479 4038 599 4094 cod.
629 4038 691 4088 in
717 4036 903 4090 lucem
922 4037 1130 4106 prodit,
1160 4037 1258 4105 qui
1291 4036 1565 4091 Ecclesiae
1586 4054 1764 4092 10100-

482 4126 585 4161 000
613 4123 825 4161 errores
866 4111 924 4160 et
962 4109 1171 4162 abusus
1213 4108 1493 4178 detegunt
1529 4109 1765 4162 01110111-

483 4183 640 4244 nant,
669 4178 1176 4247 necessitatemque
1216 4180 1638 4234 reformationis
1679 4199 1765 4233 ur-

481 4254 634 4320 gent,
674 4249 921 4305 Londiui
963 4255 1102 4308 1690
1143 4254 1180 4306 t.
1210 4256 1241 4307 :2
1268 4251 1328 4304 in
1360 4253 1395 4306 f.
1448 4250 1765 4306 011111610-

480 4321 597 4398 tius
626 4323 684 4375 in
713 4338 923 4392 magna
967 4325 1306 4393 paupertate
1334 4329 1419 4379 2⁹.
1448 4323 1579 4392 Maj.
1611 4329 1765 4380 1542.

483 4395 564 4448 Cli
594 4395 821 4447 Streber
861 4394 972 4449 KL.
1016 4394 1105 4450 V.
1150 4399 1289 4451 1036
1317 4412 1387 4452 ss.
1438 4395 1765 4448 Hartzheim

480 4484 535 4534 p
563 4471 697 4524 261:
747 4466 951 4536 Geiger
995 4465 1131 4546 alig.
1178 4466 1232 4519 d.
1276 4466 1467 4537 Biogr.
1511 4467 1601 4530 IX,
1630 4471 1766 4524 600·

478 4509 781 4606 Reichling
832 4540 895 4593 Ο.
943 4512 1188 4602 Gratius,
1243 4539 1362 4590 scin
1415 4510 1601 4592 Lebeti
1648 4541 1763 4591 und

480 4608 1378 4678 1171111011,Ηο11ίςο001101111884.

558 4652 888 4750 ι1000103·οι-
938 4698 1066 4734 eum
1119 4680 1443 4734 Menaldum
1498 4683 1663 4733 vocat
1713 4682 1770 4732 et

1819 3768 2037 3822 zeugen
2055 3769 2167 3806 von
2184 3752 2342 3806 einer
2360 3768 2628 3807 enormen
2655 3752 3006 3807 Belesenheit
3024 3794 3036 3806 .
3055 3794 3067 3806 .
3085 3798 3097 3811 .

1823 3840 1935 3877 von
1962 3822 2359 3894 ungemeinem
2388 3823 2598 3878 Fleisse
2639 3824 2715 3876 im
2744 3823 3099 3877 211εο101000-

1820 3897 2020 3964 trageu
2061 3896 2160 3948 der
2187 3895 2472 3951 Literatur
2511 3896 2630 3949 und
2674 3912 2802 3949 voni
2842 3896 2973 3950 sehr
3009 3911 3100 3964 ge-

1820 3982 2008 4020 001100
2049 3966 2302 4021 zitieren.
2332 4007 2342 4019 .
2374 4009 2386 4022 .
2414 4010 2425 4022 .
2469 3966 2573 4020 Die
2609 3966 2980 4036 Darstellung
3028 3966 3104 4019 ist

1822 4037 1948 4091 klar
1999 4038 2116 4091 und
2170 4037 2425 4102 fliesseud,
2476 4037 2737 4092 zeichnet
2786 4037 2905 4091 sich
2968 4039 3102 4092 aber

1826 4109 2072 4178 weniger
2122 4109 2302 4163 durch
2357 4109 2687 4179 juristische
2739 4109 2970 4162 Scharfe
3019 4109 3102 4162 als

1821 4181 2003 4234 durch
2029 4179 2154 4233 eine
2183 4180 2370 4236 Breite
2396 4198 2516 4244 aus,
2561 4181 2655 4234 die
2682 4181 2784 4234 ihn
2811 4179 3104 4234 veranlasst

1819 4252 1970 4305 Alles
1988 4251 2094 4305 mit
2110 4251 2332 4307 Zitaten
2349 4271 2414 4306 zu
2432 4252 2686 4321 belegen.
2706 4252 2808 4306 Die
2818 4251 3103 4307 Schriften

1821 4323 1950 4377 sind
1979 4322 2392 4378 Meisterwerke
2434 4324 2511 4377 im
2541 4322 2700 4378 Geist
2725 4323 2825 4377 der
2851 4323 2987 4389 Zeit,
3013 4322 3103 4377 die

1823 4413 1931 4448 nur
1957 4395 2064 4448 auf
2083 4394 2449 4450 Antoritaoen
2475 4396 2595 4449 sah.
2622 4395 2731 4448 Der
2753 4394 2915 4448 Umfa
2927 4412 3004 4464 ng
3031 4393 3104 4447 ist

1823 4467 1916 4520 010
1957 4483 2230 4521 00011001.
2285 4468 2415 4520 Scin
2461 4466 2834 4537 Standpunkt
2881 4466 2958 4520 ist
3006 4466 3104 4519 der

1823 4541 2018 4608 streng
2033 4537 2460 4594 curialistische.
2477 4539 2729 4608 Argelati
2741 4537 2887 4592 Bibl.
2900 4538 3102 4607 Script.

1824 4609 2051 4664 mediol.
2081 4611 2146 4666 11.
2176 4615 2313 4667 1297
2342 4629 2442 4668 aa:
2471 4609 2799 4665 Tiraboschi
2825 4609 2861 4663 1.
2883 4626 2929 4663 0.
2948 4614 3103 4667 0.19.

1897 4691 1935 4746 “·)
1965 4681 2046 4736 Cf.
2074 4681 2198 4736 Nic.
2229 4681 2511 4736 Antonius
2540 4682 2674 4736 bibl.
2702 4681 2849 4750 hisp.
2868 4681 3102 4742 novaeI,

479 4753 627 4806 inter
670 4752 980 4807 sodalesO.
1011 4752 1063 4804 S.
1093 4755 1240 4820 Aug.
1289 4751 1513 4804 videtur
1560 4752 1767 4805 referre
1825 4758 1945 4848 719.

480 4825 788 4892 scribitque
832 4840 960 4877 01110
992 4822 1221 4876 Parisiis
1263 4841 1307 4875 c
1310 4823 1589 4876 1111001001
1617 4821 1767 4877 tneo·

2283 4823 2626 4841 nnnnn

480 4896 665 4964 logias
694 4895 925 4948 moralis
952 4895 1157 4947 rexisse
1184 4897 1358 4960 atque
1386 4893 1589 4947 obiisse
1612 4898 1657 4949 1
1650 4898 1768 4950 313.
1829 4851 1979 4952 1840
1956 4914 2024 4948 ss.
