3475 5364
386 328 541 382 1301

469 507 612 560 607.
646 498 789 557 Cum
814 519 939 575 Jam
971 499 1063 557 bis
1108 499 1335 558 Fabri
1383 499 1652 575 Stapu-

1391 311 1570 366 Faber
1595 310 1973 382 stapulensis·

2833 329 2997 386 1302

1712 499 2045 574 praemissis
2077 500 2268 559 literis
2299 500 2733 570 exhortatoriis,
2766 499 2831 558 in
2863 500 2997 575 qui—

376 589 443 646 le
460 606 501 645 n
517 587 626 645 sis
679 581 946 668 (Lefevre
978 584 1333 669 d'Estaples)
1371 589 1655 648 memine-
1710 590 1824 647 bus
1839 589 2103 664 impense
2117 590 2371 649 inculcat
2401 589 2713 648 lectionem
2733 608 2776 647 s.
2799 589 2996 665 Scrip-

374 677 578 745 rimus,
602 695 656 755 p.
688 686 848 740 1295
873 697 920 736 a.
943 681 1005 736 et
1025 697 1078 752 p.
1109 686 1297 748 1299,
1333 678 1654 737 accuratio-

375 785 498 825 rem
546 765 643 824 hic
692 767 820 841 ejus
869 766 1154 825 faciamus
1217 768 1573 826 mentionem
1591 762 1653 849 ¹).

374 855 567 913 Natus
600 854 653 912 is
685 859 779 914 est
809 855 873 913 in
922 854 1139 931 oppido
1174 856 1441 932 Estaples
1495 856 1655 915 dioe-

373 944 518 1003 cesis
550 943 946 1003 ambianensis
967 964 1016 1003 a.
1037 962 1083 1006 c.
1112 953 1276 1009 1440
1302 942 1653 1026 (secundum

374 1033 519 1091 alios
548 1030 741 1113 1450)
775 1034 917 1092 etin
938 1034 1232 1109 baptismo
1247 1034 1506 1103 Jacobus
1537 1034 1655 1093 dic-

374 1128 487 1180 tus.
501 1122 738 1188 Parisiis
751 1123 966 1181 studiis
978 1142 1209 1199 operam
1219 1123 1475 1193 dederat,
1489 1143 1657 1199 prae-

375 1211 580 1269 sertim
596 1211 836 1289 linguae
850 1231 1091 1289 graecae
1111 1218 1174 1272 et
1192 1213 1512 1282 hebraicae,
1535 1212 1657 1270 dis-

373 1299 607 1375 ciplinis
620 1300 869 1369 biblicis,
901 1301 1079 1359 etiam
1096 1303 1436 1361 Aristotelis
1466 1302 1655 1376 operi-

254 1396 262 1403 “
374 1390 503 1447 bus.
578 1390 717 1448 Post
759 1390 975 1449 itinera
1019 1391 1083 1448 in
1116 1392 1386 1469 regiones
1418 1390 1656 1449 dissitas

374 1477 577 1557 (etiam
595 1478 827 1537 Africae
861 1482 921 1537 et
951 1476 1153 1560 Asiae)
1187 1480 1368 1539 rediit
1400 1480 1654 1539 Parisios

373 1570 434 1626 et
448 1568 647 1626 laurea
657 1567 989 1644 theologiae
1000 1568 1217 1645 adepta
1228 1568 1657 1645 philosophiam

372 1657 789 1733 profitebatur.
839 1658 1123 1716 Adhaesit
1165 1658 1306 1718 dein
1335 1658 1657 1717 Briconnet

374 1746 647 1821 episcopo
678 1746 938 1821 primum
970 1747 1290 1818 lodovensi,
1323 1748 1459 1806 dein
1510 1748 1655 1805 mel-

374 1833 559 1903 densi,
593 1834 720 1910 ejus
740 1836 1037 1910 quondam
1057 1836 1367 1912 discipulo,
1403 1837 1575 1912 cujus
1595 1839 1658 1895 et

373 1923 659 1983 vicarium
706 1925 1042 2000 generalem
1094 1926 1219 2003 egit
1263 1922 1505 2006 (1523).
1571 1925 1653 1983 Eo

372 2016 638 2088 tempore
671 2014 907 2088 scripsit
956 2015 1026 2071 de
1071 2015 1274 2073 Maria
1306 2016 1655 2092 Maydalena

382 2111 563 2164 1517.
606 2112 801 2172 15183
849 2105 916 2161 de
958 2105 1143 2162 tribus
1188 2111 1238 2161 et
1282 2107 1457 2162 unica
1489 2103 1652 2180 May-

372 2192 600 2260 dakmz,
653 2191 894 2251 Parisiis
955 2203 1114 2255 1519
1164 2192 1515 2268 disceptatio
1562 2210 1651 2250 se-

372 2279 595 2347 cunda3
655 2281 873 2355 quibus
920 2282 984 2340 in
1032 2282 1094 2340 ll.
1140 2285 1354 2341 tuetur
1397 2299 1654 2340 sororem

372 2368 594 2437 Lazari,
637 2369 882 2428 Mariam
913 2370 1318 2446 Magdalenam
1350 2374 1411 2430 et
1441 2369 1647 2429 mulie·

371 2476 495 2525 rem
543 2459 927 2532 peccatricem
977 2463 1098 2517 tres
1143 2460 1331 2519 fuisse
1376 2478 1653 2535 personas

372 2546 714 2606 distinctas:
762 2567 913 2624 quae
960 2549 1160 2623 opinio
1192 2567 1405 2625 magna
1436 2549 1651 2607 excita-

372 2637 462 2695 vit
492 2638 954 2696 controversiam
998 2638 1321 2699 literariam
1356 2638 1653 2714 multique

372 2745 499 2785 eam
531 2727 955 2803 impugnarunt
1000 2732 1070 2786 ut
1099 2729 1232 2786 Nat.
1279 2727 1494 2799 Beda,
1529 2728 1652 2786 Nic.

372 2815 638 2886 Grandia,
691 2817 763 2875 de
794 2836 913 2891 quo
945 2817 1116 2888 infra,
1170 2817 1446 2876 Fisher
1496 2817 1650 2893 epis-

1711 682 1881 737 turae
1945 678 2010 736 in
2070 679 2279 756 lingua
2339 678 2669 748 vernacula,
2756 678 2996 736 Parisiis

1718 777 1904 830 1523.
1939 768 2085 827 Cum
2130 785 2267 826 vero
2298 768 2663 844 propendere
2694 767 3000 826 videretur

1712 857 1778 914 in
1836 859 2191 915 novatorum
2245 857 2571 932 opinioneS,
2623 857 2688 914 in
2749 856 2996 932 suisque

1712 946 2011 1021 operibus,
2075 947 2145 1004 de
2208 946 2427 1021 quibus
2476 965 2610 1004 mcx
2662 946 2994 1020 loquemur,

1710 1035 2145 1110 propositiones
2208 1038 2498 1101 statueret
2558 1053 2848 1103 erroneae,
2900 1035 2995 1093 vel

1714 1113 1911 1183 minus
1962 1128 2165 1183 cautas
2211 1129 2272 1183 et
2314 1125 2645 1183 novitatem
2676 1124 2992 1198 sapienteS,

1713 1214 2058 1283 multorum,
2107 1213 2443 1273 Sorbonnae
2488 1212 2852 1289 praeprimis,
2901 1213 2992 1270 in-

1713 1302 1904 1361 currit
1965 1303 2480 1378 reprehensionem
2530 1297 2777 1382 (1523),
2842 1321 2997 1377 quae

1711 1391 1906 1466 ipsum
1940 1391 2175 1451 demum
2209 1396 2271 1451 et
2290 1392 2491 1450 laurea
2510 1392 2850 1450 doctoratus
2868 1390 2991 1465 pri-

1714 1482 1895 1548 vavit,
1929 1480 2086 1539 unde
2108 1480 2253 1557 fuga
2274 1481 2388 1563 sibi
2411 1479 2714 1539 consuluit
2729 1499 2777 1537 a.
2811 1488 2994 1542 1525.

1713 1569 1931 1628 Verum
1968 1590 2002 1629 a
2023 1570 2329 1630 Francisco
2349 1571 2392 1628 1.
2413 1569 2665 1628 Parisios
2685 1572 2993 1627 revocatus

1711 1677 1955 1717 munere
2006 1678 2245 1734 quoque
2297 1659 2569 1735 magistri
2631 1658 2822 1716 Caroli
2885 1657 2993 1715 filii

1712 1747 1809 1806 sui
1839 1749 2166 1813 honoratus
2202 1748 2332 1807 suit.
2365 1747 2570 1806 Edidit
2601 1752 2670 1806 et,
2691 1746 2777 1804 Le
2805 1745 2992 1805 Psau-

1711 1839 1822 1896 tier
1850 1837 1923 1896 de
1946 1836 2148 1908 David,
2183 1838 2260 1895 ib.
2293 1845 2487 1906 15253
2521 1837 2658 1895 dein
2688 1835 2994 1912 integrum

1711 1926 1777 1985 V.
1827 1927 2269 1985 Testamentum
2318 1925 2641 1986 secundum
2694 1944 2737 1985 s,
2784 1924 2992 1983 Hiero·

1710 2016 1877 2093 nymi
1907 2015 2224 2074 editionem
2259 2017 2582 2092 vulgatam,
2617 2033 2770 2089 quae
2798 2013 2991 2073 versio

1710 2105 1949 2164 nomine
1980 2104 2169 2179 ipsius
2215 2114 2533 2181 suppresso
2555 2154 2558 2155 ν
2584 2102 2809 2178 prodiit
2839 2105 2989 2161 Ant-

1710 2194 1947 2269 verpiae
1990 2202 2186 2263 15283
2248 2205 2446 2263 15303
2506 2202 2667 2256 1534
2720 2210 2852 2250 cum
2887 2208 2992 2250 an·-

1712 2282 2140 2353 n‘otationibua
2197 2294 2382 2353 1541,
2430 2283 2516 2341 ed.
2551 2281 2629 2340 IV
2680 2277 2782 2361 (m.
2820 2281 2990 2360 300).

1709 2372 1794 2430 Ea
1826 2372 1972 2430 satis
2002 2376 2096 2431 est
2127 2377 2416 2442 accurata,
2463 2391 2569 2446 per
2599 2370 2863 2429 seculum
2897 2371 2987 2436 in·

1710 2460 1913 2530 valuit,
1946 2461 2294 2537 praesertim
2329 2464 2468 2538 post
2499 2460 2853 2519 revisionem
2886 2459 2988 2516 Ni-

1709 2550 1860 2609 colai
1893 2550 1965 2609 de
1996 2550 2236 2609 Lenze
2270 2551 2641 2625 aliorumque
2684 2548 2987 2624 theologo-

1708 2660 1841 2699 rum
1892 2640 2359 2711 lovaniensium3
2425 2638 2593 2714 eique
2644 2637 2992 2696 innituntur

1709 2730 2007 2790 versiones
2042 2750 2078 2789 a
2109 2731 2428 2799 catholicis,
2461 2729 2579 2787 imo
2611 2732 2672 2787 et
2702 2726 2989 2786 Calvinia-

1708 2819 1802 2877 nis
1866 2823 2070 2895 postea
2131 2819 2462 2878 adornatae.
2526 2816 2791 2876 Decessit
2871 2817 2990 2874 fere

370 2923 553 2979 copus
589 2907 971 2965 rocestrensis
1006 2903 1101 2984 (cf.
1136 2928 1190 2982 p.
1234 2902 1429 2988 1270)
1462 2907 1525 2965 in
1558 2925 1649 2981 op.
1708 2909 2087 2967 centenarius
2120 2929 2168 2967 a.
2201 2919 2362 2973 1536
2385 2912 2463 2978 et,
2485 2911 2556 2965 ut
2575 2925 2813 2982 sperare
2832 2905 2988 2974 licet,

371 2995 698 3068 praestanti
744 2995 812 3053 de
870 2998 1041 3054 unica
1090 2997 1436 3073 Maqdalena
1481 2998 1538 3053 ll.
1589 2997 1647 3071 3,
1706 2998 2002 3057 Ecclesiae
2017 2999 2336 3057 catholicae
2356 2997 2645 3065 addictuS,
2676 2996 2788 3054 etsi
2819 2994 2989 3052 inno-

372 3083 611 3141 Parisiis
642 3095 822 3147 1519.
854 3084 937 3141 Ea
956 3085 1135 3144 etiam
1158 3085 1323 3161 gravi
1343 3082 1649 3161 censura2)
1707 3087 2048 3146 vationibus
2126 3086 2588 3163 protestantium
2656 3085 2719 3142 in
2783 3083 2986 3142 Galliis

370 3174 573 3229 notata
603 3176 695 3230 est-
725 3194 758 3229 a
790 3172 1095 3232 Sorbonna
1126 3193 1174 3231 a.
1216 3183 1403 3236 1521.
1458 3174 1653 3232 Vertit
1707 3176 1861 3234 viam
1883 3179 2172 3234 sterneret
2203 3179 2264 3234 et
2279 3174 2573 3234 sentiendi
2589 3172 2988 3248 carpendique

370 3259 609 3318 Faber
670 3261 741 3318 N.
789 3261 849 3318 Τ.
903 3262 967 3319 in
1016 3262 1282 3338 linguam
1349 3263 1648 3339 gallicam,
1705 3264 2008 3323 licentiam
2075 3265 2318 3324 foveret.
2412 3264 2681 3322 Plurima
2741 3262 2989 3335 reliquit

370 3348 588 3407 additis
664 3349 948 3408 brevibus
1026 3351 1513 3410 annotat-ionibus
1590 3356 1651 3409 et
1706 3372 1883 3429 opera
1900 3349 1962 3434 ¹),
1997 3354 2158 3412 inter
2189 3372 2340 3428 quae
2373 3353 2639 3412 eminent
2657 3352 2986 3426 exegetica:

374 3509 451 3514 —
1707 3442 2119 3501 Commentarii
2136 3441 2451 3500 initiatorii
2468 3445 2526 3498 in
2543 3441 2986 3517 quatuorEcan-

450 3595 484 3652 1)
512 3589 671 3642 Alius
714 3590 959 3644 Jacobus
1004 3589 1080 3644 Le
1143 3590 1371 3645 Fbvre
1423 3590 1649 3662 (Faber)
1700 3533 1874 3608 yelia,
1908 3531 2116 3590 Meldis
2156 3540 2319 3593 1522
2355 3531 2417 3588 in
2449 3531 2521 3599 f.;
2562 3528 2830 3587 Coloniae
2846 3547 2986 3595 e.a.;

370 3655 563 3715 floruit
602 3663 839 3715 exeunte
881 3661 987 3715 hoc
1031 3663 1239 3717 seculo,
1291 3662 1499 3716 Doctor
1525 3665 1652 3716 erat
1705 3623 1766 3678 et
1806 3630 1880 3720 1.5
1889 3630 2002 3690 4¹3
2062 3628 2225 3682 1526
2281 3637 2325 3676 S'
2360 3620 2417 3689 L'
2469 3619 2534 3676 in
2584 3618 2805 3718 qnibui
2838 3620 2988 3717 ,poit

368 3733 741 3787 sorbonnicus
769 3737 947 3802 (1554)
975 3732 1271 3803 ediditque
1300 3733 1527 3801 aliquot
1552 3736 1649 3787 ad·
1704 3728 2034 3768 'sermonem
2083 3709 2387 3784 ngsstflm
2442 3714 2658 3766 *fetens
2709 3706 2986 3764 edltlomss

369 3820 562 3858 versus
587 3803 898 3858 haereticos
925 3805 1216 3875 opuscula,
1244 3805 1394 3859 inter
1421 3822 1567 3873 quae
1594 3810 1650 3860 et
1704 3817 1809 3873 per
1840 3798 2033 3874 capita
2063 3797 2383 3857 exhibitam
2429 3797 2638 3855 breves
2686 3795 2854 3870 prius
2887 3814 2984 3852 ex-

369 3876 635 3929 carmina.
703 3875 940 3930 Curavit
987 3894 1192 3931 novam
1245 3876 1554 3930 editionem
1605 3896 1646 3934 S.
1704 3887 1873 3945 hibet
1902 3887 2312 3945 annotationes
2342 3885 2497 3944 circa
2525 3885 2759 3942 literam
2794 3902 2986 3958 ,quae

368 3947 692 4029 S.⁰¹'iP¹⁵¹²¹'ae
720 3948 856 4001 ΒΘΗ·
890 3947 1108 4029 ΒΕΠο.ἢ’
1136 3951 1334 4029 ὓοῃιῗᾶ
1351 3949 1649 4030 malave?
1747 3976 1922 4035 artim
1998 3976 2113 4034 uod
2146 3977 2211 4034 in
2243 3978 2440 4033 vetere
2481 3974 2741 4033 editione
2772 3973 2983 4031 obscu-

368 4035 583 4072 sionem
606 4019 747 4073 duos
768 4019 1231 4074 observationum
1253 4020 1429 4074 libros
1450 4019 1647 4080 ed1d1t;
1703 3997 1742 4052 p
1956 3995 1994 4051 q

366 4089 464 4142 sed
487 4090 657 4159 hujus
680 4107 771 4158 op.
798 4105 952 4143 exem
998 4091 1139 4144 laria
1160 4091 1353 4145 omnia
1379 4090 1649 4145 videntur
1702 4085 1838 4124 rum
1870 4069 1977 4136 est,
2011 4065 2334 4134 iuusssrantv
2369 4063 2586 4163 Pasti-m
2620 4062 2779 4138 (lUOd
2810 4062 2983 4121 Vitis*

367 4160 540 4214 fuisse
569 4177 886 4230 suppressa,
910 4178 943 4212 a
986 4178 1052 4215 eo
1074 4164 1141 4215 ut
1154 4163 1390 4215 unicum
1418 4165 1647 4216 tantum
1703 4156 1831 4212 tum
1866 4158 1975 4224 est,
2010 4154 2346 4224 emendant,
2380 4157 2597 4228 partim
2630 4151 2790 4227 quod
2822 4150 2984 4226 apud

366 4231 555 4284 adhuc
576 4236 755 4286 exstet·
776 4231 839 4285 in
857 4232 1152 4287 sorbonna
1169 4233 1473 4302 exemplar.
1502 4233 1647 4303 Pug-
1701 4261 1941 4321 graecos
1973 4242 2317 4318 plusculum
2365 4246 2455 4301 est
2486 4241 2780 4317 adjiciunss
2811 4260 2982 4318 prae..

367 4302 530 4355 navit
564 4320 698 4372 prae
726 4302 930 4372 primis
968 4323 1072 4372 pro
1098 4325 1141 4360 s.
1168 4308 1358 4359 missae
1381 4309 1646 4372 sacrificio

365 4374 635 4427 adversus
660 4375 898 4444 impiam
925 4375 1127 4428 missae
1156 4379 1214 4430 et
1237 4375 1486 4430 missalis
1513 4393 1645 4429 ana·

1700 4333 1894 4408 posito
1926 4332 2266 4404 asterisco*,
2299 4332 2516 4407 partim
2537 4331 2697 4406 quod
2728 4349 2849 4388 non
2881 4333 2982 4388 ha·

366 4454 559 4499 tomen
586 4447 977 4512 dissectorum,
1004 4448 1306 4513 laniorum,
1336 4447 1645 4501 misolitur·
1701 4421 1878 4480 betur
1926 4422 2082 4498 aPUd
2116 4422 2266 4493 illos,
2302 4420 2651 4481 confodiunt
2683 4419 2978 4479 Obelisoo‘

365 4533 567 4586 gorum
612 4517 971 4571 calvinianae
1017 4518 1268 4572 familiae
1295 4519 1516 4589 perdite
1560 4536 1645 4572 ex-

365 4585 693 4656 cogitatam,
734 4588 964 4642 Parisiis
1006 4595 1144 4647 1563
1184 4589 1245 4643 in
1271 4595 1321 4647 8.
1374 4591 1456 4643 Cf.
1484 4590 1647 4645 Feret

365 4659 576 4787 {ag-5201.
604 4661 673 4714 de
702 4660 894 4716 Theol.
940 4661 1009 4714 de
1056 4661 1233 4724 Paris,
1273 4677 1362 4731 ep.
1402 4663 1552 4716 mod.
1581 4663 1644 4725 11,

1708 4577 1746 4585 ,τ-

1783 4667 1818 4735 ¹)
1844 4662 2030 4716 Welte
2057 4662 2170 4716 KL.
2204 4663 2292 4727 lV,
2326 4668 2464 4720 1178
2490 4680 2589 4718 ss.:
2620 4661 2913 4716 Fabricius
2948 4663 2982 4723 l,

1701 4739 1808 4790 544
1834 4751 1934 4792 ss.;
1987 4734 2207 4788 Reusch
2249 4734 2424 4787 ludex
2470 4736 2507 4799 l,
2552 4739 2653 4789 156
2680 4751 2780 4786 ss.:
2835 4732 2981 4785 Bibl.

440 4809 478 4868 ἵ)
507 4801 687 4866 Quam
716 4805 786 4856 cf.
813 4804 966 4873 apud
995 4802 1341 4874 D'Argentre
1368 4805 1493 4859 coll.
1514 4804 1644 4872 jud.
1705 4806 1848 4874 belg.
1882 4808 1918 4859 t.
1946 4805 2028 4864 I[;
2081 4805 2150 4859 de
2180 4805 2440 4859 Sabatier
2468 4806 2722 4858 Plantier
2749 4804 2983 4857 Lefevre

365 4876 402 4928 t.
432 4879 464 4928 2
492 4873 675 4938 initio,
702 4877 760 4928 et
783 4875 987 4943 Fleury
1017 4875 1160 4930 Hjst.
1189 4876 1643 4941 ecel.1.127§80.
1701 4875 1841 4940 d'E.,
1870 4877 2224 4932 Montaubau
2253 4881 2409 4935 1870.
