3475 5364
203 368 274 420 35
285 369 316 420 5
1224 406 1231 411 ,
1275 348 1643 403 Innocentius
1669 348 1767 401 IV.
2692 366 2816 421 366

202 543 265 594 ut
303 535 551 595 videtur
586 536 654 595 Ο.
687 534 912 618 Praed,
945 535 1051 611 qui
1095 534 1300 595 floruit
1330 534 1491 594 intra
1543 535 1745 594 cilium
1822 534 2262 595 oecumenicum
2338 534 2716 611 lugdunense
2777 536 2821 593 Ι.

210 634 668 693 1255-1270,
699 624 958 684 extraxit
989 624 1332 700 saepissime
1362 624 1484 683 edi·
1543 644 1592 682 a.
1638 633 1819 688 1245.
1886 625 2030 683 Cum
2062 627 2221 682 esset
2251 623 2648 693 doctissimuS,
2682 624 2820 683 lite·

202 720 330 783 tam,
362 713 461 772 cui
495 714 565 772 in
600 714 692 772 ed.
726 713 1004 789 pluribus
1037 713 1141 770 alii
1172 715 1354 786 atque
1385 713 1487 772 alii
1543 732 1744 772 rarum
1777 712 2044 773 studium
2095 712 2358 788 impense
2406 731 2647 788 quaqua
2688 732 2819 772 ver-

200 802 497 861 adduntm·
513 802 935 862 commentarii
950 797 1017 882 ¹),
1036 802 1281 861 Parisiis
1302 812 1486 872 1494;
1543 820 1647 861 sus
1678 802 1977 878 promovit
2013 806 2074 861 et
2111 802 2279 861 vovit
2309 801 2629 876 doctosque
2660 801 2820 861 viros

208 892 466 953 Coloniae
507 902 721 962 14983
762 901 963 962 15023
999 890 1260 951 Venetiis
1304 902 1486 955 1569.
1542 892 1613 949 ad
1647 892 2052 967 componenda
2082 891 2366 950 excitavit
2413 908 2604 966 opera
2667 893 2822 951 Ante

207 981 433 1038 Ordinis
453 981 947 1051 constitutiones,
982 999 1132 1053 quae
1164 980 1333 1056 prins
1349 999 1486 1041 con·
1541 980 1823 1056 adeptum
1876 980 2283 1057 pontificatum
2335 980 2463 1055 ipse
2512 981 2824 1055 scripserat

206 1069 356 1129 fusae
386 1069 795 1137 habebantur,
829 1070 904 1127 ad
924 1069 1225 1134 meliorem
1257 1071 1489 1147 redegit
1541 1071 1914 1146 Apparatum
1965 1088 2070 1129 seu
2115 1070 2527 1128 commentaria
2572 1071 2632 1127 in
2673 1072 2710 1128 5
2761 1071 2819 1129 ll.

206 1160 436 1216 sormam
468 1162 664 1234 atque
696 1159 783 1216 ita
813 1161 1081 1233 receptae
1109 1158 1275 1217 fuere
1297 1159 1372 1217 ab
1392 1178 1486 1219 or-
1541 1159 1927 1228 decretalium,
1962 1157 2345 1235 Argentorati
2388 1167 2548 1221 1477
2573 1179 2586 1226 ;
2633 1158 2822 1217 Vene-

209 1247 332 1306 dine
362 1247 425 1306 in
456 1247 751 1324 capitulis
797 1248 1178 1323 generalibus
1222 1267 1329 1323 per
1359 1267 1486 1307 mo·
1542 1247 1644 1311 tiis
1681 1256 1881 1315 1481;
1924 1257 2121 1315 14913
2161 1257 2360 1316 14953
2403 1257 2520 1310 157
2532 1260 2598 1315 0;
2661 1247 2821 1324 Lug-

210 1337 337 1394 dum
366 1336 774 1396 inchoationis
808 1345 1003 1405 12393
1041 1336 1488 1412 approbationis
1542 1336 1688 1395 duni
1715 1334 2373 1406 1525‚commentarius
2389 1336 2654 1395 omnium
2670 1336 2823 1395 forte

214 1434 364 1488 1240
413 1429 475 1483 et
516 1425 767 1484 tandem
800 1424 1264 1484 confirmationis
1305 1436 1486 1489 1241.
1542 1426 1806 1502 optimus
1820 1420 1885 1507 ¹).
1938 1426 2026 1484 De
2057 1426 2474 1498 acceptionibus
2505 1425 2657 1484 liber
2685 1445 2821 1501 par-

213 1514 412 1573 Nostra
424 1518 628 1573 aetate
644 1514 890 1573 Schulte
905 1514 1177 1590 publicae
1193 1514 1312 1573 luci
1326 1514 1490 1573 dedit
1545 1533 1654 1573 vus
1686 1514 1935 1573 minoris
1982 1514 2289 1583 momenti,
2340 1513 2403 1572 in
2454 1514 2601 1573 thes.
2652 1517 2820 1573 tract.

212 1603 326 1677 ejus
355 1603 822 1662 instructionem
867 1604 938 1661 de
984 1599 1179 1661 dubiis
1207 1606 1487 1663 conscien-
1534 1603 1695 1679 juris
1728 1607 1771 1662 t.
1805 1603 1908 1662 111.
1941 1623 1996 1680 p.
2023 1614 2079 1673 2,
2116 1603 2379 1662 Venetiis
2409 1611 2591 1666 1584.
2626 1604 2820 1665 Pluri-

220 1695 337 1767 tiae,
369 1712 401 1750 a
432 1691 723 1767 pontifice
755 1692 1064 1767 probatam
1097 1710 1205 1751 seu
1239 1692 1487 1751 Dubita-
1542 1711 1669 1751 mas
1690 1693 2151 1752 constitutiones
2184 1687 2325 1773 (42)
2359 1710 2496 1750 cum
2528 1693 2822 1751 constitu·

216 1779 344 1838 bilia
372 1799 509 1838 cum
543 1781 1041 1857 responsionibus
1094 1782 1168 1840 ad
1201 1782 1489 1858 quaedam
1544 1782 1711 1841 tione
1761 1781 2060 1849 ,Romana
2119 1781 2419 1840 Ecclesia‘
2493 1782 2555 1839 in
2605 1799 2683 1840 cc.
2741 1792 2817 1845 10

224 1870 395 1945 capita
425 1870 612 1928 missa
644 1869 720 1929 ad
752 1869 1108 1945 pontificem,
1132 1871 1195 1929 in
1215 1870 1365 1929 Abh.
1388 1872 1491 1928 der
1543 1870 1867 1930 distributa
1896 1870 2298 1947 promulgavit
2328 1870 2391 1928 in
2412 1888 2569 1929 conc.
2603 1870 2821 1947 lugdu-

223 1959 267 2014 k.
296 1958 483 2016 bohm.
520 1959 654 2017 Ges
705 1959 811 2017 der
842 1959 1269 2018 Wissenschaft
1321 1968 1486 2024 1868
1543 1960 1731 2028 nansi,
1767 1959 2031 2034 aliasque
2065 1954 2206 2041 (12)
2238 1958 2377 2017 dein
2408 1959 2639 2035 adjecit,
2673 1978 2821 2034 quas

223 2066 267 2121 p.
287 2055 360 2111 98
381 2066 456 2105 ss.
488 2047 726 2106 Ibidem
747 2070 803 2125 p.
835 2058 952 2111 102
976 2067 1049 2108 ss.
1072 2049 1229 2108 idem
1248 2049 1489 2107 Schulte
1544 2049 1797 2107 insertas
1841 2048 2036 2108 voluit
2081 2048 2194 2106 sub
2240 2048 2438 2106 titulis
2479 2048 2823 2124 respectivis

221 2135 362 2193 aliud
391 2136 661 2211 ejusdem
712 2155 862 2215 opus
911 2137 1033 2196 luci
1065 2137 1247 2206 dedit,
1284 2139 1487 2196 Decre-
1545 2137 1928 2196 decretalium
1948 2137 2298 2206 collectioni,
2332 2136 2618 2211 quasdam
2644 2138 2822 2196 etiam

226 2225 345 2283 tales
372 2225 491 2284 scil.
524 2227 591 2284 in
625 2226 891 2285 consiliis
924 2230 984 2285 et
1015 2226 1489 2286 confessionibus
1543 2227 1769 2302 recepit
1817 2225 2159 2286 Bonifatius
2209 2226 2275 2284 in
2316 2227 2354 2284 l.
2410 2236 2479 2295 6;
2541 2226 2823 2291 collectae

225 2314 577 2373 necessariae.
644 2314 827 2375 Plura
877 2316 1099 2391 scripta
1137 2319 1491 2374 manserunt
1544 2334 1783 2390 quoque
1843 2317 2118 2392 prostant
2173 2315 2234 2373 in
2280 2316 2695 2391 supplemento
2744 2314 2820 2383 ΙΙ,

227 2401 441 2461 inedita.
488 2402 615 2479 Ipsi
647 2403 805 2463 forte
833 2404 1022 2463 tribui
1052 2409 1251 2480 potest
1281 2405 1487 2463 Direc-
1552 2415 1739 2474 1071,
1793 2405 1952 2480 quod
2002 2404 2192 2463 Mansi
2237 2404 2450 2478 adjecit
2499 2422 2640 2463 suae
2684 2421 2822 2462 con-

228 2492 1487 2571 toriumadusuminquisitornmAragoniae,
1546 2493 1816 2552 ciliorum
1851 2493 2200 2552 collectioni.
2234 2493 2361 2551 Elie
2392 2494 2612 2570 Berger
2642 2493 2822 2551 colle-

230 2580 362 2654 quod
391 2581 655 2657 reperies
709 2583 772 2641 in
818 2582 959 2641 diss.
994 2582 1214 2641 Douais
1248 2584 1301 2641 S.
1336 2582 1485 2659 Ray·
1543 2583 1634 2658 git
1663 2583 1750 2641 les
1783 2583 2067 2659 registres
2086 2581 2433 2640 d'Innocent
2451 2581 2567 2651 IV.,
2595 2583 2824 2640 Recueil

233 2669 385 2727 mond
433 2670 504 2729 de
555 2670 618 2729 Ρ.
673 2676 736 2730 et
786 2673 875 2731 les
923 2670 1261 2747 heretiques
1323 2672 1386 2731 in
1437 2671 1489 2731 le
1544 2673 1643 2731 des
1673 2671 1849 2731 bullas
1878 2671 2148 2747 publices
2168 2691 2246 2731 ou
2265 2671 2572 2748 analysees
2593 2670 2823 2748 d'apres

234 2757 418 2833 Moyen
446 2763 574 2836 Age
608 2759 721 2820 XII
754 2756 982 2843 (1899)
1022 2770 1384 2825 305—325.
1544 2761 1628 2819 les
1661 2760 2022 2821 manuscrits
2053 2760 2363 2838 originaux
2395 2760 2478 2818 du
2496 2761 2744 2820 Vatican
2763 2765 2825 2819 et

346 2896 363 2906 .
1545 2850 1615 2908 de
1668 2851 1726 2908 la
1775 2850 2181 2925 bibliotheque
2231 2850 2546 2920 nationale,
2579 2850 2823 2909 Parisiis

314 2946 437 3000 196.
470 2939 640 2997 Inter
671 2956 772 2997 eos
814 2956 969 3007 ver0,
1017 2939 1122 3014 qni
1153 2939 1488 3016 Raymundi
1554 2948 1712 3003 1881
1744 2957 1819 2997 ss.
1837 2943 1879 2997 t.
1900 2948 1956 3006 3,
1979 2938 2163 2998 editio
2183 2936 2550 3020 accurata2);
2583 2958 2670 3015 ep.
2698 2949 2820 3002 762

239 3027 686 3101 compilationem
704 3027 1105 3096 illustrarunt,
1129 3028 1351 3087 eminet
1383 3028 1419 3086 S
1438 3029 1487 3086 i-

237 3112 569 3175 nibaldus
603 3116 680 3175 de
706 3115 971 3175 Flisco
1017 3112 1302 3198 (Fieschi)
1334 3118 1488 3176 tanti
1543 3126 2008 3190 confessionibus,
2040 3126 2340 3196 episcopus
2356 3128 2551 3197 postea
2568 3126 2830 3198 assisina--

239 3201 355 3260 olim
373 3203 576 3274 factus,
609 3208 685 3263 ut
718 3208 930 3280 ,pater
947 3208 1009 3263 et
1029 3225 1316 3282 organum
1334 3206 1487 3264 veri·
1544 3197 1718 3251 tensis
1761 3207 1807 3262 (†
1859 3201 2034 3263 1273),
2088 3213 2259 3265 quam
2312 3198 2495 3251 edidit
2556 3197 2825 3252 Baluzilffl

240 3291 376 3361 tatis,
408 3295 850 3352 canonistarum
882 3293 1160 3353 dominus
1188 3296 1250 3353 et
1268 3294 1488 3354 decreti
1543 3268 2142 3410 ffiiffifflgaritgcgffi
2172 3274 2364 3395 {2135
2365 3274 2448 3396 33ss
2471 3273 2739 3402 ἶυὲῥρθέε,
2758 3287 2826 3394 θρὶξ,

243 3378 497 3453 Splendm'c
522 3383 777 3482 juriSbt
808 3382 1010 3459 legum
1022 3383 1377 3442 monamha‘
1396 3402 1485 3443 3⁸¹·
1543 3411 1926 3465 recentissime
1965 3412 2025 3463 in
2066 3411 2310 3465 Archivo
2357 3411 2506 3465 della
2535 3430 2578 3467 r.
2603 3418 2711 3466 soc.
2740 3429 2826 3465 ro·

244 3465 516 3529 lutaretur.
550 3473 758 3531 Patria
775 3475 903 3530 erat
922 3472 1267 3541 Genuensis,
1289 3472 1488 3533 studio
1542 3501 1714 3535 mana
1754 3483 1883 3535 XXI
1925 3486 2122 3555 (1898),
2165 3488 2392 3538 7-120.
2445 3482 2526 3537 Cf.
2563 3483 2673 3536 KL.
2706 3483 2824 3547 Vp,

240 3554 368 3627 jung
395 3574 623 3634 operam
668 3559 836 3618 dedit,
876 3561 1191 3620 Bononiae,
1254 3560 1325 3619 In
1349 3563 1487 3638 jure
1543 3558 1854 3614 736—-743;
1885 3554 2129 3607 Michael
2148 3553 2413 3608 zeitschr.
2435 3555 2616 3606 XVHI
2643 3558 2825 3625 (1894)

246 3645 621 3718 peritissimus,
688 3647 879 3707 factus
942 3653 1031 3709 est
1091 3670 1159 3709 ex
1208 3651 1486 3709 canonico
1539 3630 1918 3766 4'5273's3‘ssi71331t9
1946 3697 1965 3749 l
2000 3712 2029 3748 c
2062 3696 2112 3748 H
2146 3701 2246 3751 99,
2313 3696 2422 3748 Das
2439 3695 2613 3749 werk
2632 3694 2825 3749 Refert

244 3734 550 3833 catlffedmlis
582 3738 865 3838 00910358?
898 3739 1227 3813 parmenSiS
1261 3739 1335 3798 ab
1368 3740 1487 3841 ΗΡ·
1542 3766 1710 3820 einen
1739 3737 2212 3838 umsangreiclieti
2225 3735 2824 3830 Kommentar,dessen

246 3838 380 3881 nono
409 3824 503 3883 111.
535 3826 781 3886 auditor
820 3826 1128 3887 literarum
1160 3828 1486 3888 contradic·
1543 3837 1790 3909 Haupte‘
1837 3839 2168 3892 enschaften
2220 3837 2280 3891 in
2329 3837 2485 3891 einer
2533 3837 2823 3918 bisweilen

247 3911 427 3981 tuum,
458 3916 771 3992 episcopus
793 3915 1095 3994 Albflngge
1126 3920 1189 3977 et
1218 3917 1485 3976 vicecom-
1538 3908 1628 3963 bis
1654 3928 1756 3962 zur
1811 3911 2196 3990 „rschwerung
2237 3909 2333 3990 des
2361 3908 2826 3991 Verstandnisses

250 3999 479 4095 eneces
527 4004 811 4064 ωοιο
860 4023 1153 4074 cccccccccc
1200 4026 1235 4064 ο
1266 4007 1485 4084 ccccc·
1581 3980 2827 4106 {22¹ffi50zffnrfff3213sff2211‘5113.vallaras

249 4102 318 4231 ΞΟ
342 4089 441 4158 IX*
473 4111 646 4167 quem
679 4094 943 4195 legatum
977 4095 1275 4170 quondam
1308 4096 1483 4155 comi·
1540 4124 1950 4178 mittelbarkeit
1975 4124 2074 4177 der
2093 4095 2483 4194 Ausch‘auung
2501 4124 2616 4177 und
2642 4123 2824 4178 einem

300 4181 382 4235 tus
401 4185 529 4242 erat.
563 4182 884 4242 cardinalls
917 4185 1044 4256 (23.
1070 4184 1230 4259 Sept.
1275 4181 1484 4266 1227).
1541 4199 1792 4249 {iusserat
1839 4195 2205 4264 praktischen
2276 4194 2471 4248 Blicke
2533 4196 2824 4250 bestehen.

253 4261 496 4328 Defuncto
527 4270 858 4330 coelestino
893 4271 988 4330 IV,
1036 4272 1258 4331 electus
1304 4277 1393 4332 θεῖ,
1422 4274 1486 4332 in
1542 4265 1672 4319 Man
1702 4266 1858 4318 kann
1900 4266 2018 4320 ihm
2048 4267 2107 4319 in
2148 4267 2246 4319 der
2274 4266 2424 4320 That
2457 4266 2631 4319 kaum
2659 4266 2824 4319 einen

256 4368 514 4416 romanum
570 4360 908 4437 pontificem
976 4370 1074 4423 25·
1122 4353 1261 4420 Jun‘
1318 4371 1393 4425 12
1404 4372 1482 4425 43
1540 4337 1780 4390 zweiten
1820 4337 2188 4390 Kommentar
2228 4339 2328 4391 der
2362 4337 2703 4390 Dekretalen
2744 4339 2828 4391 als

257 4441 515 4520 voluitque
540 4449 655 4508 dici
682 4450 1069 4508 Innocentius
1085 4450 1179 4509 IV.
1199 4447 1260 4531 (†
1281 4461 1332 4514 7.
1352 4453 1484 4510 Dec.
1542 4426 1708 4532 {2312
1742 4408 2349 4534 ἳξίζῗὲΐὲξᾶέἒωῗρ
2391 4408 2825 4532 ,ξὲῗθάἓὲθηὶἓζ

268 4527 438 4612 1254).
468 4536 582 4596 Sub
597 4539 730 4615 ipso
753 4538 1113 4597 celebratum
1136 4537 1314 4621 fuit2)
1348 4558 1484 4599 con·
1542 4552 1713 4604 sehen
1744 4551 1927 4604 seines
1955 4551 2270 4604 Vert'aesers
2302 4500 2674 4604 'fferschafften
2702 4551 2822 4604 ihm

1542 4623 1667 4675 eine
1697 4623 1846 4676 volle
1874 4623 1990 4675 und
2036 4623 2378 4703 allgemeine
2404 4624 2695 4676 Antoritiit
2720 4626 2824 4677 etc.

323 4684 350 4752 ⁸)
373 4684 442 4738 cf.
476 4689 699 4745 Schulte
739 4691 778 4746 l.
817 4706 865 4746 c.
908 4709 962 4760 p.
987 4695 1122 4751 427:
1175 4690 1355 4744 Franz
1396 4692 1486 4745 die
1544 4694 1624 4748 Cf.
1654 4693 1804 4746 Sarti
1833 4693 1872 4756 1,
1898 4699 2002 4749 4:22
2031 4694 2099 4746 de
2127 4712 2249 4762 ipso
2279 4698 2334 4747 et
2361 4712 2514 4762 seqq.

268 4747 404 4809 Messe
421 4774 475 4836 p.
497 4765 595 4818 482
606 4767 794 4820 —486.
1617 4769 1655 4826 ο)
1684 4764 1768 4819 cf.
1798 4767 1838 4818 G
1849 4765 1992 4817 risar
2007 4765 2272 4818 zeitschr.
2293 4766 2384 4817 fnr
2400 4765 2454 4819 k.
2474 4764 2664 4817 Theoi
2690 4769 2824 4819 1885

276 4893 279 4896 γ
320 4827 352 4892 ’)
376 4825 540 4885 Vnam
566 4833 686 4887 e'us
725 4832 961 4902 scripsit
984 4832 1036 4886 N
1041 4833 1253 4888 icolaus
1281 4834 1485 4889 Calvi
1542 4853 1596 4904 p.
1627 4841 1897 4895 155-592
1927 4835 2190 4889 Potthast
2215 4836 2456 4906 Regesta
2483 4853 2619 4890 rom.
2639 4834 2743 4887 ΡΡ.
2763 4836 2824 4899 Il,

270 4889 335 4956 lde
356 4893 540 4967 (lubio,
579 4852 808 4971 &urbim
852 4904 915 4958 O.
957 4904 1113 4970 Min„
1155 4905 1414 4975 pontifici
1454 4923 1485 4959 a
1542 4911 1894 4963 943—12285:
1921 4913 1980 4963 21
1996 4912 2305 4966 10——121‘342
2334 4913 2490 4963 2137.
