3475 5364
517 340 675 396 1407
782 326 1153 380 1541-1563.
1180 322 1493 393 Theologia
1518 322 1632 391 pol.
1661 324 1860 377 contra
1885 325 2281 393 protestantes.
2308 323 2615 396 Lorichius‚
2643 324 2847 389 Bauer,
2958 342 3075 396 140
3086 341 3127 397 3

502 520 610 586 pro
644 511 806 569 h'oris
838 508 1151 577 canonicis,
1204 509 1356 567 alter
1388 518 1493 585 pro
1526 529 1568 570 s,
1603 511 1785 567 missa
1840 509 2251 567 formationem
2308 516 2644 595 paceinque·
2670 512 3121 581 conciliandam,

394 642 412 660 .
502 599 926 677 apoldgeticus;
992 598 1223 674 adjecta
1280 600 1369 655 est
1418 598 1660 657 homilia
1720 599 1783 657 in
1839 598 3000 662 Hadamarii15413V.ViceliiPostinam
3019 618 3117 659 su·-

502 689 1070 747 commendatiohem
1148 688 1375 758 missae,
1442 689 1782 764 Mogentiae
1838 704 1944 762 per
1965 686 2285 764 Evangelia
2302 691 2362 745 et
2382 689 2664 763 epistolas
2686 690 2757 747 de
2778 693 3043 766 tempore
3059 694 3126 749 e't

516 780 708 847 1527;
743 778 1014 837 Coloniae
1044 778 1202 839 1531
1245 777 1307 834 111
1344 786 1411 845 4;
1448 782 1648 835 contra
1682 797 1779 837 ca·
1835 776 3117 847 desanctislatine1·eddidit,·Coloniae1545.

502 868 737 926 tlzolicae
795 868 930 941 fidel
990 868 1384 937 adversarios,
1437 867 1781 943 Moguntiae
1844 874 2028 947 1553.
2088 874 2287 937 15573
2351 867 2490 925 dein
2538 871 2599 925 et
2637 872 2927 926 conciones
2971 872 3115 943 qua·-

516 966 707 1026 1524;
742 956 1010 1015 Postillae
1041 956 1228 1013 breves
1259 956 1317 1013 in
1355 955 1675 1031 Evangelia
1707 955 1779 1013 ad
1835 954 2272 1033 dragesimales;
2309 956 2546 1014 Parisiis
2591 966 2772 1025 1565,
2808 957 2895 1015 ed.
2912 960 3036 1033 jam
3058 960 3117 1020 4.

501 1045 889 1105 eliminandas
923 1045 1287 1115 lutheranae,
1324 1045 1554 1120 Lipsiae
1593 1054 1778 1115 15393
1839 1044 2104 1117 Epitome
2150 1044 2205 1101 h.
2253 1062 2301 1103 e.
2349 1045 2765 1125 compendium
2813 1046 2938 1105 sive
2973 1047 3114 1105 Bre-

500 1135 830 1210 germanice
871 1144 1054 1198 1566.
1120 1135 1202 1191 Ex
1252 1134 1579 1193 innumeris
1628 1152 1777 1209 quas
1835 1133 2086 1191 viai-ium
2109 1134 2311 1192 textus
2331 1137 2391 1192 et
2411 1135 2807 1210 glossematon
2830 1135 2892 1192 in
2914 1154 3116 1195 omnes

500 1225 738 1300 scripsit
787 1224 877 1283 vel
930 1224 1155 1298 accepit
1201 1223 1496 1297 Epi-stolas
1543 1224 1777 1281 miscel·
1835 1222 2048 1279 veteris
2083 1221 2468 1281 instrumenti
2502 1224 2562 1281 ll.
2598 1224 2874 1283 Coloniae
2913 1234 3122 1294 15463

498 1313 800 1372 lanearum
815 1312 936 1371 ll.X
959 1308 1586 1391 prodieruntlssasileae
1612 1322 1768 1375 1551
1836 1311 2206 1368 Breviarium
2242 1356 2253 1367 .
2289 1357 2300 1368 .
2336 1357 2347 1369 .
2381 1313 2446 1369 in
2476 1328 2677 1370 omnes
2711 1314 2782 1375 N.
2816 1313 2876 1370 T.
2911 1313 3116 1383 libros,

498 1403 560 1460 in
591 1402 657 1471 f.;
710 1403 1010 1461 subnexus
1043 1404 1132 1460 est
1163 1402 1465 1477 catalogus
1499 1402 1775 1460 lucubra-

497 1493 729 1550 tionum
764 1492 1025 1568 ejusdem
1060 1511 1148 1566 ep.
1174 1490 1514 1549 viennensis
1533 1508 1580 1548 a.
1607 1498 1721 1552 154
1739 1500 1772 1551 6

497 1581 570 1639 ab
602 1582 728 1657 ipso
762 1582 1165 1649 concinnatus,
1214 1579 1315 1638 sed
1365 1598 1484 1638 non
1517 1580 1771 1655 comple-

497 1674 614 1729 tus.
677 1670 902 1728 Literas
936 1668 1218 1744 quasdam
1264 1684 1399 1726 eum
1440 1671 1776 1744 spectantes

496 1759 582 1817 ed.
619 1760 744 1817 Seb.
766 1761 1038 1817 Brunner
1068 1758 1129 1816 in
1153 1758 1397 1817 Studien
1420 1778 1476 1816 u.
1499 1757 1773 1818 Mittheil.

496 1866 602 1907 aus
636 1848 771 1907 dem
804 1850 943 1906 Ben.
980 1868 1036 1905 u.
1070 1847 1444 1905 Cist.-Orden
1499 1856 1660 1909 1883
1696 1847 1772 1917 ΙΙ,

1832 1400 2101 1458 Coloniae
2161 1408 2343 1470 1546,
2405 1419 2554 1476 opus
2604 1402 2953 1460 festinatum
3000 1408 3118 1462 non

1831 1489 2029 1565 magni
2077 1490 2379 1552 momenti.
2441 1491 2721 1549 Publicae
2772 1492 2889 1550 luci
2954 1492 3116 1550 dedit

1834 1574 2291 1655 Reformationis
2311 1580 2600 1637 abusuum
2632 1581 2770 1637 cleri
2796 1582 3118 1654 formulam

1831 1676 1936 1743 per
1947 1668 2308 1726 Lurlovicum
2322 1673 2711 1745 cognomento
2726 1670 2914 1740 Pium,
2931 1688 3110 1745 quam

1831 1756 1959 1832 ipse
1992 1760 2313 1831 repererat,
2349 1758 2626 1815 Coloniae
2667 1768 2852 1820 1549.
2889 1760 2978 1816 Ab
3001 1761 3109 1818 hoc

1829 1864 1983 1904 anno
2016 1864 2135 1904 non
2168 1847 2424 1921 amplius
2443 1852 2771 1921 comparet:
2806 1849 2941 1906 hine
2963 1848 3118 1907 circa

1829 1934 1935 1992 hoc
1947 1940 2175 2009 tempus
2189 1934 2503 1994 decessisse
2513 1936 2767 1994 videtur.
2783 1937 2925 2012 Ejus
2940 1954 3118 2013 opera

1828 2023 1890 2080 in
1907 2022 2159 2081 indicem
2178 2025 2475 2098 quondam
2494 2025 2658 2083 fuere
2677 2027 2879 2093 relata,
2900 2046 3107 2102 quain·

1827 2113 1915 2170 vis
1927 2116 2133 2188 postea
2148 2117 2352 2171 contra
2368 2117 2770 2189 protestantes
2790 2115 3109 2191 scripserit:

1829 2201 1930 2258 sed
1983 2203 2123 2259 haec
2174 2203 2409 2278 scripta,
2462 2206 2533 2261 ut
2573 2205 2696 2278 jam
2749 2206 3110 2271 monuimds,

1828 2291 2026 2348 naevis
2060 2309 2179 2349 non
2213 2296 2443 2350 carent:
2478 2293 2652 2351 modo
2685 2297 2885 2351 tamen
2905 2312 3109 2352 eornm

585 2392 727 2445 649.
776 2381 1068 2441 Gerardns
1114 2380 1526 2441 Lorichius
1575 2380 1771 2439 Hada-
1830 2379 2148 2453 prohibitio
2212 2380 2447 2438 sublata
2508 2379 2704 2461 fuit1).
2770 2415 2854 2425 ---
2919 2382 3108 2441 Etiam

494 2472 707 2530 mariae
740 2474 906 2530 ortus
939 2472 1002 2530 in
1023 2471 1311 2529 Nassovia
1331 2488 1377 2527 c.
1410 2480 1568 2532 1485
1596 2470 1771 2527 initio
1827 2467 1865 2525 J
1881 2486 2165 2528 oannes
2232 2470 2497 2539 Haner‚
2578 2471 3118 2547 Norimbergensis‚.

494 2561 730 2635 quidem
762 2561 1045 2635 abreptus
1092 2560 1414 2618 defectione
1462 2559 1772 2617 lutherana
1827 2557 1996 2615 initio
2032 2559 2492 2633 protestantium
2526 2559 2940 2618 innovationes
2982 2578 3105 2619 sec·

491 2651 604 2710 etsi
638 2649 906 2710 sacerdos
940 2654 1000 2708 et
1021 2649 1310 2726 parochus
1332 2648 1537 2723 etipse
1559 2647 1773 2707 defecit
1826 2648 1990 2706 tatus
2025 2650 2129 2716 est,
2169 2647 2269 2706 sed
2301 2649 2649 2723 resipiscens
2682 2649 2863 2707 rediit
2896 2650 2966 2708 ad
3001 2650 3106 2708 Ec-

493 2745 673 2816 atque
708 2739 1152 2798 matrimonium
1185 2739 1337 2796 iniit.
1392 2737 1544 2796 Visis
1577 2738 1769 2795 tristi·
1828 2735 2062 2795 clesiam
2111 2756 2468 2812 causamque
2501 2739 2798 2797 Ecclesiae
2847 2740 3112 2798 defendit

491 2831 603 2888 bus
650 2829 993 2887 defectionis
1038 2828 1202 2886 illius
1248 2827 1542 2884 fructibus
1589 2827 1771 2884 rediit
1826 2827 2173 2900 praesertim
2224 2846 2399 2901 opere
2461 2828 2635 2903 plane
2686 2828 2906 2906 insigni
2960 2828 3105 2887 Pro-

491 2918 562 2976 ad
597 2919 912 2976 Ecclesiam
935 2921 1186 2974 matrem
1210 2916 1659 2991 composuitque
1678 2918 1766 2972 in·
1818 2916 2012 2987 phetia
2047 2919 2200 2973 relus
2232 2935 2298 2973 ac
2331 2933 2474 2974 nova
2507 2918 2559 2974 h.
2594 2936 2640 2976 e.
2674 2936 2812 2975 vera
2842 2918 3108 2993 Scriptu-

489 3009 836 3065 stitutionem
866 3006 1211 3064 catholicam
1246 3004 1380 3062 fidei
1415 3005 1769 3063 orthodoxae
1825 3011 1921 3062 rae
1954 3002 2444 3084 interpretati02).
2509 3006 2599 3063 De
2643 3009 2868 3064 sincera
2918 3011 3107 3083 001Ῑηὶὲ

505 1948 524 1998 l
546 1949 574 1999 5
590 1949 748 1999 2-·—1
771 1947 869 1999 68.
901 1937 985 1994 Ex
1007 1937 1132 2011 ejus
1150 1955 1240 2012 op.
1262 1937 1451 1993 Silvae
1470 1937 1774 2011 synodales

494 2026 554 2084 ll.
590 2025 729 2084 VIII
761 2025 949 2084 edidit
996 2025 1382 2083 Wiedemann
1414 2025 1450 2082 l.
1485 2024 1549 2082 V.
1584 2027 1645 2083 et
1676 2024 1772 2082 VI.

493 2116 556 2173 in
602 2119 712 2174 ost.
760 2115 1271 2191 Vierteljahrscbr.
1318 2114 1417 2171 fiir
1466 2114 1521 2171 k.
1573 2114 1771 2171 Theol.

493 2207 534 2262 t.
570 2204 666 2264 IV.

490 3101 550 3154 et
599 3095 898 3172 religionis
950 3113 1145 3162 sanae,
1196 3094 1531 3152 Hadamarii
1585 3103 1766 3162 1536,

489 3191 607 3243 non
640 3188 835 3242 tamen
858 3184 931 3242 ab
953 3184 1253 3243 erroribus
1274 3184 1613 3241 immunem.
1648 3184 1767 3240 Ne-

531 3285 605 3331 ue
668 3274 769 3333 alii
831 3273 1095 3348 ejusdem
1147 3273 1337 3331 libelli
1390 3291 1591 3331 sana-m
1644 3273 1766 3330 sive

428 3429 435 3437 ,
490 3291 819 3422 doctrinam
900 3363 1026 3421 sive
1088 3362 1385 3421 Ecclesiae
1448 3361 1766 3420 catholicae

487 3453 717 3528 praxim
749 3456 1016 3520 tuentur,
1067 3453 1515 3511 reformatorum
1568 3455 1762 3508 tamen

487 3542 908 3618 usurpationes
958 3545 1018 3599 et
1068 3541 1475 3600 innovationes
1508 3539 1763 3597 damnat.

487 3631 631 3690 Cum
664 3632 912 3690 vidisset
957 3631 1111 3688 diem
1161 3631 1621 3688 sacratissimum
1656 3629 1762 3686 Pa·

486 3739 750 3780 rasceves
802 3741 835 3778 a
885 3719 1239 3778 Lutheranis
1290 3718 1447 3776 ludis
1499 3721 1558 3775 et
1608 3735 1763 3776 com-

484 3810 943 3868 messationibus
979 3807 1293 3884 profanari,
1312 3826 1379 3865 ex
1413 3812 1647 3882 patrum
1672 3826 1763 3865 ca-

484 3899 840 3958 tholicorum
875 3897 1188 3955 sententiis
1220 3900 1491 3955 accurate
1525 3897 1762 3955 concin-

485 3989 655 4047 navit
690 3987 1120 4046 Monotessaron
1154 3986 1444 4061 passionis
1467 3985 1685 4044 Christi
1707 3985 1763 4044 J.

485 4095 620 4135 cum
651 4077 1011 4150 expositione
1032 4076 1378 4151 omnigenae
1410 4075 1763 4134 orthodoxae

484 4165 785 4224 doctrinae
848 4164 1113 4232 fecunda,
1178 4184 1295 4241 qua
1356 4168 1478 4223 tam
1545 4163 1761 4221 veritas

484 4254 762 4313 historica
795 4273 971 4329 quam
1003 4253 1308 4331 religionis
1325 4254 1627 4312 sinceritas
1660 4249 1758 4310 de·

484 4347 757 4412 clnmiur,
822 4342 1136 4419 Salingiaci
1191 4336 1524 4424 (solingen)
1595 4351 1757 4403 1538

482 4434 546 4490 in
583 4442 636 4496 8.
672 4433 804 4490 Alia
835 4433 1095 4507 ejusdem
1130 4452 1309 4508 opera
1341 4434 1484 4488 sunt
1530 4430 1758 4488 Vallum

482 4524 775 4600 reliyionis
805 4523 1123 4590 catholicae,
1162 4521 1339 4579 Coeln
1379 4529 1576 4588 154ος
1617 4520 1759 4577 The-

481 4629 569 4670 ses
598 4613 973 4692 professionis
991 4607 1297 4669 catholicae
1317 4627 1436 4667 una
1457 4626 1589 4666 cum
1612 4609 1758 4667 abu·

482 4701 733 4772 sionum,
754 4700 1261 4776 superstitionum,
1288 4697 1601 4757 haereseon
1616 4698 1759 4756 item

480 4795 541 4848 et
571 4791 925 4849 schismaton
959 4788 1171 4861 cuique
1204 4787 1489 4846 catholico
1524 4787 1759 4864 fugien—

479 4880 690 4940 dorum
719 4879 939 4954 judicio
972 4878 1043 4935 ad
1063 4879 1325 4933 exactam
1342 4876 1635 4936 Ecclesiae
1668 4896 1752 4935 re·

1824 3095 1972 3151 tione
2005 3094 2219 3151 Christe·
2262 3095 2450 3169 deque
2483 3098 2643 3153 recta
2674 3096 2737 3153 in
2768 3095 2939 3154 illum
2973 3095 3112 3162 fide,

1827 3191 1950 3244 600
1971 3183 2358 3241 axiomatibus
2371 3186 2805 3259 comprehensa,
2818 3186 3105 3260 scriptum

1823 3272 2046 3346 pariter
2078 3273 2402 3348 egregium,
2446 3274 2677 3349 Lipsiae
2718 3283 2882 3337 1534
2918 3274 3105 3332 invito

1823 3365 2058 3419 auctore
2079 3381 2109 3418 a
2136 3362 2414 3420 Cochlaeo
2437 3362 2682 3420 editum.
2719 3363 3112 3439 Norimberga.

1824 3454 2132 3526 propterea
2165 3453 2388 3526 ejectus
2424 3452 2813 3527 Bambergam
2862 3453 3105 3514 secessit

1822 3543 1881 3597 et
1944 3540 2371 3598 concionatoris
2435 3557 2679 3600 munere
2743 3541 2805 3599 in
2856 3542 3104 3600 ecclesia

1898 3747 1935 3808 ¹)
1966 3743 2046 3798 Cf.
2075 3744 2144 3797 N.
2174 3743 2386 3798 Paulus
2423 3745 2696 3800 Katholik
2725 3749 2879 3811 1894,
2913 3748 2949 3812 l,
2978 3751 3104 3803 503·

1821 3819 1942 3871 528.

1897 3895 1933 3950 ²)
1963 3888 2044 3940 cf.
2098 3886 2324 3939 Sti-eber
2375 3887 2489 3943 KL.
2537 3887 2627 3951 Vn
2676 3893 2832 3950 1495,
2885 3889 2990 3956 qui
3033 3890 3105 3942 de

1820 3958 1924 4011 hoc
1951 3974 2117 4026 opere
2146 3958 2369 4011 scribit:
2393 3960 2511 4018 Die
2539 3959 2895 4013 katholische
2924 3960 3103 4015 Lehre

1823 4047 1932 4082 von
1961 4038 2059 4081 der
2087 4029 2399 4083 Rechtferti
2446 4049 2566 4100 ung
2608 4031 2724 4084 und
2762 4031 2854 4084 die
2895 4034 3108 4085 claraus

1819 4101 1939 4153 sich
1999 4101 2353 4168 urgebeuden
2404 4050 2806 4172 f'olgertinoen
2866 4104 3100 4157 wurden

1819 4171 1942 4224 hier
1957 4173 2062 4224 auf
2073 4171 2192 4224 rein
2205 4173 2444 4226 bibliscb
2453 4189 2512 4226 er
2529 4175 2568 4228 G
2580 4191 2642 4226 ru
2651 4148 2859 4242 udlage
2871 4173 2929 4227 in
2949 4174 3104 4228 sole-h

1821 4242 2389 4297 wissenschaftlicher
2418 4245 2674 4314 Haltung
2695 4245 2813 4298 und
2842 4245 3101 4314 zugleich

1819 4332 1878 4368 so
1930 4315 2479 4369 leidenschaftsloscr
2530 4316 2690 4378 Ruhe
2753 4317 3101 4381 entwickelt‚

1818 4386 1921 4439 dass
1950 4385 2040 4439 die
2064 4387 2276 4440 Schrift
2312 4388 2464 4440 wohl
2497 4407 2624 4441 zum
2667 4387 2871 4442 Besten
2896 4389 3110 4458 gehort

1818 4474 1932 4510 was
1996 4458 2088 4510 die
2141 4458 2397 4512 Polemik
2441 4460 2605 4529 jener
2657 4457 2807 4528 Tage
2872 4460 3098 4514 hervor-

1819 4530 2066 4584 brachte.
2117 4528 2325 4583 Witzel
2377 4531 2596 4585 schrieb
2647 4535 2868 4600 spater:
2921 4530 3099 4592 ‚Noch

1815 4601 1985 4655 heute
2017 4600 2193 4654 weide
2222 4600 2312 4655 ich
2341 4600 2492 4656 mich
2523 4600 2631 4656 mit
2669 4602 2997 4655 l-Intzilckeu
3026 4619 3100 4655 an

1816 4673 1944 4725 dem
1975 4673 2411 4742 evangelischen
2436 4675 2639 4736 tieiste,
2673 4674 2771 4726 der
2789 4674 2850 4726 in
2874 4674 3097 4727 deinem

1819 4743 2008 4797 Buche
2060 4761 2167 4798 von
2213 4745 2312 4797 der
2359 4743 2662 4814 Prophetis
2715 4746 2946 4815 spricht⁸
2992 4757 3040 4815 (e
3087 4786 3104 4798 .

1816 4816 1870 4874 k,
1899 4820 1982 4884 3):
2037 4815 2171 4868 Rass
2213 4815 2304 4869 die
2346 4815 2710 4870 Convertiten
2754 4819 2793 4880 l,
2823 4820 3016 4874 185—‹
3086 4840 3105 4874 ι

1817 4887 2031 4940 Reusch
2066 4887 2203 4956 allg.
2232 4887 2285 4939 d.
2315 4886 2506 4956 Biogr.
2535 4887 2602 4950 X,
2630 4893 2749 4944 511.
