3475 5364
506 353 520 402 1
547 351 662 403 167
1080 334 1449 390 1501--1520,
1478 331 1729 386 Historia
1754 331 2022 387 literaria.
2050 330 2138 385 J0.
2165 329 2530 384 Trithemius.
2949 348 2970 397 1
2993 346 3112 400 153

502 529 665 582 1559
699 519 764 578 in
794 519 831 575 f.
867 521 1269 585 retractatum,
1320 518 1671 593 ampliatum
1716 524 1778 576 et
1831 518 2093 576 themius
2125 517 2284 593 apud
2316 516 2600 585 erudit08‚
2650 517 2753 575 sed
2798 515 3116 575 recentiori

494 609 901 667 continuatam
921 607 1009 665 ad.
1031 627 1079 663 a.
1107 616 1268 670 1514
1287 607 1510 682 prodiit
1528 606 1777 683 inscrip-
1831 610 2023 665 aetate
2053 607 2183 683 ejus
2213 606 2358 664 fides
2381 606 2660 665 historica
2676 606 2961 683 gravibus
3001 604 3114 662 im-

494 703 657 756 tum:
729 697 1054 755 Annalium
1100 696 1591 773 hirsauqiensium
1640 705 1678 755 t.
1735 700 1777 754 2
1833 696 2060 772 petitur
2104 695 2556 771 exceptionibus
2605 717 2638 753 a
2682 695 2827 755 viris
2877 694 3114 752 criticis,

496 787 950 862 complectentes
1013 784 1317 844 historiam
1379 784 1655 844 Franciae
1718 789 1779 844 et
1834 786 2039 860 Neque
2073 786 2267 843 solum
2314 789 2624 843 accusatur
2668 784 2992 843 multorum
3022 801 3115 840 er-

497 874 857 944 Germaniae‚
892 877 1059 951 gesta
1077 875 1524 949 imperatorum,
1548 894 1775 951 regum,
1832 893 2035 933 rorum
2095 874 2514 933 historicorum
2575 876 2637 932 et
2698 872 3115 933 contradictio-

494 965 846 1041 principum,
896 964 1327 1038 episcoporum,
1380 963 1667 1022 abbatum
1717 968 1780 1023 et
1833 983 1994 1025 num.
2046 963 2312 1021 defectus
2361 963 2506 1021 artis
2560 962 2798 1021 criticae
2829 966 2958 1029 etc..
3011 960 3117 1019 sed

496 1055 828 1113 illustrium
871 1054 1152 1119 virorum,
1186 1052 1284 1115 st.
1318 1053 1472 1111 Galli
1518 1053 1607 1111 ed..
1654 1055 1776 1111 Ma·
1834 1053 1992 1127 quod
2052 1052 2307 1128 gravina
2371 1052 2701 1111 falsationis
2749 1055 2811 1109 et
2860 1050 3116 1109 fictionis

496 1144 683 1203 billon
725 1152 905 1210 1690,
939 1141 1028 1200 ed.
1062 1142 1358 1210 mendosa,
1397 1159 1547 1217 opus
1576 1142 1777 1218 magni
1834 1145 2163 1210 auctorum,
2242 1141 2347 1216 qui
2422 1159 2542 1200 non
2618 1141 2959 1199 exstiterint
3021 1136 3117 1206 (ut.

495 1232 778 1292 momenti
810 1249 917 1306 pro
952 1231 1201 1289 historia
1233 1230 1503 1289 culturae
1536 1231 1777 1290 Germa·
1833 1230 2294 1307 Meginfridi
2357 1233 2419 1288 et
2480 1230 2654 1288 Hun
2675 1231 2695 1288 i
2716 1225 2983 1309 baldi),
3046 1247 3116 1286 ex

493 1322 642 1380 niae.
710 1320 1031 1378 Chronicon
1105 1314 1530 1395 sponheimense
1590 1320 1662 1379 ab
1727 1341 1777 1379 a.
1834 1339 2092 1394 quorum
2125 1319 2404 1394 operibus
2438 1320 2769 1395 suppositis
2789 1338 2958 1378 suam
2975 1336 3115 1376 con·

504 1418 931 1474 1124—-1526
998 1407 1441 1490 (continuatum
1518 1410 1640 1467 scil.
1703 1410 1778 1469 ab
1835 1409 2123 1467 struxerit
2183 1408 2513 1478 historiam,
2577 1412 2758 1483 atque
2825 1406 3118 1484 ejusmodi

495 1495 849 1579 anonymo);
897 1498 1225 1572 Nepiachus
1268 1498 1305 1554 i.
1339 1517 1385 1555 e.
1435 1498 1674 1557 libellus
1706 1500 1778 1557 de
1834 1497 2239 1557 accusationes
2291 1501 2460 1556 tanta
2507 1497 2894 1572 proferuntur
2938 1496 3117 1556 confi-

495 1589 711 1649 studiis
756 1594 816 1646 et
861 1587 1096 1662 scriptis
1141 1587 1395 1662 propriis
1445 1607 1478 1644 a
1522 1588 1781 1662 pueritia
1833 1587 2052 1656 dentis,
2105 1590 2176 1645 ut
2226 1586 2533 1644 Trithemii
2596 1606 2769 1645 causa
2818 1606 2924 1645 seu
2972 1586 3118 1644 fides

494 1677 784 1754 repetitiS‚
818 1675 976 1752 apud
1007 1676 1225 1735 Eccard
1259 1677 1424 1751 Corp.
1456 1675 1593 1735 hist.
1629 1677 1778 1735 med.
1833 1676 2115 1735 historica
2145 1676 2546 1751 proclametur
2575 1675 2900 1752 desperata.
2932 1675 3116 1733 Nolu-

494 1767 623 1826 aevi
667 1768 742 1835 ΙΙ,
783 1774 1145 1830 1825—44.
1209 1766 1631 1841 Compendium
1676 1786 1779 1825 seu
1834 1785 1967 1824 mus
2000 1765 2304 1823 vindicare
2333 1766 2464 1839 ejus
2496 1766 2913 1824 auctoritatem
2933 1764 3118 1823 histo—

496 1857 848 1916 breviarium
881 1854 1057 1929 primi
1111 1855 1429 1913 voluminis
1475 1855 1779 1915 chronico·
1835 1855 2031 1923 ticam,
2076 1873 2196 1914 non
2240 1856 2555 1929 propterea
2604 1859 2805 1913 tamen
2835 1858 3118 1929 putamus

496 1965 629 2004 rum
664 1964 770 2003 seu
801 1944 1104 2002 annalium
1137 1943 1209 2002 de
1240 1944 1468 2021 origine
1490 1964 1700 2020 regum
1719 1951 1781 2003 et
1835 1964 1970 2003 eum
2001 1946 2124 2001 tam
2143 1943 2315 2001 facile
2332 1941 2516 2001 malae
2535 1943 2671 2002 fidei
2689 1962 2816 2002 esse
2836 1960 3117 2001 secu—an·

495 2034 691 2111 gentis
753 2034 1111 2091 Francorum
1190 2052 1258 2090 ex
1332 2034 1780 2094 Hunibaldo
1835 2033 2008 2092 dum:
2040 2033 2132 2090 vir
2146 2032 2301 2091 enim
2323 2035 2449 2089 orat
2470 2031 2783 2091 admodum
2805 2032 3118 2108 religiosus

499 2121 764 2205 (auctore
798 2122 1123 2181 secundum
1156 2121 1391 2180 criticos
1409 2123 1780 2181 aTrithemio
1835 2125 1896 2180 et
1928 2122 2003 2180 ob
2035 2122 2162 2196 ejus
2196 2121 2555 2195 probitatem
2584 2122 2679 2179 vel
2697 2140 2878 2196 penes
2898 2121 3120 2195 princi·

498 2207 770 2292 conficto)
803 2212 1147 2287 decerptum
1193 2211 1266 2269 ab
1315 2231 1364 2270 a.
1408 2221 1778 2281 429-750,
1837 2230 1938 2286 pes
1969 2230 2186 2287 magna
2216 2211 2279 2269 in
2311 2210 2682 2273 auctoritate.
2746 2210 2951 2270 Potuit
2981 2229 3118 2268 vero

496 2302 838 2379 Moguntiae
877 2310 1040 2364 1515
1075 2301 1139 2358 in
1171 2299 1241 2370 f.;
1295 2300 1537 2359 Parisiis
1579 2310 1740 2364 1539
1767 2322 1781 2371 ;
1836 2300 2028 2375 decipi
2057 2301 2124 2358 in
2157 2317 2275 2358 usu
2307 2304 2832 2358 monumentorum
2861 2299 3003 2358 etin
3017 2298 3118 2357 de-

497 2391 762 2451 Basileae
802 2399 1001 2460 15473
1045 2399 1241 2457 15743
1288 2390 1581 2465 Epistolae
1612 2390 1781 2448 fami·
1835 2390 1997 2448 fectu
2014 2389 2431 2456 subsidiorum,
2448 2390 2795 2464 praesertim
2816 2389 3121 2447 dumHer·

498 2482 672 2539 liares
706 2476 887 2559 (140)
933 2477 1008 2537 ab
1054 2496 1298 2537 excessu
1342 2480 1470 2554 ejus
1500 2478 1572 2538 de
1606 2498 1782 2554 spon-
1836 2478 2024 2554 bipoli
2054 2479 2296 2554 degeret
2326 2477 2505 2535 nimis
2537 2477 2722 2536 fidens
2741 2496 2881 2536 suae
2899 2496 3123 2536 memo-

498 2569 783 2629 heimensi
815 2567 1175 2626 monasterio
1226 2568 1298 2624 ad
1330 2566 1628 2643 principes
1663 2568 1779 2627 cla·
1838 2569 1973 2636 riae,
1992 2571 2170 2642 atque
2185 2567 2271 2625 ita
2289 2567 2352 2624 in
2366 2585 2593 2625 errores
2620 2567 2922 2625 incurrere
2938 2562 3003 2648 ¹).
3034 2566 3124 2625 ob

498 2677 713 2735 rosque
764 2657 923 2716 viros
973 2656 1224 2732 scriptae
1270 2660 1449 2731 atque
1514 2657 1782 2717 historiis
1837 2656 2002 2716 aliud
2018 2674 2156 2715 vero
2171 2674 2320 2733 opus
2335 2657 2514 2732 plane
2535 2656 2838 2733 singulare
2857 2655 3123 2731 plurium

498 2751 626 2824 ejus
659 2746 788 2807 aevi
821 2747 1068 2805 refertae
1101 2745 1160 2803 ll.
1186 2755 1241 2814 2,
1276 2745 1587 2822 Hagenoae
1613 2757 1779 2811 1536
1837 2747 2089 2805 incurrit
2121 2746 2515 2815 offensionem,
2565 2746 2689 2804 scil.
2746 2746 2822 2803 ob
2854 2746 2984 2820 ejus
3014 2753 3123 2804 ste-

499 2839 562 2896 in
597 2847 655 2899 4.
688 2832 787 2916 (m.
825 2833 950 2912 66).
998 2835 1127 2892 Vita
1157 2853 1201 2893 s.
1239 2834 1489 2893 Maximi
1533 2855 1623 2911 ep.
1657 2856 1782 2895 mo·
1833 2837 2295 2912 qanoqraphiam
2342 2835 2467 2893 sive
2514 2834 2584 2894 de
2627 2836 2858 2893 ratione
2889 2835 3124 2894 occulte

498 2926 738 3002 guntini
775 2921 910 3005 (sec.
944 2919 1068 3002 IV.)
1115 2924 1274 2998 apud
1320 2924 1560 2984 Surium
1613 2926 1783 2984 Vitae
1839 2924 2151 2993 scribendi,
2187 2925 2359 2999 cujus
2393 2925 2452 2981 ll.
2491 2933 2525 2986 3
2577 2943 2712 2982 cum
2745 2925 2907 2983 clave
2939 2922 3123 2982 Fran·

501 3014 597 3073 SS.
657 3023 745 3076 18.
779 3014 926 3071 Nov.
974 3011 1069 3070 VI.
1121 3021 1501 3080 407—4143
1566 3015 1692 3073 Vita
1739 3033 1784 3073 s.
1841 3013 2056 3085 cofurti
2101 3014 2451 3088 prodierunt
2489 3023 2671 3084 1606,
2707 3012 2906 3088 »quod
2952 3030 3121 3088 opus,

502 3104 733 3162 Rabam‘
765 3103 969 3160 Mauri
988 3102 1041 3159 ll.
1068 3103 1126 3177 3,
1151 3102 1215 3160 in
1235 3102 1397 3161 Actis
1417 3102 1513 3161 SS.
1539 3113 1593 3163 4.
1616 3103 1782 3162 Febr.
1840 3103 2041 3177 inquit
2074 3103 2120 3160 B
2135 3122 2166 3160 e
2184 3103 2290 3160 lla
2308 3122 2410 3160 rm
2424 3103 2445 3159 i
2461 3121 2500 3159 n
2518 3122 2559 3161 u
2574 3121 2603 3161 s
2637 3102 2709 3160 de
2741 3102 2944 3177 script.
2965 3102 3121 3172 eccl.,

499 3192 543 3264 Ι,
625 3200 946 3258 522-38,
1025 3209 1145 3249 non
1221 3191 1423 3267 magni
1501 3193 1783 3251 momenti
1839 3192 2207 3268 prohibitum
2237 3185 2430 3275 (olim)
2463 3191 2677 3250 merito
2710 3194 2800 3249 est
2849 3191 2932 3271 (7.
2964 3191 3122 3266 Sept.

504 3285 786 3358 „propter
815 3280 1177 3355 multiplicia
1208 3300 1360 3355 quae
1403 3282 1467 3339 in
1500 3301 1567 3339 ea
1597 3282 1785 3340 admi·
1846 3277 2062 3361 1609),
2096 3298 2231 3340 cum
2251 3282 2330 3339 sit
2348 3281 2593 3356 plenum
2613 3280 2957 3355 perniciosis
2978 3279 3122 3357 dog-

501 3372 580 3429 sit
610 3374 819 3438 errata,
837 3378 865 3408 ‘
901 3389 1050 3445 quae
1100 3369 1153 3428 ei
1202 3371 1487 3446 exprobat
1517 3372 1574 3429 M
1593 3371 1776 3430 abil-
1841 3370 2102 3429 matibus
2117 3368 2192 3427 ad
2205 3370 2462 3445 magiam
2482 3369 2942 3444 pertinentibus,
2964 3368 3124 3444 quod

502 3461 783 3521 Ioniae.
818 3459 1243 3535 compendium
1273 3460 1453 3519 breve
1483 3462 1783 3533 fundatio·
1840 3463 1900 3518 et
1931 3460 2058 3534 ipse
2091 3459 2332 3535 agnovit
2363 3461 2424 3516 et
2453 3459 2755 3517 confessus
2785 3464 2934 3520 est}
2971 3458 3124 3516 Hinc

500 3553 593 3609 nis
621 3557 670 3609 et
689 3551 1124 3624 reformationis
1156 3551 1555 3608 monasteriis.
1576 3549 1786 3610 Jacobi
1840 3567 2042 3607 revera
2074 3548 2469 3623 suspicionem
2500 3547 2758 3606 incurrit
2787 3547 3012 3624 magiae
3042 3547 3121 3605 li-

500 3641 562 3698 in
596 3639 886 3698 suburbio
933 3638 1347 3713 herbipolensi,
1397 3640 1555 3696 inter
1601 3657 1780 3714 opus·
1839 3637 2062 3712 berque
2095 3638 2273 3696 etiam
2305 3636 2482 3695 datus
2503 3640 2593 3695 est
2611 3637 2770 3713 igni:
2805 3637 2907 3694 alii
2927 3638 3124 3695 tamen

501 3730 633 3788 cula
665 3751 697 3786 a
729 3730 956 3787 Busaeo
988 3727 1164 3790 edita.
1228 3728 1315 3785 De
1344 3735 1555 3803 septem
1584 3747 1783 3786 secun-

499 3819 621 3876 deis
666 3819 702 3876 i.
737 3839 782 3876 e.
836 3816 1251 3892 intelligentiis
1296 3817 1420 3875 sive
1469 3816 1783 3891 spiritibus
1917 3828 1954 3895 ι)
1982 3824 2345 3878 Janssens
2379 3824 2419 3880 1.
2459 3841 2504 3877 c.
2587 3865 2599 3878 .
2644 3829 2776 3881 126:
2831 3824 2954 3877 Von
2996 3825 3124 3877 sehr

500 3907 661 3965 orbis
692 3910 829 3983 post
852 3907 1039 3964 Deum
1070 3906 1453 3964 moventibus
1475 3907 1531 3974 1.,
1555 3906 1783 3981 Lipsiae
1838 3895 2200 3967 ungleisshflffl
2231 3896 2421 3950 werbe
2449 3895 2537 3949 ⁸5¹1
2605 3895 2909 3949 Trithem'fl
2952 3895 3122 3948 hisstO·

1182 4007 1201 4056 ι
1412 3995 1786 4054 Ermum

510 4095 706 4185 {5453
740 4084 1010 4185 comnia?
1052 4093 1235 4183 1557»
1271 4084 1565 4159 specimen
1600 4084 1783 4184 hiStP'
1840 4110 2351 4164 heimerAbtnicht
2364 4111 2627 4179 blosarge
2641 4109 3122 4180 Fluchtigkeiten.

499 4193 621 4231 riae
657 4172 1060 4248 phllosophiae
1112 4173 1411 4248 singulare
1462 4177 1522 4230 et
1569 4177 1786 4249 mysti-
1840 4182 2084 4236 sondern
2112 4182 2258 4236 auch
2287 4182 2572 4235 offenbare
2595 4180 3027 4250 Erdichtungen
3054 4198 3121 4233 zu

502 4281 635 4321 cum
669 4261 994 4321 seeundum
1040 4262 1347 4337 opinioneg
1389 4262 1784 4321 aristotelicas
1841 4253 2127 4308 Schulden
2148 4254 2409 4306 kommel]
2434 4255 2647 4314 lassen;
2675 4268 2789 4305 von
2816 4252 3006 4306 (1188θῦ
3034 4253 3123 4305 be·

500 4352 573 4410 de
589 4351 814 4428 augelis
828 4351 1198 4427 planetarum
1212 4351 1558 4421 rectoribu3‚
1596 4392 1623 4421 ,
1638 4372 1784 4427 quo·
1840 4325 2334 4407 klageniwerstfen
2367 4323 2751 4406 Vssrirmngen
2788 4323 3123 4393 abgesehenv

1843 4413 1960 4450 war
1981 4397 2327 4450 Trithemius
2358 4396 2523 4450 nicht
2541 4396 2688 4450 ohne
2711 4394 2975 4464 Anlagen
2994 4412 3123 4447 zum

500 4460 635 4499 mm
686 4442 1116 4516 unusquisque,
1168 4445 1239 4498 ¹¹²0
1287 4441 1411 4517 ipse
1460 4441 1668 4500 Sffl'ibit
1715 4461 1785 4500 0¹
1842 4468 2444 4530 Geschichtschreiber‚
2471 4468 2578 4520 wie
2599 4465 2950 4520 namentlich
2970 4465 3124 4520 aeine

502 4531 893 4607 plurimorum
926 4530 1235 4601 sententia,
1271 4531 1561 4589 mundum
1593 4551 1639 4588 a.
1674 4550 1783 4606 gu·
1843 4539 2210 4608 Darstellung
2260 4538 2358 4592 des
2410 4544 2495 4594 14.
2547 4538 2664 4591 und
2719 4543 2803 4594 15.
2855 4537 3012 4591 Jahr.
3062 4536 3122 4589 in

503 4622 711 4678 bel-nat
735 4630 858 4684 354
882 4621 1306 4694 mensibusque
1322 4640 1388 4678 ex
1410 4620 1614 4678 ordine
1635 4638 1783 4695 qua-
1841 4611 2035 4664 seinen
2087 4611 2354 4664 Hirsauer
2394 4609 2657 4663 Annalen
2699 4611 2957 4679 bezeugt.
3007 4607 3123 4661 'rri-

502 4710 749 4768 a...
815 4711 1007 4786 010...
1052 4710 1335 4768 historica
1380 4709 1559 4767 simu
1600 4707 1787 4767 edidit
1842 4682 2306 4808 saxicas.
2325 4679 3125 4807 {semimarcas

502 4799 546 4856 F
550 4800 792 4858 reherus
836 4799 1208 4858 Francofurti
1261 4808 1416 4861 1⁶⁰¹
1475 4802 1517 4859 t.
1569 4807 1600 4858 2
1653 4797 1716 4856 in
1740 4798 1784 4897 f·
1844 4829 1983 4882 1868
2050 4829 2289 4882 .7cc·70
2328 4827 2386 4877 et
2410 4824 2810 4878 Mittermaller
2853 4822 3150 4891 hist-pol..

504 4890 713 4964 Magna
760 4889 1114 4947 auctoritate
1166 4887 1269 4944 diu
1316 4886 1627 4944 fruebatur
1656 4886 1814 4962 Tm„
1843 4897 1926 4951 Bl.
1955 4896 2018 4948 L.
2053 4897 2118 4950 ll.
2146 4899 2410 4952 848—52.
