3475 5364
499 336 618 390 831
1039 295 1042 296 ⁷
1089 322 1458 374 1426-1450.
1486 319 1538 371 s.
1566 317 1878 387 Scriptura.
1908 318 2032 373 Nic.
2062 318 2129 371 de
2158 317 2532 389 Dinkesbfim,
2572 299 2579 305 '
3002 333 3122 388 332

494 509 840 562 namentum
873 504 1206 564 academiae
1244 504 1603 572 viennensis,
1660 504 1777 573 ‚lux
1834 504 1896 561 in
1927 503 2156 578 aliquot
2187 503 2464 577 epistolas
2498 522 2540 561 s.
2576 503 2764 570 Pauli,
2811 504 2872 561 in
2905 504 3124 580 magis-

497 592 763 651 Sueviae‘
799 593 1049 651 subinde
1081 593 1393 661 salutatus,
1427 593 1778 652 immeritos
1833 597 1995 651 trum
2046 593 2483 652 sententiarum
2544 598 2604 651 et
2666 593 3123 667 quaestionibus

495 682 800 741 nonnullis
846 682 1003 741 inter
1053 683 1280 740 sodales
1314 682 1376 741 Ο.
1411 686 1464 742 S.
1502 685 1651 759 Aug.
1685 701 1776 740 re·
1835 682 2270 741 sententiarum
2287 676 2335 763 l)
2370 684 2479 740 etc.

495 771 775 840 censitae,
824 774 1000 829 natus
1045 775 1138 829 est
1168 790 1212 830 c.
1255 781 1440 841 1360,
1488 775 1668 847 atque
1714 772 1775 828 in

495 860 777 919 facultate
827 860 1043 918 artium
1098 860 1402 918 viennensi
1449 861 1779 936 promeruit
1927 869 2070 922 414.
2105 860 2275 917 Alter
2304 863 2398 918 est
2442 860 2481 918 J
2499 879 2739 919 oanne
2761 876 2790 918 s
2824 861 2952 918 Sto
2962 860 3124 935 jko-

495 949 1028 1019 baccalauoeatnm,
1075 949 1213 1008 dein
1246 945 1471 1030 (1390)
1519 949 1777 1009 doctoris
1833 948 1969 1007 wic
2038 945 2346 1030 (Stoicus),
2400 968 2434 1006 a
2487 949 2681 1024 patria
2728 949 3127 1009 communiter

494 1038 771 1097 lauream.
834 1037 1062 1096 Habuit
1099 1038 1321 1096 ibidem
1354 1039 1775 1113 praelectiones
1833 1037 1905 1095 de
1940 1037 2273 1114 Ragusio
2305 1038 2521 1107 dictus,
2544 1039 2609 1099 Ο.
2631 1038 2852 1097 Praed..
2874 1038 2978 1113 qui
2996 1043 3125 1097 stu-

493 1127 566 1185 de
597 1127 985 1203 philosophia,
1009 1128 1272 1196 mathesi,
1295 1128 1571 1203 physica3
1605 1131 1776 1186 tran·
1834 1126 2067 1185 diorum
2101 1145 2274 1185 causa
2303 1127 2560 1186 Parisios
2607 1127 2726 1185 fuit
2756 1128 2977 1185 missus
3007 1127 3123 1184 ibi·

493 1216 594 1274 siit
614 1216 752 1274 dein
787 1216 862 1275 ad
881 1216 1216 1293 theologiae
1249 1217 1516 1275 studium
1549 1222 1610 1275 et
1641 1235 1774 1291 per·
1833 1234 1950 1290 que
1982 1219 2335 1275 consecutus
2367 1219 2458 1274 est
2478 1215 2812 1293 theologiae
2844 1217 3123 1274 lauream.

494 1306 685 1364 cursis
719 1305 909 1364 solitis
941 1305 1228 1383 gradibus
1264 1305 1607 1364 academicis
1639 1306 1775 1365 doc·
1834 1304 2250 1363 Universitatis
2282 1306 2517 1364 nomine
2550 1304 2829 1364 interfuit
2857 1305 3124 1364 conciliis

493 1399 589 1454 tor
619 1394 1005 1453 renunciatur
1042 1414 1090 1452 a.
1133 1406 1315 1458 1409.
1379 1395 1491 1453 Ter
1535 1395 1777 1455 functus
1831 1392 2043 1468 pisano
2075 1396 2137 1451 et
2151 1395 2405 1463 senensi,
2423 1394 2495 1452 de
2510 1413 2767 1469 quorum
2787 1394 2935 1453 actis
2950 1394 3126 1470 plura

495 1486 590 1542 est
621 1501 865 1542 munere
896 1483 1115 1552 decani,
1166 1502 1408 1543 munere
1438 1485 1620 1543 etiam
1651 1502 1775 1542 rec·
1832 1482 2014 1541 refert
2045 1501 2217 1557 opere
2265 1502 2395 1542 mox
2442 1482 2695 1542 citando,
2759 1483 2852 1541 Ab
2897 1483 3124 1541 ordinis

492 1571 655 1640 toris,
691 1575 753 1629 et
784 1591 915 1631 cum
948 1573 1164 1631 iterum
1200 1573 1306 1632 hoc
1339 1573 1559 1632 honore
1592 1574 1772 1632 dona·
1831 1571 2117 1648 magistro
2168 1572 2368 1630 Barth.
2401 1572 2608 1631 Texier
2638 1573 3002 1631 constitutus
3034 1577 3126 1630 est

493 1665 678 1730 retur,
743 1663 810 1719 ei·
856 1662 1245 1730 renunciavit,
1311 1663 1499 1720 factus
1549 1663 1777 1720 interea
1832 1661 1990 1735 apud
2036 1661 2361 1720 Martinum
2393 1661 2458 1720 V.
2504 1666 2855 1736 procurator
2896 1660 3123 1721 ordinis

493 1750 808 1808 canonicus
824 1751 896 1808 ad
914 1769 955 1809 s.
977 1750 1357 1826 Stephanum.
1393 1752 1606 1827 Magna
1618 1752 1774 1827 apud
1832 1750 2141 1826 generalis.
2203 1752 2274 1807 In
2320 1750 2569 1810 concilio
2611 1750 2926 1810 basileensi
2971 1749 3122 1808 tanti

494 1856 713 1909 omnes,
764 1840 941 1898 etiam
977 1840 1256 1899 Austriae
1306 1840 1533 1911 ducem,
1586 1840 1778 1898 valuit
1832 1837 2023 1897 factus
2054 1842 2147 1897 est
2180 1859 2215 1898 a
2242 1840 2484 1899 Juliano
2505 1839 2813 1898 Caesarino
2833 1839 3122 1898 cardinali

494 1929 862 1998 auctoritate,
914 1929 1051 1987 hinc
1082 1930 1237 1988 haud
1287 1929 1521 1988 infimas
1568 1930 1779 1988 habuit
1833 1933 1894 1985 et
1923 1927 2134 2003 synodi
2167 1928 2432 2004 praeside
2454 1925 2547 2008 (cf.
2571 1949 2625 2004 p.
2652 1924 2824 2009 819),
2848 1933 2919 1987 ut
2940 1929 3013 1987 ab
3032 1947 3120 1992 eo,

492 2020 694 2094 partes
723 2017 786 2075 in
816 2019 1324 2093 negotiationibus
1370 2021 1431 2076 et
1461 2019 1775 2077 conatibus
1833 2016 1977 2075 dum
2041 2016 2334 2094 legatione
2396 2018 2676 2076 detentus
2727 2019 2790 2076 in
2840 2018 3123 2077 Bohemia

493 2126 600 2182 pro
662 2107 1064 2182 componenda
1123 2111 1390 2182 tempore
1448 2108 1778 2166 tristissimi
1833 2105 2196 2172 morabatur,
2262 2125 2396 2166 cum
2459 2106 2691 2166 Joanne
2774 2107 3123 2165 Polemar

495 2195 829 2254 schismatis
862 2195 1152 2255 Ecclesiae
1204 2197 1510 2255 concordia
1538 2200 1601 2256 et
1638 2197 1776 2255 uni·
1836 2190 2002 2272 (cf.p.
2025 2190 2178 2275 815)
2213 2196 2591 2272 delegaretur
2611 2195 2845 2254 concilii
2865 2213 3119 2270 praeses,

492 2288 631 2343 tate.
693 2285 981 2344 Interfuit
1020 2291 1333 2361 propterea
1363 2285 1607 2344 concilio
1639 2305 1771 2344 con·
1834 2283 2015 2342 Totus
2048 2285 2258 2343 exinde
2292 2286 2441 2343 vixit
2470 2285 2649 2360 hujus
2670 2284 2911 2342 concilii
2944 2285 3121 2344 rebus

494 2374 831 2442 stantiensi.
883 2393 1041 2432 unus
1072 2375 1189 2434 fuit
1239 2394 1307 2433 ex
1338 2375 1641 2450 deputatis
1672 2395 1777 2434 na—
1834 2375 2253 2449 promovendis
2291 2374 2633 2448 multasque
2668 2373 2932 2448 suscepit
2964 2374 3121 2450 lega·

492 2463 674 2523 tionis
684 2464 1054 2539 germanicae
1065 2483 1171 2539 pro
1182 2464 1618 2540 eligendonovo
1630 2483 1777 2539 pon·
1835 2461 2028 2520 tiones
2047 2467 2109 2521 et
2138 2463 2376 2539 negotia
2391 2482 2498 2538 pro
2516 2481 2601 2521 eo,
2636 2463 2727 2520 Ibi
2748 2462 2981 2521 fortiter
3002 2463 3119 2521 dis-

491 2552 665 2610 tifice.
697 2553 821 2627 Ipsi
844 2552 1263 2611 demandatum
1283 2571 1501 2611 munus
1533 2554 1776 2611 nomine
1836 2551 2077 2625 putavit
2107 2570 2241 2610 cum
2287 2551 2599 2619 Bohemis;
2635 2551 2775 2609 dein
2805 2571 2840 2609 a
2871 2551 3120 2610 concilio

492 2641 722 2702 concilii
737 2642 1422 2701 salutandineoelectum
1438 2642 1776 2719 pontificem
1836 2639 2056 2699 missus
2119 2641 2234 2700 fuit
2305 2659 2438 2699 cum
2491 2640 2743 2700 Henrico
2813 2641 3122 2718 Menger

493 2735 554 2790 et
600 2730 1049 2807 sigismundum
1097 2733 1417 2799 Gaesarem,
1454 2750 1682 2790 necnon
1717 2737 1778 2789 et
1835 2730 2110 2789 canonico
2141 2731 2573 2789 constantiensi
2605 2734 2667 2789 et
2687 2730 2923 2789 Simone
2955 2730 3120 2788 Fre-

492 2820 867 2879 examinandi
898 2824 1080 2879 testes
1127 2821 1191 2878 in
1223 2836 1401 2879 causa
1433 2821 1776 2896 Hieronymi
1834 2836 1972 2876 ron
2004 2820 2280 2879 canonico
2300 2819 2697 2878 aurelianensi
2715 2819 2953 2896 legatus
2971 2818 3118 2877 Con·

493 2910 809 2985 Pragensis
856 2914 916 2967 et
945 2909 1197 2968 «Ioannis
1242 2910 1608 2984 patriarchae
1641 2928 1776 2967 con—
1836 2908 2284 2984 stantinopolim
2338 2927 2445 2983 pro
2479 2907 2746 2984 urgendo
2779 2907 3121 2967 concordiae

491 2998 1027 3073 stantinopolitani.
1107 2999 1521 3074 Episcopatum
1577 3017 1776 3074 passa·
1834 2997 2075 3073 negotio
2120 3015 2255 3056 cum
2305 2998 2554 3056 Graecis.
2620 2998 2766 3055 Post
2813 2996 3120 3055 biennium

493 3088 755 3144 viensem
773 3087 886 3145 sibi
903 3086 975 3144 ab
992 3087 1238 3146 Alberto
1256 3087 1321 3146 V.
1340 3088 1506 3157 duce,
1528 3088 1622 3146 cui
1647 3093 1777 3146 erat
1833 3086 2130 3145 Basileam
2164 3087 2343 3145 rediit
2375 3082 2603 3166 (1337)
2638 3086 2928 3145 rationem
2960 3087 3121 3161 lega-

492 3196 525 3233 a
555 3175 1044 3245 confessionibus,
1091 3177 1355 3235 oblatum
1388 3177 1652 3235 modeste
1683 3196 1776 3234 re·
1833 3175 2016 3233 tionis
2051 3176 2413 3234 redditurus
2479 3175 2798 3234 Deficiente
2830 3175 3054 3250 synodo
3087 3194 3123 3231 a

491 3264 740 3323 cusavit.
822 3265 1057 3323 Ultimis
1118 3266 1289 3324 annis
1357 3266 1538 3324 vitam
1601 3266 1776 3324 duxit
1833 3264 2098 3340 legitimo
2131 3264 2407 3340 pontifice
2439 3264 2711 3341 Eugenio
2742 3263 2836 3321 IV.
2888 3267 2949 3322 et
2993 3264 3120 3339 ipse

491 3375 525 3413 a
557 3354 812 3430 negotiis
863 3354 1115 3430 publicis
1162 3359 1447 3415 semotam
1494 3355 1775 3413 decessit·
1833 3354 1993 3411 inter
2022 3372 2122 3412 eos
2140 3354 2273 3422 fuit,
2292 3353 2399 3428 qui
2415 3354 2676 3412 multum
2701 3353 3122 3412 laboraverunt

492 3463 606 3520 que
638 3463 685 3500 a.
728 3453 889 3507 1433
939 3445 1010 3503 ad
1045 3446 1262 3503 Mariae
1297 3444 1512 3503 Cellam
1558 3439 1777 3526 (Maria
1833 3444 2204 3502 sermonibus
2223 3446 2285 3500 et
2304 3442 2809 3518 disputationibus
2825 3460 2930 3517 pro
2951 3441 3120 3500 illius

492 3528 657 3614 Zell).
693 3533 986 3593 Plurimos
1017 3534 1262 3609 reliquit
1303 3534 1487 3592 studii
1518 3533 1774 3609 diligen·
1831 3531 2208 3590 conciliabuli
2244 3531 2599 3591 auctoritate
2630 3532 2886 3590 tuenda:
2923 3530 3058 3590 hinc
3087 3551 3121 3589 a

490 3622 726 3698 tiaeque
788 3642 929 3681 suae
991 3624 1240 3693 fructus,
1320 3622 1440 3682 fere
1499 3622 1772 3683 ineditos,
1834 3620 2023 3679 Felice
2057 3621 2120 3679 V.
2155 3622 2435 3696 antipapa
2466 3620 2657 3680 factus
2700 3625 2794 3679 est
2823 3619 3120 3679 ardzensis

492 3713 736 3788 Saepius
767 3712 987 3788 prodiit
1035 3714 1164 3788 ejus
1200 3711 1436 3770 Postilla
1486 3732 1617 3771 cum
1651 3730 1774 3770 ser·
1834 3708 2073 3790 (ArdZis
2105 3712 2169 3769 in
2191 3711 2617 3786 Peloponneso)
2651 3710 2979 3785 episcopm,
3002 3709 3120 3767 imo

492 3802 762 3861 monibus
814 3803 1256 3878 evangeliorum
1307 3800 1772 3871 dominicalium,
1831 3802 1892 3856 et
1922 3799 2259 3869 cardinalis,
2297 3799 2396 3857 sed
2431 3819 2564 3858 mox
2595 3805 2785 3859 morte
2825 3803 2918 3857 est
2949 3816 3118 3873 prae-

489 3892 872 3969 Argentorati
935 3900 1130 3961 14963
1182 3891 1282 3949 alii
1334 3890 1599 3967 ejusdem
1651 3910 1773 3948 ser-
1830 3884 2095 3968 reptusss)
2131 3907 2175 3946 c.
2209 3909 2258 3946 a.
2299 3897 2485 3951 1⁴43.
2520 3888 2710 3946 Multa
2729 3888 2801 3946 de
2820 3906 2888 3947 eo
2908 3887 3119 3964 legun-

493 3999 699 4050 moneS,
764 3980 868 4054 qui
920 3984 1073 4038 teste
1122 3983 1322 4038 Aenea
1372 3980 1554 4037 Silvio
1605 3979 1773 4038 avide
1831 3978 2027 4036 turin
2060 3978 2211 4037 actis
2244 3978 2480 4037 concilii
2511 3976 2879 4046 basileensiS,
2915 3977 3118 4051 plures

490 4069 667 4127 etiam
700 4088 733 4126 a
764 4068 949 4127 doctis
983 4068 1351 4144 legebantur,
1401 4072 1470 4127 ut
1501 4069 1572 4126 de
1605 4087 1766 4143 prae·
1830 4066 2098 4141 ejusdem
2147 4067 2431 4143 epistolae
2482 4085 2548 4124 ex
2597 4065 2746 4124 urbe
2792 4066 2897 4124 ΟΡ.
2933 4062 3118 4145 (apud

491 4158 676 4234 ceptis
709 4157 988 4233 decalogi.
1023 4157 1094 4216 de
1127 4161 1257 4216 octo
1279 4157 1772 4227 beatitudinibus,
1835 4156 2020 4215 Mansi
2051 4156 2252 4219 XXIX,
2282 4166 2404 4219 650
2429 4153 2548 4236 ss),
2584 4156 2646 4213 in
2665 4155 2875 4231 primis
2891 4154 3121 4230 prolixa

492 4248 564 4306 de
597 4249 823 4323 septem
856 4247 1112 4322 peccatis
1145 4246 1499 4305 mortalibus
1545 4250 1607 4305 et
1652 4248 1772 4305 vir-

489 4335 726 4396 tutibus
761 4337 1069 4413 oppositi8‚
1123 4338 1192 4396 de
1225 4336 1540 4396 dilectione
1574 4337 1680 4396 Dei
1714 4341 1775 4395 et
1912 4387 1946 4441 1)
1976 4381 2056 4435 ω..
2085 4379 2380 4432 Aschbach
2411 4379 2740 4433 Gesehichte
2769 4378 2868 4432 der
2890 4376 3119 4431 Wiener

491 4426 762 4502 proximi,
797 4426 869 4484 de
902 4426 1097 4485 tribus
1143 4426 1416 4502 partibus
1466 4427 1773 4502 poeniten·
1834 4444 2200 4515 universim,
2230 4450 2400 4505 wien
2430 4456 2585 4507 1865.
2620 4452 2658 4515 1,
2685 4454 2914 4505 aso-w:
2958 4449 3118 4502 Esset

488 4517 626 4585 tiae,
679 4515 751 4574 de
802 4516 1066 4575 oratione
1116 4516 1414 4575 dominica
1458 4519 1519 4575 et
1549 4516 1772 4574 saluta—
1832 4524 1942 4577 KL.
1976 4523 2065 4587 IX,
2093 4527 2198 4579 315
2225 4540 2297 4583 s.;
2352 4522 2633 4576 Stanonik
2662 4522 2808 4589 Allg.
2851 4521 2903 4575 d.
2934 4521 3118 4589 Biogr.

489 4606 653 4663 tione
718 4605 1003 4683 angelica,
1071 4606 1141 4664 de
1193 4606 1454 4682 quinque
1499 4606 1772 4663 sensibus
1833 4596 2027 4659 XXIII,
2056 4599 2159 4650 622
2188 4612 2229 4648 8-

1906 4666 2057 4737 )
2078 4737 3118 4804 m

488 4784 654 4844 Inter
713 4784 941 4844 inedita
1002 4790 1146 4844 sunt
1223 4783 1646 4843 fflmmenmria
1709 4802 1773 4841 m
1830 4811 1899 4863 de
1927 4810 2189 4879 Ragusei,
2239 4809 2479 4879 Ragusii
2526 4813 2665 4865 1803
2704 4824 2762 4876 p.
2802 4813 2871 4863 74
2917 4824 3018 4867 ssa
3062 4811 3119 4857 et

491 4875 1034 4937 PsalmoS..1saia1n.
1058 4872 1449 4950 Evangelium
1468 4872 1769 4935 Matthaei,
1830 4883 2067 4951 praefat.
2099 4882 2247 4935 Mon.
2276 4898 2430 4934 conc.
2459 4898 2587 4949 gen.
2619 4881 2657 4932 1.
2686 4899 2741 4950 p.
2760 4877 3116 4933 xm-an.
