<?xml version="1.0" encoding="UTF-8"?>
<!DOCTYPE html PUBLIC "-//W3C//DTD XHTML 1.0 Transitional//EN"
    "http://www.w3.org/TR/xhtml1/DTD/xhtml1-transitional.dtd">
<html xmlns="http://www.w3.org/1999/xhtml" xml:lang="en" lang="en">
 <head>
  <title>
</title>
<meta http-equiv="Content-Type" content="text/html;charset=utf-8" />
  <meta name='ocr-system' content='tesseract 3.04.00' />
  <meta name='ocr-capabilities' content='ocr_page ocr_carea ocr_par ocr_line ocrx_word'/>
</head>
<body>
  <div class='ocr_page' id='page_1' title='image "./nomenclatorlite10hurtgoog_0253.png"; bbox 0 0 3475 5364; ppageno 0'>
   <div class='ocr_carea' id='block_1_1' title="bbox 182 346 2794 427">
    <p class='ocr_par' dir='ltr' id='par_1_1' title="bbox 182 346 2794 427">
     <span class='ocr_line' id='line_1_1' title="bbox 182 346 2794 427; baseline 0.014 -37"><span class='ocrx_word' id='word_1_1' title='bbox 182 372 210 421; x_wconf 73' lang='lat'><strong>⁴</strong></span> <span class='ocrx_word' id='word_1_2' title='bbox 224 372 256 423; x_wconf 84' lang='lat'>5</span> <span class='ocrx_word' id='word_1_3' title='bbox 270 370 302 423; x_wconf 76' lang='lat'>7</span> <span class='ocrx_word' id='word_1_4' title='bbox 656 346 665 357; x_wconf 78' lang='lat'><strong><em>&#39;</em></strong></span> <span class='ocrx_word' id='word_1_5' title='bbox 1146 351 1175 406; x_wconf 87' lang='lat' dir='ltr'>J</span> <span class='ocrx_word' id='word_1_6' title='bbox 1184 368 1396 406; x_wconf 84' lang='lat' dir='ltr'>oannes</span> <span class='ocrx_word' id='word_1_7' title='bbox 1422 351 1583 405; x_wconf 89' lang='lat' dir='ltr'>Duns</span> <span class='ocrx_word' id='word_1_8' title='bbox 1610 350 1828 407; x_wconf 84' lang='lat' dir='ltr'>Scotus.</span> <span class='ocrx_word' id='word_1_9' title='bbox 2668 373 2746 425; x_wconf 85' lang='lat'>45</span> <span class='ocrx_word' id='word_1_10' title='bbox 2759 372 2794 427; x_wconf 90' lang='grc'>8</span> 
     </span>
    </p>
   </div>
   <div class='ocr_carea' id='block_1_2' title="bbox 180 532 2888 4710">
    <p class='ocr_par' dir='ltr' id='par_1_2' title="bbox 180 532 2888 4710">
     <span class='ocr_line' id='line_1_2' title="bbox 182 532 2803 615; baseline 0 -16"><span class='ocrx_word' id='word_1_11' title='bbox 182 540 328 599; x_wconf 76' lang='lat' dir='ltr'>teria</span> <span class='ocrx_word' id='word_1_12' title='bbox 374 539 442 597; x_wconf 92' lang='lat' dir='ltr'>in</span> <span class='ocrx_word' id='word_1_13' title='bbox 483 548 519 601; x_wconf 80' lang='lat'>4</span> <span class='ocrx_word' id='word_1_14' title='bbox 549 538 613 597; x_wconf 94' lang='lat' dir='ltr'>ll.</span> <span class='ocrx_word' id='word_1_15' title='bbox 648 538 1078 597; x_wconf 86' lang='lat' dir='ltr'>sententiarum</span> <span class='ocrx_word' id='word_1_16' title='bbox 1123 556 1256 596; x_wconf 87' lang='lat' dir='ltr'>cum</span> <span class='ocrx_word' id='word_1_17' title='bbox 1304 555 1462 596; x_wconf 90' lang='lat' dir='ltr'>com·</span> <span class='ocrx_word' id='word_1_18' title='bbox 1519 532 1876 615; x_wconf 87' lang='lat' dir='ltr'>theologicas</span> <span class='ocrx_word' id='word_1_19' title='bbox 1909 538 2141 598; x_wconf 89' lang='lat' dir='ltr'>easdem</span> <span class='ocrx_word' id='word_1_20' title='bbox 2175 539 2392 597; x_wconf 88' lang='lat' dir='ltr'>clarius</span> <span class='ocrx_word' id='word_1_21' title='bbox 2424 542 2485 598; x_wconf 87' lang='lat' dir='ltr'>et</span> <span class='ocrx_word' id='word_1_22' title='bbox 2505 539 2803 600; x_wconf 79' lang='lat' dir='ltr'>concisius</span> 
     </span>
     <span class='ocr_line' id='line_1_3' title="bbox 180 627 2798 704; baseline 0 -17"><span class='ocrx_word' id='word_1_23' title='bbox 180 628 493 687; x_wconf 82' lang='lat' dir='ltr'>mentariis</span> <span class='ocrx_word' id='word_1_24' title='bbox 551 627 642 686; x_wconf 82' lang='lat' dir='ltr'>Fr.</span> <span class='ocrx_word' id='word_1_25' title='bbox 705 627 972 700; x_wconf 79' lang='lat' dir='ltr'>Lycheti‚</span> <span class='ocrx_word' id='word_1_26' title='bbox 1043 628 1461 702; x_wconf 85' lang='lat' dir='ltr'>supplemento</span> <span class='ocrx_word' id='word_1_27' title='bbox 1518 631 1756 699; x_wconf 87' lang='lat' dir='ltr'>tractat,</span> <span class='ocrx_word' id='word_1_28' title='bbox 1792 627 1950 686; x_wconf 88' lang='lat' dir='ltr'>unde</span> <span class='ocrx_word' id='word_1_29' title='bbox 1985 628 2059 685; x_wconf 88' lang='lat' dir='ltr'>ab</span> <span class='ocrx_word' id='word_1_30' title='bbox 2079 627 2236 686; x_wconf 88' lang='lat' dir='ltr'>haud</span> <span class='ocrx_word' id='word_1_31' title='bbox 2264 629 2467 702; x_wconf 90' lang='lat' dir='ltr'>paucis</span> <span class='ocrx_word' id='word_1_32' title='bbox 2497 628 2590 686; x_wconf 88' lang='lat' dir='ltr'>illi</span> <span class='ocrx_word' id='word_1_33' title='bbox 2629 648 2798 704; x_wconf 87' lang='lat' dir='ltr'>prae-</span> 
     </span>
     <span class='ocr_line' id='line_1_4' title="bbox 184 712 2803 798; baseline 0 -22"><span class='ocrx_word' id='word_1_34' title='bbox 184 719 407 795; x_wconf 83' lang='lat' dir='ltr'>prolixo</span> <span class='ocrx_word' id='word_1_35' title='bbox 456 716 549 775; x_wconf 85' lang='lat' dir='ltr'>Jo.</span> <span class='ocrx_word' id='word_1_36' title='bbox 591 716 797 775; x_wconf 90' lang='lat' dir='ltr'>Poncii</span> <span class='ocrx_word' id='word_1_37' title='bbox 851 714 957 798; x_wconf 76' lang='lat'>(12,</span> <span class='ocrx_word' id='word_1_38' title='bbox 997 712 1168 796; x_wconf 86' lang='grc'><strong>360),</strong></span> <span class='ocrx_word' id='word_1_39' title='bbox 1222 716 1463 774; x_wconf 79' lang='lat' dir='ltr'>scholiis</span> <span class='ocrx_word' id='word_1_40' title='bbox 1522 717 1727 775; x_wconf 82' lang='lat' dir='ltr'>fertur.</span> <span class='ocrx_word' id='word_1_41' title='bbox 1792 717 1937 776; x_wconf 90' lang='lat' dir='ltr'>Post</span> <span class='ocrx_word' id='word_1_42' title='bbox 1984 717 2356 775; x_wconf 77' lang='lat' dir='ltr'>illustratum</span> <span class='ocrx_word' id='word_1_43' title='bbox 2402 717 2439 775; x_wconf 93' lang='lat' dir='ltr'>l.</span> <span class='ocrx_word' id='word_1_44' title='bbox 2498 729 2545 780; x_wconf 93' lang='lat'>1.</span> <span class='ocrx_word' id='word_1_45' title='bbox 2599 718 2803 777; x_wconf 87' lang='lat' dir='ltr'>statim</span> 
     </span>
     <span class='ocr_line' id='line_1_5' title="bbox 182 805 2806 882; baseline -0 -16"><span class='ocrx_word' id='word_1_46' title='bbox 182 811 237 866; x_wconf 88' lang='lat' dir='ltr'>et</span> <span class='ocrx_word' id='word_1_47' title='bbox 264 806 429 865; x_wconf 86' lang='lat' dir='ltr'>notis</span> <span class='ocrx_word' id='word_1_48' title='bbox 465 805 686 864; x_wconf 82' lang='lat' dir='ltr'>Cavelli</span> <span class='ocrx_word' id='word_1_49' title='bbox 728 807 793 864; x_wconf 89' lang='lat' dir='ltr'>in</span> <span class='ocrx_word' id='word_1_50' title='bbox 826 816 881 869; x_wconf 83' lang='lat'>4.</span> <span class='ocrx_word' id='word_1_51' title='bbox 916 806 953 863; x_wconf 94' lang='lat' dir='ltr'>l.</span> <span class='ocrx_word' id='word_1_52' title='bbox 987 824 1123 864; x_wconf 92' lang='lat' dir='ltr'>cum</span> <span class='ocrx_word' id='word_1_53' title='bbox 1166 824 1459 864; x_wconf 89' lang='lat' dir='ltr'>commen·</span> <span class='ocrx_word' id='word_1_54' title='bbox 1521 808 1557 864; x_wconf 89' lang='lat' dir='ltr'>l.</span> <span class='ocrx_word' id='word_1_55' title='bbox 1593 815 1631 869; x_wconf 83' lang='lat'>4</span> <span class='ocrx_word' id='word_1_56' title='bbox 1665 806 1954 879; x_wconf 86' lang='lat' dir='ltr'>explicare</span> <span class='ocrx_word' id='word_1_57' title='bbox 1986 824 2302 882; x_wconf 76' lang='lat' dir='ltr'>aggressus</span> <span class='ocrx_word' id='word_1_58' title='bbox 2336 808 2446 873; x_wconf 87' lang='lat' dir='ltr'>est,</span> <span class='ocrx_word' id='word_1_59' title='bbox 2481 806 2616 864; x_wconf 90' lang='lat' dir='ltr'>dein</span> <span class='ocrx_word' id='word_1_60' title='bbox 2656 816 2710 869; x_wconf 87' lang='lat'>2.</span> <span class='ocrx_word' id='word_1_61' title='bbox 2745 811 2806 866; x_wconf 90' lang='lat' dir='ltr'>et</span> 
     </span>
     <span class='ocr_line' id='line_1_6' title="bbox 188 892 2804 975; baseline -0 -20"><span class='ocrx_word' id='word_1_62' title='bbox 188 897 344 955; x_wconf 79' lang='lat' dir='ltr'>tariis</span> <span class='ocrx_word' id='word_1_63' title='bbox 376 898 523 954; x_wconf 78' lang='lat' dir='ltr'>Ant.</span> <span class='ocrx_word' id='word_1_64' title='bbox 556 895 809 970; x_wconf 87' lang='lat' dir='ltr'>Hiquaei</span> <span class='ocrx_word' id='word_1_65' title='bbox 842 892 951 975; x_wconf 81' lang='lat'>(1²,</span> <span class='ocrx_word' id='word_1_66' title='bbox 990 895 1158 971; x_wconf 76' lang='grc'><strong>397).</strong></span> <span class='ocrx_word' id='word_1_67' title='bbox 1223 894 1463 953; x_wconf 89' lang='lat' dir='ltr'>Prodie-</span> <span class='ocrx_word' id='word_1_68' title='bbox 1525 906 1599 965; x_wconf 87' lang='grc'>3.,</span> <span class='ocrx_word' id='word_1_69' title='bbox 1634 893 1737 954; x_wconf 93' lang='lat' dir='ltr'>sed</span> <span class='ocrx_word' id='word_1_70' title='bbox 1770 895 1831 953; x_wconf 91' lang='lat' dir='ltr'>in</span> <span class='ocrx_word' id='word_1_71' title='bbox 1864 894 1973 954; x_wconf 90' lang='lat' dir='ltr'>hoc</span> <span class='ocrx_word' id='word_1_72' title='bbox 2003 895 2347 970; x_wconf 85' lang='lat' dir='ltr'>exponendo</span> <span class='ocrx_word' id='word_1_73' title='bbox 2379 896 2653 971; x_wconf 80' lang='lat' dir='ltr'>pervenit</span> <span class='ocrx_word' id='word_1_74' title='bbox 2670 900 2804 955; x_wconf 90' lang='lat' dir='ltr'>tan·</span> 
     </span>
     <span class='ocr_line' id='line_1_7' title="bbox 185 982 2807 1059; baseline 0 -16"><span class='ocrx_word' id='word_1_75' title='bbox 185 989 269 1042; x_wconf 86' lang='lat' dir='ltr'>rat</span> <span class='ocrx_word' id='word_1_76' title='bbox 312 985 422 1043; x_wconf 89' lang='lat' dir='ltr'>hoc</span> <span class='ocrx_word' id='word_1_77' title='bbox 469 1004 621 1059; x_wconf 92' lang='lat' dir='ltr'>opus</span> <span class='ocrx_word' id='word_1_78' title='bbox 649 982 913 1043; x_wconf 85' lang='lat' dir='ltr'>Venetiis</span> <span class='ocrx_word' id='word_1_79' title='bbox 955 992 1296 1047; x_wconf 77' lang='lat'>1472—78</span> <span class='ocrx_word' id='word_1_80' title='bbox 1331 984 1393 1041; x_wconf 90' lang='lat' dir='ltr'>in</span> <span class='ocrx_word' id='word_1_81' title='bbox 1423 983 1463 1042; x_wconf 83' lang='lat' dir='ltr'>f.</span> <span class='ocrx_word' id='word_1_82' title='bbox 1520 983 1904 1043; x_wconf 86' lang='lat' dir='ltr'>tumaddist.</span> <span class='ocrx_word' id='word_1_83' title='bbox 1940 994 2029 1048; x_wconf 87' lang='grc'>18.</span> <span class='ocrx_word' id='word_1_84' title='bbox 2063 983 2309 1058; x_wconf 86' lang='lat' dir='ltr'>Reliqua</span> <span class='ocrx_word' id='word_1_85' title='bbox 2341 984 2618 1059; x_wconf 83' lang='lat' dir='ltr'>suppleta</span> <span class='ocrx_word' id='word_1_86' title='bbox 2637 985 2807 1044; x_wconf 84' lang='lat' dir='ltr'>fuere</span> 
     </span>
     <span class='ocr_line' id='line_1_8' title="bbox 189 1072 2808 1149; baseline 0 -17"><span class='ocrx_word' id='word_1_87' title='bbox 189 1074 376 1133; x_wconf 84' lang='lat' dir='ltr'>studio</span> <span class='ocrx_word' id='word_1_88' title='bbox 397 1077 542 1132; x_wconf 73' lang='lat' dir='ltr'>Ant</span> <span class='ocrx_word' id='word_1_89' title='bbox 563 1073 945 1132; x_wconf 81' lang='lat' dir='ltr'>Trombettae</span> <span class='ocrx_word' id='word_1_90' title='bbox 976 1073 1105 1149; x_wconf 87' lang='lat' dir='ltr'>(sed</span> <span class='ocrx_word' id='word_1_91' title='bbox 1139 1074 1208 1132; x_wconf 89' lang='lat' dir='ltr'>ut</span> <span class='ocrx_word' id='word_1_92' title='bbox 1225 1072 1468 1133; x_wconf 82' lang='lat' dir='ltr'>videtur</span> <span class='ocrx_word' id='word_1_93' title='bbox 1520 1093 1589 1132; x_wconf 85' lang='lat' dir='ltr'>ex</span> <span class='ocrx_word' id='word_1_94' title='bbox 1621 1091 1799 1147; x_wconf 85' lang='lat' dir='ltr'>opere</span> <span class='ocrx_word' id='word_1_95' title='bbox 1847 1073 2057 1148; x_wconf 83' lang='lat' dir='ltr'>maj0ri</span> <span class='ocrx_word' id='word_1_96' title='bbox 2102 1073 2423 1143; x_wconf 83' lang='lat' dir='ltr'>oxoniensi,</span> <span class='ocrx_word' id='word_1_97' title='bbox 2474 1074 2576 1132; x_wconf 89' lang='lat' dir='ltr'>sed</span> <span class='ocrx_word' id='word_1_98' title='bbox 2603 1075 2808 1149; x_wconf 88' lang='lat' dir='ltr'>judice</span> 
     </span>
     <span class='ocr_line' id='line_1_9' title="bbox 187 1158 2804 1243; baseline 0 -22"><span class='ocrx_word' id='word_1_99' title='bbox 187 1167 413 1221; x_wconf 83' lang='lat' dir='ltr'>tantum</span> <span class='ocrx_word' id='word_1_100' title='bbox 465 1163 532 1221; x_wconf 90' lang='lat' dir='ltr'>in</span> <span class='ocrx_word' id='word_1_101' title='bbox 582 1173 617 1225; x_wconf 90' lang='grc'>3</span> <span class='ocrx_word' id='word_1_102' title='bbox 651 1163 879 1237; x_wconf 85' lang='lat' dir='ltr'>priores</span> <span class='ocrx_word' id='word_1_103' title='bbox 909 1158 1033 1243; x_wconf 87' lang='lat'>11.);</span> <span class='ocrx_word' id='word_1_104' title='bbox 1088 1162 1288 1220; x_wconf 88' lang='lat' dir='ltr'>studio</span> <span class='ocrx_word' id='word_1_105' title='bbox 1323 1163 1466 1221; x_wconf 88' lang='lat' dir='ltr'>Gra·</span> <span class='ocrx_word' id='word_1_106' title='bbox 1522 1161 1853 1239; x_wconf 89' lang='lat' dir='ltr'>Waddingo</span> <span class='ocrx_word' id='word_1_107' title='bbox 1885 1163 2084 1221; x_wconf 89' lang='lat' dir='ltr'>minus</span> <span class='ocrx_word' id='word_1_108' title='bbox 2116 1162 2395 1221; x_wconf 77' lang='lat' dir='ltr'>feliciter:</span> <span class='ocrx_word' id='word_1_109' title='bbox 2431 1165 2691 1236; x_wconf 84' lang='lat' dir='ltr'>quatuor</span> <span class='ocrx_word' id='word_1_110' title='bbox 2708 1164 2804 1221; x_wconf 87' lang='lat' dir='ltr'>ul-</span> 
     </span>
     <span class='ocr_line' id='line_1_10' title="bbox 186 1250 2808 1320; baseline 0 -10"><span class='ocrx_word' id='word_1_111' title='bbox 186 1252 320 1311; x_wconf 87' lang='lat' dir='ltr'>tiani</span> <span class='ocrx_word' id='word_1_112' title='bbox 348 1251 642 1320; x_wconf 75' lang='lat' dir='ltr'>Brixiam,</span> <span class='ocrx_word' id='word_1_113' title='bbox 677 1252 756 1309; x_wconf 91' lang='lat' dir='ltr'>ib.</span> <span class='ocrx_word' id='word_1_114' title='bbox 803 1261 963 1313; x_wconf 86' lang='grc'><strong>1490</strong></span> <span class='ocrx_word' id='word_1_115' title='bbox 998 1255 1040 1309; x_wconf 89' lang='lat' dir='ltr'>t.</span> <span class='ocrx_word' id='word_1_116' title='bbox 1080 1261 1114 1314; x_wconf 87' lang='lat'>3</span> <span class='ocrx_word' id='word_1_117' title='bbox 1149 1252 1214 1309; x_wconf 92' lang='lat' dir='ltr'>in</span> <span class='ocrx_word' id='word_1_118' title='bbox 1246 1251 1319 1320; x_wconf 90' lang='lat' dir='ltr'>f.;</span> <span class='ocrx_word' id='word_1_119' title='bbox 1371 1269 1464 1309; x_wconf 89' lang='lat' dir='ltr'>ca·</span> <span class='ocrx_word' id='word_1_120' title='bbox 1522 1252 1702 1310; x_wconf 88' lang='lat' dir='ltr'>timae</span> <span class='ocrx_word' id='word_1_121' title='bbox 1748 1251 2164 1311; x_wconf 77' lang='lat' dir='ltr'>distinctiones</span> <span class='ocrx_word' id='word_1_122' title='bbox 2207 1250 2281 1309; x_wconf 89' lang='lat' dir='ltr'>ad</span> <span class='ocrx_word' id='word_1_123' title='bbox 2324 1250 2570 1310; x_wconf 78' lang='lat' dir='ltr'>verbum</span> <span class='ocrx_word' id='word_1_124' title='bbox 2602 1270 2672 1310; x_wconf 87' lang='lat' dir='ltr'>ex</span> <span class='ocrx_word' id='word_1_125' title='bbox 2704 1252 2808 1311; x_wconf 83' lang='lat' dir='ltr'>illo</span> 
     </span>
     <span class='ocr_line' id='line_1_11' title="bbox 191 1339 2807 1418; baseline 0 -19"><span class='ocrx_word' id='word_1_126' title='bbox 191 1341 458 1418; x_wconf 85' lang='lat' dir='ltr'>stigatius</span> <span class='ocrx_word' id='word_1_127' title='bbox 494 1359 638 1399; x_wconf 90' lang='lat' dir='ltr'>cura</span> <span class='ocrx_word' id='word_1_128' title='bbox 655 1340 925 1416; x_wconf 88' lang='lat' dir='ltr'>Philippi</span> <span class='ocrx_word' id='word_1_129' title='bbox 946 1340 1465 1399; x_wconf 86' lang='lat' dir='ltr'>Balneocaballen-</span> <span class='ocrx_word' id='word_1_130' title='bbox 1524 1346 1668 1400; x_wconf 86' lang='lat' dir='ltr'>sunt</span> <span class='ocrx_word' id='word_1_131' title='bbox 1731 1340 2072 1399; x_wconf 75' lang='lat' dir='ltr'>translatae.</span> <span class='ocrx_word' id='word_1_132' title='bbox 2135 1375 2224 1383; x_wconf 94' lang='lat'><strong>—</strong></span> <span class='ocrx_word' id='word_1_133' title='bbox 2283 1340 2343 1398; x_wconf 89' lang='lat' dir='ltr'>T.</span> <span class='ocrx_word' id='word_1_134' title='bbox 2420 1339 2549 1399; x_wconf 85' lang='lat' dir='ltr'><strong>XII.</strong></span> <span class='ocrx_word' id='word_1_135' title='bbox 2619 1341 2807 1400; x_wconf 89' lang='lat' dir='ltr'>conti-</span> 
     </span>
     <span class='ocr_line' id='line_1_12' title="bbox 191 1426 2806 1509; baseline 0.002 -22"><span class='ocrx_word' id='word_1_136' title='bbox 191 1431 265 1487; x_wconf 84' lang='lat' dir='ltr'>sis</span> <span class='ocrx_word' id='word_1_137' title='bbox 308 1428 547 1507; x_wconf 86' lang='lat' dir='ltr'>(postea</span> <span class='ocrx_word' id='word_1_138' title='bbox 590 1430 817 1488; x_wconf 84' lang='lat' dir='ltr'>ordinis</span> <span class='ocrx_word' id='word_1_139' title='bbox 863 1429 1126 1488; x_wconf 88' lang='lat' dir='ltr'>ministri</span> <span class='ocrx_word' id='word_1_140' title='bbox 1170 1429 1466 1506; x_wconf 89' lang='lat' dir='ltr'>generalis</span> <span class='ocrx_word' id='word_1_141' title='bbox 1522 1435 1746 1488; x_wconf 79' lang='lat' dir='ltr'>nentur</span> <span class='ocrx_word' id='word_1_142' title='bbox 1795 1432 2154 1507; x_wconf 70' lang='lat' dir='ltr'>quaestiones</span> <span class='ocrx_word' id='word_1_143' title='bbox 2210 1430 2615 1505; x_wconf 74' lang='lat' dir='ltr'>quodlibetales</span> <span class='ocrx_word' id='word_1_144' title='bbox 2676 1426 2806 1509; x_wconf 90' lang='grc'><strong>(21,</strong></span> 
     </span>
     <span class='ocr_line' id='line_1_13' title="bbox 196 1516 2806 1599; baseline -0.003 -15"><span class='ocrx_word' id='word_1_145' title='bbox 196 1516 1126 1599; x_wconf 75' lang='lat' dir='ltr'>†1511)cummargineisnotis,</span> <span class='ocrx_word' id='word_1_146' title='bbox 1158 1519 1235 1577; x_wconf 93' lang='lat' dir='ltr'>ib.</span> <span class='ocrx_word' id='word_1_147' title='bbox 1266 1529 1429 1580; x_wconf 82' lang='lat'>1497</span> <span class='ocrx_word' id='word_1_148' title='bbox 1452 1540 1464 1588; x_wconf 77' lang='grc' dir='ltr'><strong>ς</strong></span> <span class='ocrx_word' id='word_1_149' title='bbox 1522 1537 1675 1595; x_wconf 87' lang='lat' dir='ltr'>quae</span> <span class='ocrx_word' id='word_1_150' title='bbox 1706 1519 2073 1595; x_wconf 89' lang='lat' dir='ltr'>respondent</span> <span class='ocrx_word' id='word_1_151' title='bbox 2117 1518 2567 1593; x_wconf 89' lang='lat' dir='ltr'>quaestionibus</span> <span class='ocrx_word' id='word_1_152' title='bbox 2601 1519 2806 1594; x_wconf 87' lang='lat' dir='ltr'>dispu—</span> 
     </span>
     <span class='ocr_line' id='line_1_14' title="bbox 202 1602 2808 1688; baseline 0 -23"><span class='ocrx_word' id='word_1_153' title='bbox 202 1619 383 1679; x_wconf 84' lang='lat'>1503;</span> <span class='ocrx_word' id='word_1_154' title='bbox 418 1627 569 1667; x_wconf 89' lang='lat' dir='ltr'>cura</span> <span class='ocrx_word' id='word_1_155' title='bbox 589 1608 851 1666; x_wconf 82' lang='lat' dir='ltr'>Mauritii</span> <span class='ocrx_word' id='word_1_156' title='bbox 868 1607 941 1666; x_wconf 91' lang='lat' dir='ltr'>de</span> <span class='ocrx_word' id='word_1_157' title='bbox 961 1607 1146 1667; x_wconf 87' lang='lat' dir='ltr'>Portu</span> <span class='ocrx_word' id='word_1_158' title='bbox 1161 1608 1242 1666; x_wconf 90' lang='lat' dir='ltr'>ib.</span> <span class='ocrx_word' id='word_1_159' title='bbox 1267 1618 1466 1677; x_wconf 81' lang='lat'>15063</span> <span class='ocrx_word' id='word_1_160' title='bbox 1524 1608 1668 1666; x_wconf 86' lang='lat' dir='ltr'>tatis</span> <span class='ocrx_word' id='word_1_161' title='bbox 1727 1626 1772 1666; x_wconf 78' lang='lat' dir='ltr'>S.</span> <span class='ocrx_word' id='word_1_162' title='bbox 1825 1602 2105 1688; x_wconf 86' lang='lat' dir='ltr'>Thomae)</span> <span class='ocrx_word' id='word_1_163' title='bbox 2169 1625 2303 1665; x_wconf 86' lang='lat' dir='ltr'>cum</span> <span class='ocrx_word' id='word_1_164' title='bbox 2368 1607 2808 1666; x_wconf 76' lang='lat' dir='ltr'>commentariis</span> 
     </span>
     <span class='ocr_line' id='line_1_15' title="bbox 205 1695 2807 1773; baseline -0.001 -14"><span class='ocrx_word' id='word_1_165' title='bbox 205 1707 350 1760; x_wconf 89' lang='lat'>1515</span> <span class='ocrx_word' id='word_1_166' title='bbox 384 1702 427 1756; x_wconf 90' lang='lat' dir='ltr'>t.</span> <span class='ocrx_word' id='word_1_167' title='bbox 488 1706 527 1758; x_wconf 89' lang='lat'>4</span> <span class='ocrx_word' id='word_1_168' title='bbox 577 1698 641 1755; x_wconf 93' lang='lat' dir='ltr'>in</span> <span class='ocrx_word' id='word_1_169' title='bbox 689 1705 726 1761; x_wconf 86' lang='lat'>8</span> <span class='ocrx_word' id='word_1_170' title='bbox 775 1715 918 1755; x_wconf 89' lang='lat' dir='ltr'>cura</span> <span class='ocrx_word' id='word_1_171' title='bbox 960 1698 1099 1755; x_wconf 84' lang='lat' dir='ltr'>Ant.</span> <span class='ocrx_word' id='word_1_172' title='bbox 1145 1696 1218 1754; x_wconf 90' lang='lat' dir='ltr'>de</span> <span class='ocrx_word' id='word_1_173' title='bbox 1262 1696 1467 1755; x_wconf 85' lang='lat' dir='ltr'>Fantis</span> <span class='ocrx_word' id='word_1_174' title='bbox 1523 1697 1770 1773; x_wconf 85' lang='lat' dir='ltr'>Lycheti</span> <span class='ocrx_word' id='word_1_175' title='bbox 1804 1701 1865 1755; x_wconf 86' lang='lat' dir='ltr'>et</span> <span class='ocrx_word' id='word_1_176' title='bbox 1910 1697 2071 1756; x_wconf 92' lang='lat' dir='ltr'>notis</span> <span class='ocrx_word' id='word_1_177' title='bbox 2105 1696 2325 1755; x_wconf 86' lang='lat' dir='ltr'>Cavelli</span> <span class='ocrx_word' id='word_1_178' title='bbox 2359 1699 2421 1755; x_wconf 87' lang='lat' dir='ltr'>et</span> <span class='ocrx_word' id='word_1_179' title='bbox 2449 1695 2807 1756; x_wconf 87' lang='lat' dir='ltr'>conciliatio·</span> 
     </span>
     <span class='ocr_line' id='line_1_16' title="bbox 200 1785 2809 1863; baseline 0 -20"><span class='ocrx_word' id='word_1_180' title='bbox 200 1786 383 1845; x_wconf 77' lang='lat' dir='ltr'>addito</span> <span class='ocrx_word' id='word_1_181' title='bbox 417 1787 588 1844; x_wconf 80' lang='lat' dir='ltr'>Mari</span> <span class='ocrx_word' id='word_1_182' title='bbox 619 1805 827 1863; x_wconf 71' lang='lat' dir='ltr'>maqno</span> <span class='ocrx_word' id='word_1_183' title='bbox 864 1788 1068 1845; x_wconf 77' lang='lat' dir='ltr'>scotico</span> <span class='ocrx_word' id='word_1_184' title='bbox 1114 1804 1220 1844; x_wconf 91' lang='lat' dir='ltr'>seu</span> <span class='ocrx_word' id='word_1_185' title='bbox 1261 1786 1470 1845; x_wconf 87' lang='lat' dir='ltr'>tabula</span> <span class='ocrx_word' id='word_1_186' title='bbox 1523 1787 1705 1845; x_wconf 89' lang='lat' dir='ltr'>nibus</span> <span class='ocrx_word' id='word_1_187' title='bbox 1759 1794 1886 1849; x_wconf 81' lang='lat'>243</span> <span class='ocrx_word' id='word_1_188' title='bbox 1937 1785 2490 1855; x_wconf 69' lang='lat' dir='ltr'>contradictionum,</span> <span class='ocrx_word' id='word_1_189' title='bbox 2543 1804 2696 1861; x_wconf 87' lang='lat' dir='ltr'>quae</span> <span class='ocrx_word' id='word_1_190' title='bbox 2744 1786 2809 1844; x_wconf 91' lang='lat' dir='ltr'>in</span> 
     </span>
     <span class='ocr_line' id='line_1_17' title="bbox 203 1870 2807 1956; baseline -0.001 -23"><span class='ocrx_word' id='word_1_191' title='bbox 203 1870 471 1956; x_wconf 80' lang='lat' dir='ltr'>(octupla)</span> <span class='ocrx_word' id='word_1_192' title='bbox 494 1876 781 1951; x_wconf 78' lang='lat' dir='ltr'>generali,</span> <span class='ocrx_word' id='word_1_193' title='bbox 803 1894 957 1949; x_wconf 88' lang='lat' dir='ltr'>quae</span> <span class='ocrx_word' id='word_1_194' title='bbox 972 1875 1315 1934; x_wconf 86' lang='lat' dir='ltr'>ordinatum</span> <span class='ocrx_word' id='word_1_195' title='bbox 1331 1874 1467 1933; x_wconf 89' lang='lat' dir='ltr'>doc-</span> <span class='ocrx_word' id='word_1_196' title='bbox 1527 1876 1684 1935; x_wconf 87' lang='lat' dir='ltr'>Scoti</span> <span class='ocrx_word' id='word_1_197' title='bbox 1717 1876 1997 1951; x_wconf 86' lang='lat' dir='ltr'>operibus</span> <span class='ocrx_word' id='word_1_198' title='bbox 2029 1894 2312 1950; x_wconf 87' lang='lat' dir='ltr'>apparere</span> <span class='ocrx_word' id='word_1_199' title='bbox 2344 1874 2641 1943; x_wconf 83' lang='lat' dir='ltr'>videntur,</span> <span class='ocrx_word' id='word_1_200' title='bbox 2678 1882 2807 1932; x_wconf 82' lang='lat' dir='ltr'>stu·</span> 
     </span>
     <span class='ocr_line' id='line_1_18' title="bbox 202 1961 2805 2041; baseline 0 -20"><span class='ocrx_word' id='word_1_201' title='bbox 202 1966 373 2021; x_wconf 78' lang='lat' dir='ltr'>trinae</span> <span class='ocrx_word' id='word_1_202' title='bbox 418 1965 583 2023; x_wconf 86' lang='lat' dir='ltr'>Scoti</span> <span class='ocrx_word' id='word_1_203' title='bbox 625 1967 1005 2041; x_wconf 87' lang='lat' dir='ltr'>prospectum</span> <span class='ocrx_word' id='word_1_204' title='bbox 1055 1964 1320 2033; x_wconf 90' lang='lat' dir='ltr'>exhibet;</span> <span class='ocrx_word' id='word_1_205' title='bbox 1374 1982 1468 2023; x_wconf 86' lang='lat' dir='ltr'>ca-</span> <span class='ocrx_word' id='word_1_206' title='bbox 1526 1964 1625 2023; x_wconf 90' lang='lat' dir='ltr'>dio</span> <span class='ocrx_word' id='word_1_207' title='bbox 1658 1961 1830 2023; x_wconf 82' lang='lat' dir='ltr'>Guid.</span> <span class='ocrx_word' id='word_1_208' title='bbox 1879 1964 2216 2023; x_wconf 87' lang='lat' dir='ltr'>Bartolucci</span> <span class='ocrx_word' id='word_1_209' title='bbox 2261 1964 2596 2022; x_wconf 79' lang='lat' dir='ltr'>elaboratis.</span> <span class='ocrx_word' id='word_1_210' title='bbox 2661 1964 2805 2021; x_wconf 90' lang='lat' dir='ltr'>Pro·</span> 
     </span>
     <span class='ocr_line' id='line_1_19' title="bbox 208 2045 2807 2133; baseline -0 -22"><span class='ocrx_word' id='word_1_211' title='bbox 208 2052 463 2130; x_wconf 77' lang='lat' dir='ltr'>stigatius</span> <span class='ocrx_word' id='word_1_212' title='bbox 494 2054 851 2129; x_wconf 86' lang='lat' dir='ltr'>auctiusque</span> <span class='ocrx_word' id='word_1_213' title='bbox 870 2053 1292 2112; x_wconf 85' lang='lat' dir='ltr'>collationibus</span> <span class='ocrx_word' id='word_1_214' title='bbox 1312 2071 1470 2112; x_wconf 89' lang='lat' dir='ltr'>nun·</span> <span class='ocrx_word' id='word_1_215' title='bbox 1526 2054 1766 2112; x_wconf 89' lang='lat' dir='ltr'>dierant</span> <span class='ocrx_word' id='word_1_216' title='bbox 1787 2054 1917 2129; x_wconf 87' lang='lat' dir='ltr'>jam</span> <span class='ocrx_word' id='word_1_217' title='bbox 1963 2056 2137 2111; x_wconf 87' lang='lat' dir='ltr'>antea</span> <span class='ocrx_word' id='word_1_218' title='bbox 2168 2045 2510 2133; x_wconf 85' lang='lat' dir='ltr'>(mendose)</span> <span class='ocrx_word' id='word_1_219' title='bbox 2547 2052 2807 2111; x_wconf 88' lang='lat' dir='ltr'>Venetiis</span> 
     </span>
     <span class='ocr_line' id='line_1_20' title="bbox 208 2141 2807 2218; baseline -0 -19"><span class='ocrx_word' id='word_1_220' title='bbox 208 2160 359 2214; x_wconf 85' lang='lat' dir='ltr'>qnam</span> <span class='ocrx_word' id='word_1_221' title='bbox 389 2146 570 2201; x_wconf 87' lang='lat' dir='ltr'>antea</span> <span class='ocrx_word' id='word_1_222' title='bbox 616 2142 923 2218; x_wconf 86' lang='lat' dir='ltr'>impressis</span> <span class='ocrx_word' id='word_1_223' title='bbox 975 2142 1173 2201; x_wconf 85' lang='lat' dir='ltr'>studio</span> <span class='ocrx_word' id='word_1_224' title='bbox 1205 2141 1297 2202; x_wconf 83' lang='lat' dir='ltr'>Jo.</span> <span class='ocrx_word' id='word_1_225' title='bbox 1332 2142 1468 2201; x_wconf 86' lang='lat' dir='ltr'>Gla-</span> <span class='ocrx_word' id='word_1_226' title='bbox 1536 2151 1733 2211; x_wconf 76' lang='lat'>14743</span> <span class='ocrx_word' id='word_1_227' title='bbox 1779 2151 1976 2212; x_wconf 74' lang='lat'>14773</span> <span class='ocrx_word' id='word_1_228' title='bbox 2032 2150 2230 2212; x_wconf 76' lang='lat'>1481;</span> <span class='ocrx_word' id='word_1_229' title='bbox 2278 2141 2653 2200; x_wconf 83' lang='lat' dir='ltr'>emendatius</span> <span class='ocrx_word' id='word_1_230' title='bbox 2685 2160 2807 2200; x_wconf 86' lang='lat' dir='ltr'>cur.</span> 
     </span>
     <span class='ocr_line' id='line_1_21' title="bbox 208 2230 2808 2308; baseline -0.001 -19"><span class='ocrx_word' id='word_1_231' title='bbox 208 2231 363 2301; x_wconf 83' lang='lat' dir='ltr'>rolae,</span> <span class='ocrx_word' id='word_1_232' title='bbox 390 2231 467 2289; x_wconf 91' lang='lat' dir='ltr'>ib.</span> <span class='ocrx_word' id='word_1_233' title='bbox 512 2242 679 2295; x_wconf 82' lang='grc'><strong>1517</strong></span> <span class='ocrx_word' id='word_1_234' title='bbox 712 2235 776 2289; x_wconf 89' lang='lat' dir='ltr'>et</span> <span class='ocrx_word' id='word_1_235' title='bbox 804 2231 1084 2308; x_wconf 83' lang='lat' dir='ltr'>Lugduni</span> <span class='ocrx_word' id='word_1_236' title='bbox 1125 2241 1323 2295; x_wconf 84' lang='lat'>1520:</span> <span class='ocrx_word' id='word_1_237' title='bbox 1359 2232 1470 2289; x_wconf 87' lang='lat' dir='ltr'>Ve-</span> <span class='ocrx_word' id='word_1_238' title='bbox 1526 2234 1664 2291; x_wconf 87' lang='lat' dir='ltr'>Ant.</span> <span class='ocrx_word' id='word_1_239' title='bbox 1711 2232 1785 2289; x_wconf 92' lang='lat' dir='ltr'>de</span> <span class='ocrx_word' id='word_1_240' title='bbox 1828 2232 2036 2290; x_wconf 85' lang='lat' dir='ltr'>Fantis</span> <span class='ocrx_word' id='word_1_241' title='bbox 2089 2240 2290 2301; x_wconf 85' lang='grc' dir='ltr'><strong>151ος</strong></span> <span class='ocrx_word' id='word_1_242' title='bbox 2343 2230 2587 2289; x_wconf 84' lang='lat' dir='ltr'>Parisiis</span> <span class='ocrx_word' id='word_1_243' title='bbox 2643 2240 2808 2293; x_wconf 81' lang='lat'>1519</span> 
     </span>
     <span class='ocr_line' id='line_1_22' title="bbox 211 2319 2809 2396; baseline 0.001 -21"><span class='ocrx_word' id='word_1_244' title='bbox 211 2320 366 2379; x_wconf 84' lang='lat' dir='ltr'>netiis</span> <span class='ocrx_word' id='word_1_245' title='bbox 407 2330 569 2385; x_wconf 83' lang='lat'>1580</span> <span class='ocrx_word' id='word_1_246' title='bbox 618 2338 754 2379; x_wconf 88' lang='lat' dir='ltr'>cum</span> <span class='ocrx_word' id='word_1_247' title='bbox 805 2320 1165 2395; x_wconf 87' lang='lat' dir='ltr'>quodlibetis</span> <span class='ocrx_word' id='word_1_248' title='bbox 1200 2324 1261 2379; x_wconf 89' lang='lat' dir='ltr'>et</span> <span class='ocrx_word' id='word_1_249' title='bbox 1291 2322 1469 2380; x_wconf 89' lang='lat' dir='ltr'>colla·</span> <span class='ocrx_word' id='word_1_250' title='bbox 1526 2324 1653 2390; x_wconf 88' lang='lat' dir='ltr'>etc.‚</span> <span class='ocrx_word' id='word_1_251' title='bbox 1687 2323 1750 2379; x_wconf 89' lang='lat' dir='ltr'>et</span> <span class='ocrx_word' id='word_1_252' title='bbox 1769 2338 1902 2379; x_wconf 90' lang='lat' dir='ltr'>cum</span> <span class='ocrx_word' id='word_1_253' title='bbox 1924 2320 2055 2379; x_wconf 88' lang='lat' dir='ltr'>aliis</span> <span class='ocrx_word' id='word_1_254' title='bbox 2075 2319 2340 2395; x_wconf 86' lang='lat' dir='ltr'>ejusdem</span> <span class='ocrx_word' id='word_1_255' title='bbox 2361 2319 2638 2396; x_wconf 89' lang='lat' dir='ltr'>operibns</span> <span class='ocrx_word' id='word_1_256' title='bbox 2657 2320 2809 2377; x_wconf 83' lang='lat' dir='ltr'>Ant-</span> 
     </span>
     <span class='ocr_line' id='line_1_23' title="bbox 211 2407 2809 2491; baseline 0 -25"><span class='ocrx_word' id='word_1_257' title='bbox 211 2408 469 2480; x_wconf 86' lang='lat' dir='ltr'>tionibus,</span> <span class='ocrx_word' id='word_1_258' title='bbox 510 2429 744 2469; x_wconf 86' lang='lat' dir='ltr'>necnon</span> <span class='ocrx_word' id='word_1_259' title='bbox 774 2408 1104 2468; x_wconf 75' lang='lat' dir='ltr'>Melchioris</span> <span class='ocrx_word' id='word_1_260' title='bbox 1136 2410 1326 2468; x_wconf 85' lang='lat' dir='ltr'>Flavii</span> <span class='ocrx_word' id='word_1_261' title='bbox 1361 2407 1468 2491; x_wconf 82' lang='lat'>(1²,</span> <span class='ocrx_word' id='word_1_262' title='bbox 1526 2411 1764 2483; x_wconf 81' lang='lat' dir='ltr'>verpiae</span> <span class='ocrx_word' id='word_1_263' title='bbox 1807 2419 2007 2477; x_wconf 83' lang='grc'><strong>1620;</strong></span> <span class='ocrx_word' id='word_1_264' title='bbox 2041 2408 2312 2468; x_wconf 83' lang='lat' dir='ltr'>Coloniae</span> <span class='ocrx_word' id='word_1_265' title='bbox 2356 2418 2519 2472; x_wconf 84' lang='lat'>1635</span> <span class='ocrx_word' id='word_1_266' title='bbox 2545 2426 2687 2467; x_wconf 87' lang='lat' dir='ltr'>cura</span> <span class='ocrx_word' id='word_1_267' title='bbox 2705 2409 2809 2466; x_wconf 89' lang='lat' dir='ltr'>Ca-</span> 
     </span>
     <span class='ocr_line' id='line_1_24' title="bbox 219 2498 2811 2575; baseline -0.001 -18"><span class='ocrx_word' id='word_1_268' title='bbox 219 2498 271 2565; x_wconf 83' lang='grc'>3)</span> <span class='ocrx_word' id='word_1_269' title='bbox 297 2499 748 2558; x_wconf 84' lang='lat' dir='ltr'>resolutionibus</span> <span class='ocrx_word' id='word_1_270' title='bbox 780 2518 962 2575; x_wconf 90' lang='lat' dir='ltr'>opera</span> <span class='ocrx_word' id='word_1_271' title='bbox 988 2498 1305 2558; x_wconf 83' lang='lat' dir='ltr'>Salvatoris</span> <span class='ocrx_word' id='word_1_272' title='bbox 1326 2500 1469 2558; x_wconf 90' lang='lat' dir='ltr'>Bar·</span> <span class='ocrx_word' id='word_1_273' title='bbox 1528 2499 1665 2558; x_wconf 81' lang='lat' dir='ltr'>velli</span> <span class='ocrx_word' id='word_1_274' title='bbox 1698 2499 1856 2558; x_wconf 90' lang='lat' dir='ltr'>notis</span> <span class='ocrx_word' id='word_1_275' title='bbox 1887 2504 1948 2556; x_wconf 89' lang='lat' dir='ltr'>et</span> <span class='ocrx_word' id='word_1_276' title='bbox 1979 2498 2387 2557; x_wconf 87' lang='lat' dir='ltr'>conciliatione</span> <span class='ocrx_word' id='word_1_277' title='bbox 2439 2498 2704 2556; x_wconf 90' lang='lat' dir='ltr'>locorum</span> <span class='ocrx_word' id='word_1_278' title='bbox 2735 2498 2811 2556; x_wconf 93' lang='lat' dir='ltr'>il-</span> 
     </span>
     <span class='ocr_line' id='line_1_25' title="bbox 217 2585 2810 2664; baseline 0 -21"><span class='ocrx_word' id='word_1_279' title='bbox 217 2587 427 2656; x_wconf 78' lang='lat' dir='ltr'>tolucii3</span> <span class='ocrx_word' id='word_1_280' title='bbox 473 2606 618 2647; x_wconf 87' lang='lat' dir='ltr'>cura</span> <span class='ocrx_word' id='word_1_281' title='bbox 654 2587 897 2646; x_wconf 82' lang='lat' dir='ltr'>Paulini</span> <span class='ocrx_word' id='word_1_282' title='bbox 928 2588 1093 2646; x_wconf 90' lang='lat' dir='ltr'>Berti</span> <span class='ocrx_word' id='word_1_283' title='bbox 1126 2587 1190 2645; x_wconf 90' lang='grc' dir='ltr'>Ο.</span> <span class='ocrx_word' id='word_1_284' title='bbox 1227 2588 1281 2646; x_wconf 90' lang='lat' dir='ltr'>S.</span> <span class='ocrx_word' id='word_1_285' title='bbox 1315 2591 1468 2664; x_wconf 88' lang='lat' dir='ltr'>Aug.</span> <span class='ocrx_word' id='word_1_286' title='bbox 1527 2587 1829 2647; x_wconf 84' lang='lat' dir='ltr'>lustratae.</span> <span class='ocrx_word' id='word_1_287' title='bbox 1889 2587 2033 2663; x_wconf 87' lang='lat' dir='ltr'>Ejus</span> <span class='ocrx_word' id='word_1_288' title='bbox 2064 2586 2480 2646; x_wconf 88' lang='lat' dir='ltr'>commentaria</span> <span class='ocrx_word' id='word_1_289' title='bbox 2510 2589 2571 2643; x_wconf 89' lang='lat' dir='ltr'>et</span> <span class='ocrx_word' id='word_1_290' title='bbox 2599 2585 2810 2661; x_wconf 86' lang='lat' dir='ltr'>postil-</span> 
     </span>
     <span class='ocr_line' id='line_1_26' title="bbox 221 2674 2810 2752; baseline -0.002 -13"><span class='ocrx_word' id='word_1_291' title='bbox 221 2674 281 2731; x_wconf 75' lang='lat' dir='ltr'>ib-</span> <span class='ocrx_word' id='word_1_292' title='bbox 307 2688 454 2740; x_wconf 82' lang='lat'>1617</span> <span class='ocrx_word' id='word_1_293' title='bbox 489 2679 531 2736; x_wconf 82' lang='lat' dir='ltr'>t.</span> <span class='ocrx_word' id='word_1_294' title='bbox 572 2689 604 2740; x_wconf 87' lang='lat'>5</span> <span class='ocrx_word' id='word_1_295' title='bbox 641 2677 708 2736; x_wconf 89' lang='lat' dir='ltr'>in</span> <span class='ocrx_word' id='word_1_296' title='bbox 731 2686 798 2748; x_wconf 82' lang='lat'>83</span> <span class='ocrx_word' id='word_1_297' title='bbox 833 2681 895 2736; x_wconf 88' lang='lat' dir='ltr'>et</span> <span class='ocrx_word' id='word_1_298' title='bbox 924 2681 1064 2752; x_wconf 89' lang='lat' dir='ltr'>post</span> <span class='ocrx_word' id='word_1_299' title='bbox 1093 2696 1297 2748; x_wconf 84' lang='lat' dir='ltr'>omnes</span> <span class='ocrx_word' id='word_1_300' title='bbox 1331 2697 1473 2737; x_wconf 88' lang='lat' dir='ltr'>cura</span> <span class='ocrx_word' id='word_1_301' title='bbox 1528 2678 1614 2737; x_wconf 85' lang='lat' dir='ltr'>lae</span> <span class='ocrx_word' id='word_1_302' title='bbox 1661 2678 1725 2736; x_wconf 89' lang='lat' dir='ltr'>in</span> <span class='ocrx_word' id='word_1_303' title='bbox 1772 2676 1967 2736; x_wconf 81' lang='lat' dir='ltr'>varios</span> <span class='ocrx_word' id='word_1_304' title='bbox 2013 2676 2075 2735; x_wconf 89' lang='lat'>11.</span> <span class='ocrx_word' id='word_1_305' title='bbox 2110 2695 2155 2738; x_wconf 85' lang='lat' dir='ltr'>s.</span> <span class='ocrx_word' id='word_1_306' title='bbox 2189 2676 2528 2752; x_wconf 79' lang='lat' dir='ltr'>Scripturas</span> <span class='ocrx_word' id='word_1_307' title='bbox 2578 2675 2810 2750; x_wconf 89' lang='lat' dir='ltr'>aliaque</span> 
     </span>
     <span class='ocr_line' id='line_1_27' title="bbox 222 2762 2813 2844; baseline 0.001 -23"><span class='ocrx_word' id='word_1_308' title='bbox 222 2762 277 2820; x_wconf 74' lang='lat'>11</span> <span class='ocrx_word' id='word_1_309' title='bbox 304 2764 501 2824; x_wconf 78' lang='lat' dir='ltr'>cavelli</span> <span class='ocrx_word' id='word_1_310' title='bbox 534 2768 862 2844; x_wconf 83' lang='lat' dir='ltr'>praemissa</span> <span class='ocrx_word' id='word_1_311' title='bbox 895 2766 1053 2826; x_wconf 89' lang='lat' dir='ltr'>Scoti</span> <span class='ocrx_word' id='word_1_312' title='bbox 1084 2766 1208 2826; x_wconf 84' lang='lat' dir='ltr'>vita</span> <span class='ocrx_word' id='word_1_313' title='bbox 1239 2770 1301 2826; x_wconf 89' lang='lat' dir='ltr'>et</span> <span class='ocrx_word' id='word_1_314' title='bbox 1330 2784 1468 2843; x_wconf 86' lang='lat' dir='ltr'>apo·</span> <span class='ocrx_word' id='word_1_315' title='bbox 1528 2767 1818 2843; x_wconf 86' lang='lat' dir='ltr'>quaedam</span> <span class='ocrx_word' id='word_1_316' title='bbox 1832 2770 2368 2842; x_wconf 86' lang='lat' dir='ltr'>operamanserunt</span> <span class='ocrx_word' id='word_1_317' title='bbox 2383 2766 2625 2824; x_wconf 88' lang='lat' dir='ltr'>inedita:</span> <span class='ocrx_word' id='word_1_318' title='bbox 2633 2766 2813 2841; x_wconf 83' lang='lat' dir='ltr'>juxta</span> 
     </span>
     <span class='ocr_line' id='line_1_28' title="bbox 228 2851 2811 2938; baseline 0 -26"><span class='ocrx_word' id='word_1_319' title='bbox 228 2851 354 2928; x_wconf 84' lang='lat' dir='ltr'>logia</span> <span class='ocrx_word' id='word_1_320' title='bbox 392 2863 596 2915; x_wconf 87' lang='lat' dir='ltr'>contra</span> <span class='ocrx_word' id='word_1_321' title='bbox 627 2856 914 2914; x_wconf 86' lang='lat' dir='ltr'>Bzovium</span> <span class='ocrx_word' id='word_1_322' title='bbox 959 2856 1239 2931; x_wconf 81' lang='lat' dir='ltr'>notisque</span> <span class='ocrx_word' id='word_1_323' title='bbox 1277 2852 1471 2938; x_wconf 87' lang='lat' dir='ltr'>(utili-</span> <span class='ocrx_word' id='word_1_324' title='bbox 1527 2856 1849 2915; x_wconf 89' lang='lat' dir='ltr'>Waddin</span> <span class='ocrx_word' id='word_1_325' title='bbox 1866 2875 1907 2932; x_wconf 92' lang='lat' dir='ltr'>g</span> <span class='ocrx_word' id='word_1_326' title='bbox 1937 2855 2189 2915; x_wconf 84' lang='lat' dir='ltr'>Lectura</span> <span class='ocrx_word' id='word_1_327' title='bbox 2224 2855 2287 2914; x_wconf 92' lang='lat' dir='ltr'>in</span> <span class='ocrx_word' id='word_1_328' title='bbox 2320 2854 2605 2922; x_wconf 74' lang='lat' dir='ltr'>Genesim</span> <span class='ocrx_word' id='word_1_329' title='bbox 2653 2873 2811 2913; x_wconf 92' lang='lat' dir='ltr'>com-</span> 
     </span>
     <span class='ocr_line' id='line_1_29' title="bbox 228 2937 2811 3022; baseline 0.001 -23"><span class='ocrx_word' id='word_1_330' title='bbox 228 2937 338 3022; x_wconf 83' lang='lat' dir='ltr'>bns)</span> <span class='ocrx_word' id='word_1_331' title='bbox 406 2944 773 3004; x_wconf 82' lang='lat' dir='ltr'>illustratum</span> <span class='ocrx_word' id='word_1_332' title='bbox 839 2945 1202 3022; x_wconf 83' lang='lat' dir='ltr'>Antverpiae</span> <span class='ocrx_word' id='word_1_333' title='bbox 1288 2955 1470 3008; x_wconf 84' lang='lat'>1620.</span> <span class='ocrx_word' id='word_1_334' title='bbox 1529 2945 1807 3004; x_wconf 83' lang='lat' dir='ltr'>mentarii</span> <span class='ocrx_word' id='word_1_335' title='bbox 1827 2946 1890 3002; x_wconf 90' lang='lat' dir='ltr'>in</span> <span class='ocrx_word' id='word_1_336' title='bbox 1911 2944 2228 3022; x_wconf 83' lang='lat' dir='ltr'>evangelia,</span> <span class='ocrx_word' id='word_1_337' title='bbox 2247 2943 2605 3019; x_wconf 87' lang='lat' dir='ltr'>inepistolas</span> <span class='ocrx_word' id='word_1_338' title='bbox 2622 2943 2811 3013; x_wconf 85' lang='lat' dir='ltr'>Pauli;</span> 
     </span>
     <span class='ocr_line' id='line_1_30' title="bbox 233 3028 2815 3109; baseline 0.002 -23"><span class='ocrx_word' id='word_1_339' title='bbox 233 3028 343 3088; x_wconf 84' lang='lat' dir='ltr'>Cum</span> <span class='ocrx_word' id='word_1_340' title='bbox 364 3032 566 3092; x_wconf 88' lang='lat' dir='ltr'>Scotus</span> <span class='ocrx_word' id='word_1_341' title='bbox 614 3033 962 3109; x_wconf 83' lang='lat' dir='ltr'>pertigisset</span> <span class='ocrx_word' id='word_1_342' title='bbox 990 3034 1052 3092; x_wconf 90' lang='lat' dir='ltr'>in</span> <span class='ocrx_word' id='word_1_343' title='bbox 1084 3053 1192 3093; x_wconf 89' lang='lat' dir='ltr'>sua</span> <span class='ocrx_word' id='word_1_344' title='bbox 1222 3034 1470 3109; x_wconf 82' lang='lat' dir='ltr'>explica·</span> <span class='ocrx_word' id='word_1_345' title='bbox 1529 3052 1832 3093; x_wconf 89' lang='lat' dir='ltr'>sermones</span> <span class='ocrx_word' id='word_1_346' title='bbox 1865 3034 1938 3092; x_wconf 93' lang='lat' dir='ltr'>de</span> <span class='ocrx_word' id='word_1_347' title='bbox 1968 3044 2253 3108; x_wconf 86' lang='lat' dir='ltr'>tempore,</span> <span class='ocrx_word' id='word_1_348' title='bbox 2276 3032 2350 3091; x_wconf 90' lang='lat' dir='ltr'>de</span> <span class='ocrx_word' id='word_1_349' title='bbox 2370 3033 2608 3091; x_wconf 87' lang='lat' dir='ltr'>sanctis.</span> <span class='ocrx_word' id='word_1_350' title='bbox 2641 3031 2815 3091; x_wconf 83' lang='lat' dir='ltr'>Nova</span> 
     </span>
     <span class='ocr_line' id='line_1_31' title="bbox 232 3118 2812 3204; baseline 0.002 -28"><span class='ocrx_word' id='word_1_351' title='bbox 232 3118 354 3178; x_wconf 83' lang='lat' dir='ltr'>tione</span> <span class='ocrx_word' id='word_1_352' title='bbox 381 3124 610 3181; x_wconf 86' lang='lat' dir='ltr'>tantum</span> <span class='ocrx_word' id='word_1_353' title='bbox 643 3122 720 3181; x_wconf 90' lang='lat' dir='ltr'>ad</span> <span class='ocrx_word' id='word_1_354' title='bbox 751 3123 890 3180; x_wconf 88' lang='lat' dir='ltr'>dist.</span> <span class='ocrx_word' id='word_1_355' title='bbox 917 3133 996 3185; x_wconf 84' lang='lat'>49</span> <span class='ocrx_word' id='word_1_356' title='bbox 1032 3143 1082 3181; x_wconf 83' lang='lat' dir='ltr'>a.</span> <span class='ocrx_word' id='word_1_357' title='bbox 1115 3135 1209 3193; x_wconf 91' lang='lat'>11,</span> <span class='ocrx_word' id='word_1_358' title='bbox 1242 3123 1474 3198; x_wconf 81' lang='lat' dir='ltr'>reliqua</span> <span class='ocrx_word' id='word_1_359' title='bbox 1529 3142 1774 3199; x_wconf 87' lang='lat' dir='ltr'>operum</span> <span class='ocrx_word' id='word_1_360' title='bbox 1837 3122 2105 3182; x_wconf 90' lang='lat' dir='ltr'>omnium</span> <span class='ocrx_word' id='word_1_361' title='bbox 2167 3118 2374 3204; x_wconf 84' lang='lat' dir='ltr'>(etiam</span> <span class='ocrx_word' id='word_1_362' title='bbox 2439 3121 2812 3196; x_wconf 87' lang='lat' dir='ltr'>quorundam</span> 
     </span>
     <span class='ocr_line' id='line_1_32' title="bbox 238 3206 2812 3293; baseline 0.002 -31"><span class='ocrx_word' id='word_1_363' title='bbox 238 3206 292 3262; x_wconf 68' lang='lat' dir='ltr'>ab</span> <span class='ocrx_word' id='word_1_364' title='bbox 315 3209 515 3270; x_wconf 86' lang='lat' dir='ltr'>editore</span> <span class='ocrx_word' id='word_1_365' title='bbox 547 3212 828 3288; x_wconf 88' lang='lat' dir='ltr'>suppleta</span> <span class='ocrx_word' id='word_1_366' title='bbox 846 3211 1010 3270; x_wconf 86' lang='lat' dir='ltr'>fuere</span> <span class='ocrx_word' id='word_1_367' title='bbox 1030 3231 1099 3270; x_wconf 84' lang='lat' dir='ltr'>ex</span> <span class='ocrx_word' id='word_1_368' title='bbox 1121 3213 1471 3285; x_wconf 78' lang='lat' dir='ltr'>Reportatis.</span> <span class='ocrx_word' id='word_1_369' title='bbox 1528 3207 1918 3293; x_wconf 85' lang='lat' dir='ltr'>ineditorum)</span> <span class='ocrx_word' id='word_1_370' title='bbox 1954 3211 2138 3270; x_wconf 87' lang='lat' dir='ltr'>editio</span> <span class='ocrx_word' id='word_1_371' title='bbox 2171 3211 2363 3286; x_wconf 84' lang='lat' dir='ltr'>coepit</span> <span class='ocrx_word' id='word_1_372' title='bbox 2392 3210 2630 3286; x_wconf 85' lang='lat' dir='ltr'>prodire</span> <span class='ocrx_word' id='word_1_373' title='bbox 2650 3211 2812 3268; x_wconf 86' lang='lat' dir='ltr'>Pari-</span> 
     </span>
     <span class='ocr_line' id='line_1_33' title="bbox 241 3296 2812 3367; baseline 0.002 -15"><span class='ocrx_word' id='word_1_374' title='bbox 241 3325 300 3336; x_wconf 85' lang='lat'>—</span> <span class='ocrx_word' id='word_1_375' title='bbox 324 3296 466 3357; x_wconf 84' lang='lat' dir='ltr'>Illud</span> <span class='ocrx_word' id='word_1_376' title='bbox 490 3301 551 3358; x_wconf 91' lang='lat' dir='ltr'>in</span> <span class='ocrx_word' id='word_1_377' title='bbox 573 3301 899 3359; x_wconf 81' lang='lat' dir='ltr'>faciliorem</span> <span class='ocrx_word' id='word_1_378' title='bbox 932 3300 1275 3359; x_wconf 82' lang='lat' dir='ltr'>methodum</span> <span class='ocrx_word' id='word_1_379' title='bbox 1306 3302 1472 3360; x_wconf 88' lang='lat' dir='ltr'>rede·</span> <span class='ocrx_word' id='word_1_380' title='bbox 1529 3303 1633 3360; x_wconf 88' lang='lat' dir='ltr'>siis</span> <span class='ocrx_word' id='word_1_381' title='bbox 1673 3297 2108 3367; x_wconf 82' lang='grc'><strong>1891’-1895</strong></span> <span class='ocrx_word' id='word_1_382' title='bbox 2145 3300 2209 3358; x_wconf 90' lang='lat' dir='ltr'>in</span> <span class='ocrx_word' id='word_1_383' title='bbox 2241 3305 2283 3358; x_wconf 89' lang='lat' dir='ltr'>t.</span> <span class='ocrx_word' id='word_1_384' title='bbox 2321 3309 2399 3361; x_wconf 85' lang='grc'>26</span> <span class='ocrx_word' id='word_1_385' title='bbox 2439 3300 2500 3357; x_wconf 91' lang='lat' dir='ltr'>in</span> <span class='ocrx_word' id='word_1_386' title='bbox 2538 3307 2573 3360; x_wconf 84' lang='lat'>4</span> <span class='ocrx_word' id='word_1_387' title='bbox 2608 3299 2812 3357; x_wconf 89' lang='lat' dir='ltr'>distri-</span> 
     </span>
     <span class='ocr_line' id='line_1_34' title="bbox 241 3383 2811 3464; baseline 0.002 -24"><span class='ocrx_word' id='word_1_388' title='bbox 241 3383 305 3457; x_wconf 80' lang='lat' dir='ltr'>git</span> <span class='ocrx_word' id='word_1_389' title='bbox 337 3386 639 3448; x_wconf 86' lang='lat' dir='ltr'>Damianus</span> <span class='ocrx_word' id='word_1_390' title='bbox 694 3390 872 3448; x_wconf 89' lang='lat' dir='ltr'>Giner</span> <span class='ocrx_word' id='word_1_391' title='bbox 921 3389 1226 3449; x_wconf 86' lang='lat' dir='ltr'>Valentiae</span> <span class='ocrx_word' id='word_1_392' title='bbox 1283 3399 1469 3460; x_wconf 88' lang='grc'><strong>1598,</strong></span> <span class='ocrx_word' id='word_1_393' title='bbox 1527 3391 1693 3460; x_wconf 87' lang='lat' dir='ltr'>buta,</span> <span class='ocrx_word' id='word_1_394' title='bbox 1749 3390 1851 3448; x_wconf 87' lang='lat' dir='ltr'>sed</span> <span class='ocrx_word' id='word_1_395' title='bbox 1882 3389 2212 3448; x_wconf 90' lang='lat' dir='ltr'>necessario</span> <span class='ocrx_word' id='word_1_396' title='bbox 2263 3393 2554 3464; x_wconf 89' lang='lat' dir='ltr'>apparatu</span> <span class='ocrx_word' id='word_1_397' title='bbox 2604 3387 2811 3446; x_wconf 86' lang='lat' dir='ltr'>critico</span> 
     </span>
     <span class='ocr_line' id='line_1_35' title="bbox 242 3469 2811 3555; baseline 0.002 -25"><span class='ocrx_word' id='word_1_398' title='bbox 242 3469 374 3549; x_wconf 83' lang='lat' dir='ltr'>longe</span> <span class='ocrx_word' id='word_1_399' title='bbox 401 3479 610 3537; x_wconf 90' lang='lat' dir='ltr'>melius</span> <span class='ocrx_word' id='word_1_400' title='bbox 643 3483 705 3536; x_wconf 93' lang='lat' dir='ltr'>et</span> <span class='ocrx_word' id='word_1_401' title='bbox 735 3479 973 3553; x_wconf 89' lang='lat' dir='ltr'>plenius</span> <span class='ocrx_word' id='word_1_402' title='bbox 1007 3479 1407 3555; x_wconf 83' lang='lat' dir='ltr'>Hieronymus</span> <span class='ocrx_word' id='word_1_403' title='bbox 1440 3500 1474 3538; x_wconf 92' lang='lat' dir='ltr'>a</span> <span class='ocrx_word' id='word_1_404' title='bbox 1529 3485 1591 3538; x_wconf 90' lang='lat' dir='ltr'>et</span> <span class='ocrx_word' id='word_1_405' title='bbox 1621 3479 1885 3538; x_wconf 83' lang='lat' dir='ltr'>literario</span> <span class='ocrx_word' id='word_1_406' title='bbox 1931 3478 2236 3537; x_wconf 87' lang='lat' dir='ltr'>destituta.</span> <span class='ocrx_word' id='word_1_407' title='bbox 2299 3478 2368 3535; x_wconf 91' lang='lat' dir='ltr'>In</span> <span class='ocrx_word' id='word_1_408' title='bbox 2417 3477 2601 3552; x_wconf 88' lang='lat' dir='ltr'>hujus</span> <span class='ocrx_word' id='word_1_409' title='bbox 2647 3476 2734 3535; x_wconf 91' lang='lat' dir='ltr'>ed.</span> <span class='ocrx_word' id='word_1_410' title='bbox 2769 3481 2811 3535; x_wconf 63' lang='lat' dir='ltr'>t„</span> 
     </span>
     <span class='ocr_line' id='line_1_36' title="bbox 241 3559 2807 3649; baseline 0.003 -32"><span class='ocrx_word' id='word_1_411' title='bbox 241 3559 612 3626; x_wconf 66' lang='lat' dir='ltr'>Montefortino</span> <span class='ocrx_word' id='word_1_412' title='bbox 635 3563 775 3649; x_wconf 78' lang='lat'>(11²,</span> <span class='ocrx_word' id='word_1_413' title='bbox 815 3563 1000 3648; x_wconf 84' lang='lat'>957);</span> <span class='ocrx_word' id='word_1_414' title='bbox 1034 3569 1238 3627; x_wconf 87' lang='lat' dir='ltr'>ordine</span> <span class='ocrx_word' id='word_1_415' title='bbox 1264 3569 1469 3644; x_wconf 87' lang='lat' dir='ltr'>alpha·</span> <span class='ocrx_word' id='word_1_416' title='bbox 1530 3568 1713 3627; x_wconf 82' lang='lat' dir='ltr'>xxv1</span> <span class='ocrx_word' id='word_1_417' title='bbox 1751 3568 2052 3644; x_wconf 82' lang='lat' dir='ltr'>reperitur</span> <span class='ocrx_word' id='word_1_418' title='bbox 2088 3567 2440 3642; x_wconf 90' lang='lat' dir='ltr'>opusculum</span> <span class='ocrx_word' id='word_1_419' title='bbox 2491 3569 2667 3624; x_wconf 85' lang='lat' dir='ltr'>antea</span> <span class='ocrx_word' id='word_1_420' title='bbox 2715 3565 2807 3624; x_wconf 91' lang='lat' dir='ltr'>in-</span> 
     </span>
     <span class='ocr_line' id='line_1_37' title="bbox 244 3647 2539 3738; baseline -0 -25"><span class='ocrx_word' id='word_1_421' title='bbox 244 3647 392 3712; x_wconf 74' lang='lat' dir='ltr'>betico</span> <span class='ocrx_word' id='word_1_422' title='bbox 433 3654 550 3714; x_wconf 83' lang='lat' dir='ltr'>Car.</span> <span class='ocrx_word' id='word_1_423' title='bbox 598 3657 944 3715; x_wconf 86' lang='lat' dir='ltr'>Franciscus</span> <span class='ocrx_word' id='word_1_424' title='bbox 988 3676 1023 3714; x_wconf 90' lang='lat' dir='ltr'>a</span> <span class='ocrx_word' id='word_1_425' title='bbox 1054 3656 1296 3716; x_wconf 78' lang='lat' dir='ltr'>Varesio</span> <span class='ocrx_word' id='word_1_426' title='bbox 1336 3657 1470 3738; x_wconf 75' lang='lat'>(11²,</span> <span class='ocrx_word' id='word_1_427' title='bbox 1529 3657 1756 3716; x_wconf 91' lang='lat' dir='ltr'>editum</span> <span class='ocrx_word' id='word_1_428' title='bbox 1791 3659 1861 3716; x_wconf 83' lang='lat' dir='ltr'>de</span> <span class='ocrx_word' id='word_1_429' title='bbox 1885 3657 2234 3733; x_wconf 77' lang='lat' dir='ltr'>perfectione</span> <span class='ocrx_word' id='word_1_430' title='bbox 2264 3663 2539 3715; x_wconf 77' lang='lat' dir='ltr'>statuum.</span> 
     </span>
     <span class='ocr_line' id='line_1_38' title="bbox 249 3736 1468 3822; baseline 0.007 -26"><span class='ocrx_word' id='word_1_431' title='bbox 249 3736 383 3820; x_wconf 79' lang='grc'><strong>652).</strong></span> <span class='ocrx_word' id='word_1_432' title='bbox 416 3776 486 3786; x_wconf 83' lang='grc'><strong>-</strong></span> <span class='ocrx_word' id='word_1_433' title='bbox 520 3746 579 3803; x_wconf 88' lang='grc' dir='ltr'>Τ.</span> <span class='ocrx_word' id='word_1_434' title='bbox 617 3745 712 3802; x_wconf 86' lang='lat' dir='ltr'>XI.</span> <span class='ocrx_word' id='word_1_435' title='bbox 748 3745 930 3804; x_wconf 88' lang='lat' dir='ltr'>habes</span> <span class='ocrx_word' id='word_1_436' title='bbox 967 3749 1097 3821; x_wconf 86' lang='lat' dir='ltr'>ejus</span> <span class='ocrx_word' id='word_1_437' title='bbox 1129 3765 1274 3822; x_wconf 81' lang='lat' dir='ltr'>opus</span> <span class='ocrx_word' id='word_1_438' title='bbox 1302 3749 1468 3822; x_wconf 80' lang='lat' dir='ltr'>pari-</span> 
     </span>
     <span class='ocr_line' id='line_1_39' title="bbox 249 3828 1473 3908; baseline 0.007 -23"><span class='ocrx_word' id='word_1_439' title='bbox 249 3828 388 3886; x_wconf 72' lang='lat' dir='ltr'>siense</span> <span class='ocrx_word' id='word_1_440' title='bbox 414 3833 445 3889; x_wconf 92' lang='lat' dir='ltr'>i.</span> <span class='ocrx_word' id='word_1_441' title='bbox 476 3853 520 3890; x_wconf 89' lang='lat' dir='ltr'>e.</span> <span class='ocrx_word' id='word_1_442' title='bbox 566 3842 997 3908; x_wconf 67' lang='lat' dir='ltr'>reponatorum</span> <span class='ocrx_word' id='word_1_443' title='bbox 1050 3835 1473 3908; x_wconf 84' lang='lat' dir='ltr'>parisiensium</span> 
     </span>
     <span class='ocr_line' id='line_1_40' title="bbox 250 3911 2810 4001; baseline 0.001 -24"><span class='ocrx_word' id='word_1_444' title='bbox 250 3911 293 3969; x_wconf 75' lang='lat' dir='ltr'>lL</span> <span class='ocrx_word' id='word_1_445' title='bbox 321 3926 350 3977; x_wconf 76' lang='lat'><strong>4</strong></span> <span class='ocrx_word' id='word_1_446' title='bbox 378 3915 519 4000; x_wconf 88' lang='lat' dir='ltr'>(cum</span> <span class='ocrx_word' id='word_1_447' title='bbox 570 3923 812 3982; x_wconf 88' lang='lat' dir='ltr'>scholiis</span> <span class='ocrx_word' id='word_1_448' title='bbox 862 3927 924 3982; x_wconf 90' lang='lat' dir='ltr'>et</span> <span class='ocrx_word' id='word_1_449' title='bbox 968 3924 1127 3983; x_wconf 80' lang='lat' dir='ltr'>notis</span> <span class='ocrx_word' id='word_1_450' title='bbox 1161 3925 1472 4001; x_wconf 84' lang='lat' dir='ltr'>Waddingi</span> <span class='ocrx_word' id='word_1_451' title='bbox 1624 3934 1767 3987; x_wconf 79' lang='lat'>240.</span> <span class='ocrx_word' id='word_1_452' title='bbox 1832 3922 2053 4000; x_wconf 82' lang='lat' dir='ltr'>Negari</span> <span class='ocrx_word' id='word_1_453' title='bbox 2097 3924 2310 3997; x_wconf 90' lang='lat' dir='ltr'>nequit</span> <span class='ocrx_word' id='word_1_454' title='bbox 2354 3922 2595 3981; x_wconf 86' lang='lat' dir='ltr'>Scotum</span> <span class='ocrx_word' id='word_1_455' title='bbox 2640 3939 2810 3996; x_wconf 88' lang='lat' dir='ltr'>saga·</span> 
     </span>
     <span class='ocr_line' id='line_1_41' title="bbox 256 4004 2812 4089; baseline 0.002 -27"><span class='ocrx_word' id='word_1_456' title='bbox 256 4004 515 4086; x_wconf 75' lang='lat' dir='ltr'>etcavelli)</span> <span class='ocrx_word' id='word_1_457' title='bbox 544 4012 760 4088; x_wconf 87' lang='lat' dir='ltr'>prioris</span> <span class='ocrx_word' id='word_1_458' title='bbox 782 4013 975 4087; x_wconf 87' lang='lat' dir='ltr'>operis</span> <span class='ocrx_word' id='word_1_459' title='bbox 996 4014 1327 4072; x_wconf 80' lang='lat' dir='ltr'>oxoniensis</span> <span class='ocrx_word' id='word_1_460' title='bbox 1349 4015 1468 4089; x_wconf 88' lang='lat' dir='ltr'>epi·</span> <span class='ocrx_word' id='word_1_461' title='bbox 1531 4014 1756 4071; x_wconf 89' lang='lat' dir='ltr'>cissimi</span> <span class='ocrx_word' id='word_1_462' title='bbox 1788 4013 1969 4071; x_wconf 79' lang='lat' dir='ltr'>fuisse</span> <span class='ocrx_word' id='word_1_463' title='bbox 2001 4012 2243 4088; x_wconf 87' lang='lat' dir='ltr'>ingenii,</span> <span class='ocrx_word' id='word_1_464' title='bbox 2297 4011 2457 4087; x_wconf 90' lang='lat' dir='ltr'>quod</span> <span class='ocrx_word' id='word_1_465' title='bbox 2489 4028 2692 4069; x_wconf 90' lang='lat' dir='ltr'>omnes</span> <span class='ocrx_word' id='word_1_466' title='bbox 2724 4010 2812 4068; x_wconf 84' lang='lat' dir='ltr'>fa·</span> 
     </span>
     <span class='ocr_line' id='line_1_42' title="bbox 254 4093 2812 4178; baseline 0.003 -30"><span class='ocrx_word' id='word_1_467' title='bbox 254 4093 421 4165; x_wconf 77' lang='lat' dir='ltr'>tomen,</span> <span class='ocrx_word' id='word_1_468' title='bbox 464 4100 523 4158; x_wconf 90' lang='lat' dir='ltr'>in</span> <span class='ocrx_word' id='word_1_469' title='bbox 551 4121 673 4176; x_wconf 88' lang='lat' dir='ltr'>qua</span> <span class='ocrx_word' id='word_1_470' title='bbox 720 4102 953 4159; x_wconf 85' lang='lat' dir='ltr'>omissis</span> <span class='ocrx_word' id='word_1_471' title='bbox 999 4103 1245 4177; x_wconf 85' lang='lat' dir='ltr'>prolixis</span> <span class='ocrx_word' id='word_1_472' title='bbox 1292 4122 1474 4178; x_wconf 89' lang='lat' dir='ltr'>quae·</span> <span class='ocrx_word' id='word_1_473' title='bbox 1531 4105 1755 4172; x_wconf 85' lang='lat' dir='ltr'>tentur,</span> <span class='ocrx_word' id='word_1_474' title='bbox 1778 4107 1838 4160; x_wconf 87' lang='lat' dir='ltr'>et</span> <span class='ocrx_word' id='word_1_475' title='bbox 1852 4101 2171 4160; x_wconf 88' lang='lat' dir='ltr'>admodum</span> <span class='ocrx_word' id='word_1_476' title='bbox 2185 4100 2404 4160; x_wconf 86' lang='lat' dir='ltr'>critici:</span> <span class='ocrx_word' id='word_1_477' title='bbox 2437 4099 2572 4158; x_wconf 89' lang='lat' dir='ltr'>hinc</span> <span class='ocrx_word' id='word_1_478' title='bbox 2591 4099 2812 4157; x_wconf 87' lang='lat' dir='ltr'>factum</span> 
     </span>
     <span class='ocr_line' id='line_1_43' title="bbox 259 4180 2888 4272; baseline 0.003 -37"><span class='ocrx_word' id='word_1_479' title='bbox 259 4180 493 4245; x_wconf 79' lang='lat' dir='ltr'>stionibus</span> <span class='ocrx_word' id='word_1_480' title='bbox 551 4187 968 4266; x_wconf 86' lang='lat' dir='ltr'>philosophicis</span> <span class='ocrx_word' id='word_1_481' title='bbox 987 4187 1030 4272; x_wconf 89' lang='lat'>¹)</span> <span class='ocrx_word' id='word_1_482' title='bbox 1094 4192 1474 4267; x_wconf 87' lang='lat' dir='ltr'>quaestiones</span> <span class='ocrx_word' id='word_1_483' title='bbox 1533 4195 1622 4250; x_wconf 84' lang='lat' dir='ltr'>est</span> <span class='ocrx_word' id='word_1_484' title='bbox 1653 4193 1725 4249; x_wconf 87' lang='lat' dir='ltr'>ut</span> <span class='ocrx_word' id='word_1_485' title='bbox 1754 4190 2210 4267; x_wconf 89' lang='lat' dir='ltr'>praecipuorum</span> <span class='ocrx_word' id='word_1_486' title='bbox 2242 4189 2656 4266; x_wconf 79' lang='lat' dir='ltr'>theologorum</span> <span class='ocrx_word' id='word_1_487' title='bbox 2679 4188 2815 4247; x_wconf 89' lang='lat' dir='ltr'>doc·</span> <span class='ocrx_word' id='word_1_488' title='bbox 2885 4239 2888 4242; x_wconf 78' lang='grc'>,</span> 
     </span>
     <span class='ocr_line' id='line_1_44' title="bbox 1417 4278 2814 4354; baseline -0.004 -15"><span class='ocrx_word' id='word_1_489' title='bbox 1417 4345 1421 4349; x_wconf 60' lang='grc'><strong>,</strong></span> <span class='ocrx_word' id='word_1_490' title='bbox 1533 4281 1753 4339; x_wconf 86' lang='lat' dir='ltr'>trinam</span> <span class='ocrx_word' id='word_1_491' title='bbox 1789 4280 1928 4338; x_wconf 89' lang='lat' dir='ltr'>crisi</span> <span class='ocrx_word' id='word_1_492' title='bbox 1962 4280 2298 4354; x_wconf 86' lang='lat' dir='ltr'>subjiceret.</span> <span class='ocrx_word' id='word_1_493' title='bbox 2361 4278 2657 4353; x_wconf 88' lang='lat' dir='ltr'>Inprimis</span> <span class='ocrx_word' id='word_1_494' title='bbox 2679 4279 2814 4335; x_wconf 87' lang='lat' dir='ltr'>doc-</span> 
     </span>
     <span class='ocr_line' id='line_1_45' title="bbox 322 4367 2814 4468; baseline -0.001 -43"><span class='ocrx_word' id='word_1_495' title='bbox 322 4411 350 4468; x_wconf 61' lang='lat'>¹)</span> <span class='ocrx_word' id='word_1_496' title='bbox 370 4405 493 4462; x_wconf 58' lang='lat' dir='ltr'><strong>Hine</strong></span> <span class='ocrx_word' id='word_1_497' title='bbox 518 4411 582 4465; x_wconf 72' lang='lat' dir='ltr'>Jo</span> <span class='ocrx_word' id='word_1_498' title='bbox 631 4412 739 4465; x_wconf 63' lang='lat' dir='ltr'>Ma</span> <span class='ocrx_word' id='word_1_499' title='bbox 807 4431 881 4467; x_wconf 65' lang='lat' dir='ltr'>er</span> <span class='ocrx_word' id='word_1_500' title='bbox 967 4413 1030 4467; x_wconf 68' lang='lat' dir='ltr'>ui</span> <span class='ocrx_word' id='word_1_501' title='bbox 1056 4413 1207 4467; x_wconf 64' lang='lat' dir='ltr'>illud</span> <span class='ocrx_word' id='word_1_502' title='bbox 1265 4412 1475 4466; x_wconf 59' lang='lat' dir='ltr'>timum</span> <span class='ocrx_word' id='word_1_503' title='bbox 1533 4369 1753 4427; x_wconf 71' lang='lat' dir='ltr'>trinam</span> <span class='ocrx_word' id='word_1_504' title='bbox 1773 4370 1896 4427; x_wconf 86' lang='lat' dir='ltr'>fere</span> <span class='ocrx_word' id='word_1_505' title='bbox 1909 4370 2248 4426; x_wconf 82' lang='lat' dir='ltr'>universam</span> <span class='ocrx_word' id='word_1_506' title='bbox 2267 4386 2310 4426; x_wconf 91' lang='lat' dir='ltr'>s.</span> <span class='ocrx_word' id='word_1_507' title='bbox 2327 4367 2599 4434; x_wconf 86' lang='lat' dir='ltr'>Thomae,</span> <span class='ocrx_word' id='word_1_508' title='bbox 2635 4368 2814 4423; x_wconf 87' lang='lat' dir='ltr'>etiam</span> 
     </span>
     <span class='ocr_line' id='line_1_46' title="bbox 266 4430 2813 4553; baseline -0.003 -32"><span class='ocrx_word' id='word_1_509' title='bbox 266 4470 406 4528; x_wconf 78' lang='lat' dir='ltr'>edidit</span> <span class='ocrx_word' id='word_1_510' title='bbox 426 4454 632 4537; x_wconf 76' lang='lat' dir='ltr'>Parisiis</span> <span class='ocrx_word' id='word_1_511' title='bbox 662 4430 1049 4546; x_wconf 44' lang='lat' dir='ltr'>mlxi-igin</span> <span class='ocrx_word' id='word_1_512' title='bbox 1075 4433 1262 4553; x_wconf 48' lang='lat' dir='ltr'>praef?</span> <span class='ocrx_word' id='word_1_513' title='bbox 1280 4489 1476 4538; x_wconf 54' lang='lat' dir='ltr'>notat,</span> <span class='ocrx_word' id='word_1_514' title='bbox 1535 4458 1776 4516; x_wconf 88' lang='lat' dir='ltr'>Henrici</span> <span class='ocrx_word' id='word_1_515' title='bbox 1822 4457 2232 4534; x_wconf 82' lang='lat' dir='ltr'>gandavensis,</span> <span class='ocrx_word' id='word_1_516' title='bbox 2287 4476 2330 4514; x_wconf 90' lang='lat' dir='ltr'>s.</span> <span class='ocrx_word' id='word_1_517' title='bbox 2379 4455 2665 4524; x_wconf 88' lang='lat' dir='ltr'>Anselmi,</span> <span class='ocrx_word' id='word_1_518' title='bbox 2715 4454 2813 4521; x_wconf 81' lang='lat' dir='ltr'>Ri-</span> 
     </span>
     <span class='ocr_line' id='line_1_47' title="bbox 274 4545 2813 4626; baseline 0.002 -29"><span class='ocrx_word' id='word_1_519' title='bbox 274 4545 537 4607; x_wconf 71' lang='lat' dir='ltr'>„oxoniensi</span> <span class='ocrx_word' id='word_1_520' title='bbox 583 4557 832 4610; x_wconf 74' lang='lat' dir='ltr'>lecturas</span> <span class='ocrx_word' id='word_1_521' title='bbox 874 4556 1011 4620; x_wconf 82' lang='lat' dir='ltr'>(scil.</span> <span class='ocrx_word' id='word_1_522' title='bbox 1039 4573 1247 4626; x_wconf 82' lang='lat' dir='ltr'>magno</span> <span class='ocrx_word' id='word_1_523' title='bbox 1299 4556 1475 4626; x_wconf 67' lang='lat' dir='ltr'>operi]</span> <span class='ocrx_word' id='word_1_524' title='bbox 1534 4547 1731 4606; x_wconf 84' lang='lat' dir='ltr'>chardi</span> <span class='ocrx_word' id='word_1_525' title='bbox 1764 4567 1799 4604; x_wconf 89' lang='lat' dir='ltr'>a</span> <span class='ocrx_word' id='word_1_526' title='bbox 1831 4566 1875 4605; x_wconf 91' lang='lat' dir='ltr'>s.</span> <span class='ocrx_word' id='word_1_527' title='bbox 1898 4546 2148 4616; x_wconf 84' lang='lat' dir='ltr'>Victore,</span> <span class='ocrx_word' id='word_1_528' title='bbox 2182 4545 2540 4614; x_wconf 78' lang='lat' dir='ltr'>Aristotelia,</span> <span class='ocrx_word' id='word_1_529' title='bbox 2577 4564 2613 4602; x_wconf 91' lang='lat' dir='ltr'>a</span> <span class='ocrx_word' id='word_1_530' title='bbox 2642 4545 2813 4619; x_wconf 86' lang='lat' dir='ltr'>cujus</span> 
     </span>
     <span class='ocr_line' id='line_1_48' title="bbox 273 4607 2815 4710; baseline -0.002 -15"><span class='ocrx_word' id='word_1_531' title='bbox 273 4607 395 4694; x_wconf 48' lang='lat'>¹⁰¹²&amp;</span> <span class='ocrx_word' id='word_1_532' title='bbox 415 4626 819 4681; x_wconf 77' lang='lat' dir='ltr'>anteferendum</span> <span class='ocrx_word' id='word_1_533' title='bbox 844 4627 1057 4685; x_wconf 67' lang='lat' dir='ltr'>cenfimi·</span> <span class='ocrx_word' id='word_1_534' title='bbox 1096 4628 1243 4681; x_wconf 79' lang='lat' dir='ltr'>Dum</span> <span class='ocrx_word' id='word_1_535' title='bbox 1274 4621 1476 4683; x_wconf 64' lang='lat' dir='ltr'>oxonii</span> <span class='ocrx_word' id='word_1_536' title='bbox 1534 4637 1891 4695; x_wconf 87' lang='lat' dir='ltr'>auctoritate</span> <span class='ocrx_word' id='word_1_537' title='bbox 1908 4654 1969 4694; x_wconf 91' lang='lat' dir='ltr'>se</span> <span class='ocrx_word' id='word_1_538' title='bbox 1985 4635 2132 4693; x_wconf 85' lang='lat' dir='ltr'>satis</span> <span class='ocrx_word' id='word_1_539' title='bbox 2147 4635 2496 4710; x_wconf 86' lang='lat' dir='ltr'>emancipat,</span> <span class='ocrx_word' id='word_1_540' title='bbox 2530 4652 2815 4691; x_wconf 86' lang='lat' dir='ltr'>censurae</span> 
     </span>
    </p>
   </div>
   <div class='ocr_carea' id='block_1_3' title="bbox 274 4689 2810 4840">
    <p class='ocr_par' dir='ltr' id='par_1_3' title="bbox 274 4689 2810 4840">
     <span class='ocr_line' id='line_1_49' title="bbox 274 4689 2810 4816; baseline -0 -37"><span class='ocrx_word' id='word_1_541' title='bbox 274 4689 495 4816; x_wconf 48' lang='grc' dir='ltr'>ἳζιὲρᾘιζ</span> <span class='ocrx_word' id='word_1_542' title='bbox 526 4697 926 4780; x_wconf 54' lang='lat' dir='ltr'>b³oe²313³1¹¹reu⁸</span> <span class='ocrx_word' id='word_1_543' title='bbox 978 4698 1282 4752; x_wconf 52' lang='lat' dir='ltr'>dummxat</span> <span class='ocrx_word' id='word_1_544' title='bbox 1324 4703 1476 4752; x_wconf 38' lang='lat' dir='ltr'>eran</span> <span class='ocrx_word' id='word_1_545' title='bbox 1533 4725 1781 4800; x_wconf 77' lang='lat' dir='ltr'>subiicit</span> <span class='ocrx_word' id='word_1_546' title='bbox 1809 4733 1871 4783; x_wconf 89' lang='lat' dir='ltr'>et</span> <span class='ocrx_word' id='word_1_547' title='bbox 1903 4725 1976 4783; x_wconf 89' lang='lat' dir='ltr'>ab</span> <span class='ocrx_word' id='word_1_548' title='bbox 2007 4743 2075 4781; x_wconf 91' lang='lat' dir='ltr'>ea</span> <span class='ocrx_word' id='word_1_549' title='bbox 2104 4724 2243 4799; x_wconf 90' lang='lat' dir='ltr'>plus</span> <span class='ocrx_word' id='word_1_550' title='bbox 2274 4724 2550 4781; x_wconf 71' lang='lat' dir='ltr'>minusve</span> <span class='ocrx_word' id='word_1_551' title='bbox 2571 4721 2810 4788; x_wconf 78' lang='lat' dir='ltr'>recedit,</span> 
     </span>
     <span class='ocr_line' id='line_1_50' title="bbox 495 4770 1478 4840; baseline 0.003 -20"><span class='ocrx_word' id='word_1_552' title='bbox 495 4783 521 4820; x_wconf 94' lang='lat' dir='ltr'>o</span> <span class='ocrx_word' id='word_1_553' title='bbox 562 4770 760 4823; x_wconf 76' lang='lat' dir='ltr'>Parisii</span> <span class='ocrx_word' id='word_1_554' title='bbox 802 4770 1029 4839; x_wconf 84' lang='lat' dir='ltr'>legeret,</span> <span class='ocrx_word' id='word_1_555' title='bbox 1077 4772 1373 4840; x_wconf 85' lang='lat' dir='ltr'>professor,</span> <span class='ocrx_word' id='word_1_556' title='bbox 1419 4773 1478 4824; x_wconf 89' lang='lat' dir='ltr'>et</span> 
     </span>
    </p>
   </div>
   <div class='ocr_carea' id='block_1_4' title="bbox 280 4810 2814 4976">
    <p class='ocr_par' dir='ltr' id='par_1_4' title="bbox 280 4810 2814 4976">
     <span class='ocr_line' id='line_1_51' title="bbox 280 4810 2814 4907; baseline -0.004 -31"><span class='ocrx_word' id='word_1_557' title='bbox 280 4826 414 4900; x_wconf 53' lang='lat' dir='ltr'>inulta</span> <span class='ocrx_word' id='word_1_558' title='bbox 449 4839 608 4907; x_wconf 69' lang='lat' dir='ltr'>topice</span> <span class='ocrx_word' id='word_1_559' title='bbox 653 4846 711 4894; x_wconf 62' lang='lat' dir='ltr'>et</span> <span class='ocrx_word' id='word_1_560' title='bbox 757 4841 1044 4895; x_wconf 53' lang='lat' dir='ltr'>inm-dum</span> <span class='ocrx_word' id='word_1_561' title='bbox 1097 4842 1475 4896; x_wconf 64' lang='lat' dir='ltr'>tumultuarie</span> <span class='ocrx_word' id='word_1_562' title='bbox 1533 4814 1633 4873; x_wconf 87' lang='lat' dir='ltr'>sed</span> <span class='ocrx_word' id='word_1_563' title='bbox 1665 4815 1891 4889; x_wconf 89' lang='lat' dir='ltr'>absque</span> <span class='ocrx_word' id='word_1_564' title='bbox 1925 4813 2124 4871; x_wconf 87' lang='lat' dir='ltr'>studio</span> <span class='ocrx_word' id='word_1_565' title='bbox 2157 4816 2218 4870; x_wconf 90' lang='lat' dir='ltr'>et</span> <span class='ocrx_word' id='word_1_566' title='bbox 2248 4813 2354 4883; x_wconf 86' lang='lat' dir='ltr'>ira,</span> <span class='ocrx_word' id='word_1_567' title='bbox 2398 4810 2722 4885; x_wconf 85' lang='lat' dir='ltr'>tranquille</span> <span class='ocrx_word' id='word_1_568' title='bbox 2754 4813 2814 4868; x_wconf 91' lang='lat' dir='ltr'>et</span> 
     </span>
     <span class='ocr_line' id='line_1_52' title="bbox 280 4899 2813 4976; baseline 0.003 -28"><span class='ocrx_word' id='word_1_569' title='bbox 280 4905 423 4954; x_wconf 73' lang='lat' dir='ltr'>mma</span> <span class='ocrx_word' id='word_1_570' title='bbox 442 4912 701 4966; x_wconf 84' lang='lat' dir='ltr'>oxoniensi</span> <span class='ocrx_word' id='word_1_571' title='bbox 728 4913 945 4966; x_wconf 85' lang='lat' dir='ltr'>lectura.</span> <span class='ocrx_word' id='word_1_572' title='bbox 969 4912 1253 4968; x_wconf 78' lang='lat' dir='ltr'>resolvit.“</span> <span class='ocrx_word' id='word_1_573' title='bbox 1530 4904 1723 4962; x_wconf 88' lang='lat' dir='ltr'>solius</span> <span class='ocrx_word' id='word_1_574' title='bbox 1753 4903 2024 4962; x_wconf 80' lang='lat' dir='ltr'>veritatis</span> <span class='ocrx_word' id='word_1_575' title='bbox 2054 4901 2442 4976; x_wconf 90' lang='lat' dir='ltr'>inquirendae</span> <span class='ocrx_word' id='word_1_576' title='bbox 2489 4900 2583 4958; x_wconf 86' lang='lat' dir='ltr'>vel</span> <span class='ocrx_word' id='word_1_577' title='bbox 2615 4899 2813 4957; x_wconf 87' lang='lat' dir='ltr'>deter-</span> 
     </span>
    </p>
   </div>
   <div class='ocr_carea' id='block_1_5' title="bbox 261 4317 516 4338">
    <p class='ocr_par' dir='ltr' id='par_1_5' title="bbox 261 4317 516 4338">
     <span class='ocr_line' id='line_1_53' title="bbox 261 4317 516 4338; baseline 0 1026"><span class='ocrx_word' id='word_1_578' title='bbox 261 4317 516 4338; x_wconf 95' lang='lat' dir='ltr'> </span> 
     </span>
    </p>
   </div>
  </div>
 </body>
</html>
