3475 5364
506 358 669 411 3423
741 344 1108 397 1541—1563.
1139 340 1332 395 Theol.
1359 340 1474 410 pol.
1502 343 1699 395 contra
1716 341 1952 397 Protest.
1982 342 2262 413 Hartung,
2282 342 2487 409 Horak‚
2507 342 2875 413 Polygrauus,
2951 361 3113 413 1424

488 529 616 602 jam
648 528 890 585 laudata
921 527 1251 602 composuit
1282 546 1430 602 opus
1462 528 1778 586 admodum
1834 530 2093 588 Joannes
2144 529 2214 588 de
2249 526 2573 609 Ma1t521)
2621 529 2932 604 episcopus
2974 530 3114 586 mis-

497 617 800 674 eruditum
818 635 887 674 ex
907 620 1143 692 patrum
1166 617 1401 691 scriptis
1435 617 1773 693 Vonwarer,
1833 620 2055 677 niensis
2110 616 2170 700 (†
2224 613 2435 701 1549),
2500 620 2673 693 cujus
2723 617 3113 676 catechismus

514 707 906 763 Wesentlt'cher
937 706 1057 763 und
1078 706 1410 778 pleibender
1444 707 1774 782 Geyenwer-
1835 709 2160 782 plurimum
2191 708 2487 765 laudatur.
2509 741 2596 750 —
2616 707 2900 765 Nicolaus
2934 708 3112 783 Apel

497 791 691 870 tiykeit
722 796 820 852 des
841 795 1023 871 Leybs
1054 795 1174 852 und
1196 796 1364 853 Bzuts
1388 796 1606 853 Christi
1626 797 1775 854 nach
1835 793 2080 879 (Appel)
2100 817 2155 854 n.
2174 816 2219 854 c.
2251 806 2434 866 1482,
2472 796 2779 855 Reuchlini
2810 797 2874 854 in
2904 796 3116 872 lingua

497 884 1267 954 beschenerConsecration,
1296 885 1564 942 Coloniae
1591 894 1773 955 15483
1832 886 2106 944 hebraica
2124 886 2467 962 discipulus,
2494 886 2699 944 doctor
2729 889 2791 943 et
2823 884 3114 961 professor

505 982 699 1043 1556;
734 973 918 1031 latine
950 991 1188 1031 versum
1220 994 1254 1031 a
1287 972 1531 1043 Suri0‚
1580 984 1772 1037 1560:
1833 973 1991 1055 (cum
2023 971 2226 1057 Eckio)
2271 994 2312 1033 s.
2348 975 2688 1050 Scripturae
2740 974 3111 1049 Ingolstadii.

496 1065 567 1119 tr.
602 1062 973 1121 luculentum
1019 1064 1088 1119 de
1132 1064 1442 1135 disciplina
1490 1064 1775 1121 Ecclesiae
1831 1069 2034 1139 postea
2087 1065 2463 1123 concionator
2526 1063 3010 1139 moosburgensis
3053 1062 3114 1142 (†

494 1152 819 1220 catholicae,
855 1151 1011 1209 unde
1043 1156 1216 1210 eruta
1236 1156 1323 1209 est
1346 1152 1772 1227 Praaeispoeni-
1838 1150 2052 1233 1545),
2070 1155 2176 1228 qui
2208 1154 2272 1211 in
2289 1171 2465 1211 causa
2484 1156 2689 1211 contra
2709 1153 2782 1209 Μ.
2803 1153 3111 1210 Arsatium

495 1242 744 1298 tentialis
794 1241 1133 1315 primitivae
1194 1241 1489 1299 Ecclesiae
1552 1260 1656 1316 per
1717 1242 1771 1299 J.
1832 1242 2187 1302 Seehoferob
2203 1243 2650 1318 ejusperversas
2663 1241 2970 1317 opiniones
2988 1260 3110 1299 mo-

494 1330 718 1387 Bonam
733 1333 793 1388 et
809 1330 861 1387 J.
885 1330 1272 1406 Gropperum,
1293 1330 1556 1388 Gandavi
1581 1341 1771 1393 1683:
1828 1336 1889 1388 ta
1910 1336 1969 1389 et
1997 1332 2059 1389 in
2094 1332 2342 1389 solemni
2377 1331 2784 1406 disputatione
2804 1333 3114 1405 propterea

494 1437 644 1493 quae
696 1418 758 1476 in
791 1420 830 1478 1.
876 1436 943 1475 ex
991 1419 1289 1494 Groppero
1337 1424 1575 1494 sumpta
1610 1424 1769 1489 sunt,

492 1526 561 1565 ea
594 1526 726 1565 cum
760 1508 898 1565 libri
931 1508 1293 1582 praefatione
1328 1508 1503 1566 Sala
1541 1509 1775 1567 recudit

493 1596 558 1653 in
604 1616 737 1672 app.
787 1596 859 1654 ad
905 1599 947 1653 t.
1003 1608 1054 1658 1.
1104 1614 1236 1673 opp.
1279 1597 1433 1659 card.
1486 1599 1684 1656 Bonae
1716 1619 1770 1674 p.

500 1693 625 1747 477
664 1704 739 1747 ss,

587 1873 729 1926 654.
764 1864 1039 1939 Catalogo
1083 1864 1232 1922 bene
1276 1866 1452 1941 longo
1486 1865 1770 1940 quosdam

494 1952 688 2012 adhuc
719 1952 1021 2021 addemus,
1057 1972 1306 2027 quorum
1342 1972 1532 2030 pauca
1564 1973 1771 2030 super-

491 2045 637 2101 sunt
666 2041 918 2117 vestigia
949 2043 1042 2101 vel
1076 2042 1333 2101 minores
1368 2044 1614 2102 fuerunt
1633 2064 1770 2119 par-

496 2135 586 2190 tes
648 2130 709 2188 in
772 2130 879 2188 hac
940 2150 1145 2206 pugna
1195 2134 1491 2191 acerrima.
1556 2133 1771 2192 Valen-

493 2221 657 2278 tinus
719 2220 1102 2296 Hartung
1163 2221 1307 2279 alias
1359 2221 1568 2289 Frid,
1634 2222 1771 2281 hinc

493 2310 678 2367 latine
727 2310 1016 2367 Paceus
1067 2310 1279 2380 dictuS,
1329 2315 1532 2385 pastor
1581 2331 1767 2386 quon-

494 2399 623 2456 dam
649 2402 775 2456 erat
795 2398 1145 2456 lutheranus
1168 2399 1494 2467 Querfurti,
1527 2401 1768 2470 Liitzen,

490 2488 748 2562 denique
765 2487 1017 2562 Lipsiae,
1033 2488 1136 2545 ubi
1151 2492 1209 2546 et
1227 2489 1609 2563 professorem
1632 2492 1768 2567 egit.

493 2577 861 2637 Accuratiori
938 2576 1136 2635 studio
1199 2578 1516 2637 veritatem
1578 2579 1772 2655 coepit

494 2686 808 2744 agnoscere
857 2668 1037 2740 atque
1086 2666 1157 2724 ad
1204 2667 1524 2726 Ecclesiam
1572 2669 1770 2728 catho-

493 2756 665 2814 licam
716 2755 911 2814 rediit.
985 2756 1332 2814 cathedram
1386 2757 1647 2815 obtinuit
1707 2759 1769 2816 in

494 2845 790 2904 academia
852 2844 1174 2920 dilingana.
1278 2846 1481 2904 Edidit
1544 2847 1772 2921 primus

494 2935 587 2992 b..
623 2977 635 2991 .
672 2977 684 2991 .
722 2933 940 3009 Iynatii
979 2977 993 2992 .
1041 2977 1054 2991 .
1106 2980 1119 2993 .
1164 2935 1586 3011 archiepiscopi
1637 2983 1650 2997 .
1697 2981 1709 2992 .
1758 2983 1770 2995 .

493 3023 837 3080 Antiochiae
887 3025 1186 3097 opuscula,
1220 3043 1369 3098 quae
1405 3025 1643 3099 quidem
1674 3045 1767 3084 ex-

493 3114 627 3169 tant
648 3111 843 3169 omnia
864 3111 1043 3187 idque
1065 3117 1222 3170 certe
1252 3113 1315 3171 in
1336 3114 1629 3189 originali,
1655 3134 1770 3188 qua

494 3201 730 3275 abipso
779 3200 970 3274 primo
1012 3202 1340 3276 perscripta
1393 3206 1535 3261 sunt
1566 3204 1771 3278 lingua

492 3309 716 3367 graeca,
765 3289 1042 3368 Dilingae
1096 3301 1280 3356 1557.
1314 3292 1402 3351 ed.
1450 3293 1768 3351 rarissima.

491 3381 563 3438 In
592 3378 952 3454 praefatione
1004 3381 1303 3439 erroribus
1359 3382 1770 3440 lutheranismi

490 3469 726 3526 foititer
754 3468 1063 3527 renunciat
1078 3467 1144 3548 ¹).
1177 3469 1357 3528 Tristi
1390 3471 1510 3530 fato
1540 3491 1648 3546 per
1679 3491 1770 3528 er-

490 3577 681 3617 rorem
730 3558 850 3616 scil.
906 3559 1127 3617 occisus
1172 3579 1206 3617 a
1256 3560 1447 3618 milite
1497 3560 1677 3636 periit
1708 3560 1772 3617 in

489 3647 703 3705 itinere
753 3669 800 3704 a.
862 3658 1044 3713 1558.
1096 3682 1183 3693 —-
1216 3647 1473 3707 Joannes
1516 3649 1770 3707 Horak

489 3737 562 3794 de
598 3737 838 3795 Hasen
863 3738 1046 3813 berg
1086 3739 1459 3812 praepositus
1494 3738 1770 3797 litomiri-

488 3827 681 3884 censis
717 3823 777 3905 (†
819 3823 1029 3906 1550),
1079 3830 1138 3883 et
1185 3827 1258 3884 ab
1291 3847 1338 3884 a.
1383 3837 1544 3890 1543
1594 3827 1772 3884 insti-

488 3918 657 3974 tutor
700 3916 957 3973 filiorum
1007 3916 1362 3974 Perdinandi
1414 3913 1771 3995 reg132).—

569 4053 604 4121 ¹)
634 4049 715 4102 Cf.
763 4066 886 4102 eam
929 4049 1250 4119 germanice.
1292 4050 1571 4104 redditam
1615 4051 1770 4122 apud

489 4120 660 4172 Raess
688 4119 777 4172 die
804 4120 1180 4174 Konvcrtiteu
1210 4123 1248 4184 I,
1277 4127 1577 4178 414—420.

562 4197 604 4262 ²)
635 4191 715 4244 Cf.
746 4191 887 4242 Falk
914 4191 1188 4245 Katholik
1216 4196 1372 4249 1891.
1399 4193 1442 4256 l,
1468 4198 1603 4253 457:
1648 4193 1772 4247 Bal·

488 4263 657 4316 binus
686 4262 822 4317 Boh.
851 4263 1048 4317 doctae
1078 4264 1143 4323 ΙΙ,
1174 4269 1293 4321 146.
1332 4263 1617 4318 Adversus
1654 4264 1694 4318 L
1713 4283 1772 4317 u·

489 4336 563 4388 th
584 4351 612 4386 e
632 4334 691 4386 ri
733 4334 965 4403 nuptias
994 4335 1300 4389 salsissima
1341 4336 1771 4418 epigrammata,

490 4411 556 4458 ut
582 4408 640 4458 et
666 4404 1007 4460 invectivam
1037 4407 1600 4477 dehortatoriamque
1629 4408 1772 4478 epis-

489 4478 663 4531 tolam
720 4478 791 4530 ad
835 4478 1199 4533 Catharinam
1257 4479 1432 4534 dedit.
1506 4480 1771 4547 Utrisque

488 4549 783 4620 respondit
809 4549 1109 4605 Lutherus.
1138 4550 1360 4605 Prodiit
1386 4551 1608 4620 Lipsiae
1633 4556 1773 4608 1530

487 4622 808 4674 rarissimus
837 4623 958 4690 ejus
988 4623 1250 4676 libellus:
1298 4626 1484 4676 Ludus
1512 4626 1770 4676 ludentem

485 4697 641 4748 ludsr
663 4713 729 4746 am
758 4697 961 4757 ludens,
992 4713 1106 4762 quo
1133 4695 1217 4748 Jo.
1248 4695 1577 4763 Hasenberg
1603 4694 1770 4747 bohe-

487 4784 611 4818 mus
640 4766 700 4817 in
730 4766 1173 4818 bacchanalibus
1199 4765 1426 4834 Lipsiae
1456 4782 1648 4819 omncs
1688 4766 1769 4818 lu-

1828 1421 2113 1479 instituta
2128 1425 2351 1494 partem
2375 1420 2597 1477 habuit.
2631 1418 2918 1477 Interfuit
2936 1419 3112 1476 etiam

1830 1529 1962 1568 cum
2028 1510 2204 1567 Eckio
2265 1514 2326 1567 et
2403 1509 2737 1567 Marstaller
2815 1508 3112 1583 colloquio

1829 1596 2304 1678 wormatiensi2).
2339 1631 2421 1642 -—-
2445 1597 2725 1656 Nicolaus
2757 1598 2803 1654 B
2822 1616 2861 1654 u
2878 1614 2909 1655 c
2925 1598 2960 1653 h
2980 1616 3018 1653 n
3034 1616 3065 1654 e
3081 1616 3113 1654 r

1830 1688 1985 1745 OSB.
2004 1688 2065 1745 in
2083 1688 2441 1746 monasterio
2452 1686 2832 1745 zwiefaltensi
2848 1685 3030 1743 abbas
3040 1682 3110 1764 3).

1828 1810 1915 1819 —
1960 1777 2425 1835 Franciscus
2489 1776 2982 1852 Polygranus
3046 1775 3108 1833 Ο.

1831 1866 1966 1923 Min.
2016 1866 2494 1923 ferventissimus
2544 1865 2711 1923 verbi
2746 1864 2850 1921 Dei
2896 1882 3109 1939 praeco

1828 1959 2031 2012 contra
2062 1974 2263 2013 omnes
2299 1954 2436 2011 fidei
2470 1955 2688 2027 hosteS,
2734 1953 2837 2028 qui
2871 1954 3110 2011 Germa-

1826 2044 1986 2102 niam
2018 2044 2399 2113 infestabant,
2449 2043 2693 2117 reliquit
2724 2045 2786 2099 in
2819 2060 2903 2114 ep.
2939 2042 3111 2100 Pauli

1828 2132 1862 2189 l.
1896 2151 2102 2201 unum,
2151 2132 2421 2191 Coloniae
2475 2141 2657 2194 1580.
2721 2131 2866 2202 Ejus
2916 2149 3108 2189 asser-

1827 2224 2007 2279 tiones
2037 2222 2411 2297 quorundam
2445 2221 2731 2278 Ecclesiae
2763 2220 3109 2297 dogmatum

1828 2330 1961 2368 cum
1998 2311 2069 2367 ab
2103 2310 2239 2368 aliis
2281 2315 2413 2368 tum
2445 2331 2479 2367 a
2511 2311 2823 2367 lutherana
2854 2309 3108 2367 factione

1828 2401 2020 2459 denuo
2037 2400 2098 2457 in
2117 2399 2364 2457 dubium
2396 2402 2819 2466 revocatorum,
2838 2399 2916 2455 ib.
2943 2409 2960 2460 l
2982 2409 3013 2461 5
3029 2409 3098 2460 71

1827 2490 2073 2546 fuerunt
2104 2488 2404 2563 quondam
2435 2489 2499 2545 in
2519 2488 2734 2556 Indice,
2769 2487 2953 2546 donec
2983 2506 3109 2545 cor-

1826 2577 1878 2635 ri
1885 2582 2182 2653 gerentur.
2202 2579 2469 2635 Postilla-9
2484 2577 2610 2652 ejus
2626 2576 2689 2634 in
2705 2576 3050 2652 Evangelia.
3067 2621 3077 2631 .
3096 2620 3107 2631 .

1829 2687 1933 2743 per
1965 2668 2230 2744 singulos
2265 2666 2598 2725 Dominicos
2631 2666 2756 2724 dies
2788 2666 2846 2723 P.
2883 2666 2928 2725 I.
2953 2669 3014 2723 et
3034 2664 3106 2723 11.

1828 2757 2016 2814 edidit
2047 2757 2317 2815 Coloniae
2346 2766 2507 2818 1557
2545 2756 2673 2830 ejus
2708 2755 2924 2813 sodalis
2945 2755 3107 2812 Hen-

1828 2847 1984 2903 ricus
2049 2845 2412 2915 Helmesius;
2477 2846 2630 2903 sicut
2679 2849 2740 2902 et
2784 2845 2844 2900 P.
2892 2843 2996 2906 III,
3045 2844 3110 2903 in

1827 2936 2150 3010 Evangelia
2182 2938 2359 3009 prout
2401 2953 2507 3009 per
2539 2934 2808 3010 singulas
2841 2955 2890 2991 a.
2922 2933 3109 2991 totius

1831 3025 2182 3082 Sanctorum
2230 3024 2406 3081 ferias
2456 3023 2779 3081 distributa
2831 3025 2992 3091 sunt,
3028 3023 3108 3086 ib.

1837 3123 2032 3182 15603
2086 3114 2146 3170 P.
2199 3112 2292 3170 lV.
2372 3113 2648 3170 Postillas
2709 3111 3107 3186 Epistolarum
3200 3130 3204 3132 ’

1829 3203 2109 3268 omnium,
2145 3221 2296 3277 quae
2318 3201 2628 3260 dominicis
2649 3200 2858 3258 diebus
2873 3201 3107 3258 recitari

1829 3292 2040 3361 solent,
2073 3292 2149 3349 ib.
2192 3301 2384 3361 1562;
2419 3291 2753 3367 germanice
2785 3290 3109 3364 interprete

1829 3381 1884 3439 C.
1920 3381 2159 3455 Gennep
2191 3380 2268 3438 ib.
2310 3390 2494 3443 1564.
2560 3380 2790 3437 Obiisse
2822 3378 3044 3436 dicitur
3073 3398 3109 3436 a

1829 3469 2160 3528 Gaudentio
2207 3487 2252 3526 c.
2305 3490 2356 3532 a.
2399 3479 2581 3532 1560.
2615 3502 2697 3511 —
2734 3468 3107 3526 Matthias

1828 3559 1878 3616 A
1894 3577 1932 3634 q
1950 3577 1991 3616 u
2007 3578 2037 3616 e
2054 3577 2094 3615 n
2111 3559 2218 3615 sis
2253 3558 2376 3616 sive
2394 3557 2914 3633 AquisgranensiS,
2934 3576 3104 3633 gym-

1828 3648 1978 3706 nasii
2009 3648 2274 3705 montani
2309 3647 2578 3706 Coloniae
2611 3645 2963 3723 professor&
3011 3665 3106 3703 ‹13-

1827 3740 2124 3795 sertionem
2188 3736 2377 3794 edidit
2451 3738 2743 3811 reliyiom's
2805 3736 3108 3793 catholicae

1829 3830 2033 3883 contra
2082 3825 2425 3892 Lutherum,
2485 3825 2757 3883 Coloniae
2815 3833 2998 3894 1542,
3049 3830 3110 3881 et

1828 3919 2036 3973 contra
2084 3914 2396 3983 Bucerum,
2449 3914 2525 3972 ib.
2568 3923 2752 3977 1556.
2784 3946 2871 3955 —
2903 3913 3106 3971 Ticde-

1828 4024 2005 4062 mann
2027 4003 2513 4063 Bartholomaeus
2536 4004 2582 4061 G
2599 4003 2620 4060 i
2638 4023 2668 4060 e
2687 4023 2712 4060 s
2731 4022 2761 4062 e
2795 4002 3107 4061 Dentiscus

1828 4113 1882 4150 n.
1926 4104 1974 4154 1.
2008 4092 2179 4151 Junii
2220 4103 2403 4162 1480,
2456 4093 2676 4151 amicus
2710 4092 3017 4150 familiaris
3049 4097 3106 4150 et

1908 4341 1943 4404 ¹)
1973 4335 2054 4389 cf.
2085 4335 2223 4389 Falk
2249 4335 2324 4389 ib.
2353 4352 2407 4403 p.
2434 4339 2570 4391 458:
2623 4334 2898 4403 Moufang
2939 4333 3107 4387 Kath.

1829 4407 2225 4460 Katechismen
2253 4424 2308 4475 p.
2335 4411 2439 4461 135
2465 4413 2522 4460 et
2548 4406 2772 4476 passim.

1904 4482 1941 4536 ’ἢ
1973 4478 2054 4532 Of.
2085 4478 2239 4532 Floss
2268 4477 2381 4530 KL.
2416 4483 2450 4540 Ι,
2480 4482 2636 4534 1001.

1902 4553 1942 4612 ³³)
1972 4550 2052 4604 Cf.
2082 4550 2152 4604 N.
2183 4550 2393 4603 Paulus
2429 4549 2705 4602 Katholik
2733 4553 2888 4605 1892.
2919 4549 2956 4612 Ι,
2985 4552 3106 4611 548,

1829 4621 1927 4690 qui
1946 4621 2206 4674 meminit
2223 4625 2280 4673 et
2296 4621 2534 4675 Joannis
2561 4621 2600 4673 C
2618 4638 2650 4673 a
2667 4639 2691 4672 s
2710 4639 2746 4689 p
2764 4637 2797 4673 a
2811 4637 2839 4672 r
2855 4620 2874 4673 i
2892 4637 2916 4673 s
2943 4620 2991 4673 R
3008 4637 3044 4672 u
3064 4625 3104 4672 t-

1829 4695 1898 4746 la
1917 4712 1954 4745 n
1972 4693 2023 4754 d,
2055 4696 2218 4762 cujus
2245 4697 2344 4746 loci
2367 4711 2662 4747 communes
2687 4696 2976 4760 tleeoloqice',
3005 4691 3106 4758 qui

1827 4765 1998 4818 hodie
2027 4764 2086 4816 in
2115 4765 2555 4818 controversiam
2584 4765 2899 4834 agitantur,
2929 4762 3108 4815 Dilin·

486 4837 813 4890 dificantem
842 4837 1131 4891 ludionciu
1164 4838 1427 4890 omnibus
1453 4837 1768 4890 ludendum
1827 4852 1932 4906 gae
1961 4841 2099 4892 1559
2127 4836 2481 4906 prodierunt.

487 4906 762 4961 exhibuit.
815 4907 898 4962 Cf.
927 4908 1152 4960 Luksch
1182 4908 1292 4962 KL.
1321 4907 1440 4972 VII,
1472 4913 1625 4964 1700.

1901 4911 1942 4970 ⁴)
1973 4908 2054 4960 Cf.
2085 4908 2346 4976 Poppens
2374 4908 2442 4971 11,
2470 4912 2590 4964 870.
