<?xml version="1.0" encoding="UTF-8"?>
<!DOCTYPE html PUBLIC "-//W3C//DTD XHTML 1.0 Transitional//EN"
    "http://www.w3.org/TR/xhtml1/DTD/xhtml1-transitional.dtd">
<html xmlns="http://www.w3.org/1999/xhtml" xml:lang="en" lang="en">
 <head>
  <title>
</title>
<meta http-equiv="Content-Type" content="text/html;charset=utf-8" />
  <meta name='ocr-system' content='tesseract 3.04.00' />
  <meta name='ocr-capabilities' content='ocr_page ocr_carea ocr_par ocr_line ocrx_word'/>
</head>
<body>
  <div class='ocr_page' id='page_1' title='image "./nomenclatorlite10hurtgoog_0322.png"; bbox 0 0 3475 5364; ppageno 0'>
   <div class='ocr_carea' id='block_1_1' title="bbox 666 337 3285 416">
    <p class='ocr_par' dir='ltr' id='par_1_1' title="bbox 666 337 3285 416">
     <span class='ocr_line' id='line_1_1' title="bbox 666 337 3285 416; baseline -0.007 -13"><span class='ocrx_word' id='word_1_1' title='bbox 666 361 785 416; x_wconf 78' lang='grc'>579</span> <span class='ocrx_word' id='word_1_2' title='bbox 971 348 1342 401; x_wconf 72' lang='lat'>1326—1350.</span> <span class='ocrx_word' id='word_1_3' title='bbox 1370 343 1624 397; x_wconf 76' lang='lat' dir='ltr'><strong>Historia</strong></span> <span class='ocrx_word' id='word_1_4' title='bbox 1650 341 1853 412; x_wconf 83' lang='lat' dir='ltr'>partic.</span> <span class='ocrx_word' id='word_1_5' title='bbox 1881 341 2165 406; x_wconf 75' lang='lat' dir='ltr'>&#39;Pi-ivetae,</span> <span class='ocrx_word' id='word_1_6' title='bbox 2194 337 2391 414; x_wconf 55' lang='lat' dir='ltr'>Adam,</span> <span class='ocrx_word' id='word_1_7' title='bbox 2418 337 2684 402; x_wconf 81' lang='lat' dir='ltr'>Thomas,</span> <span class='ocrx_word' id='word_1_8' title='bbox 2710 337 2980 402; x_wconf 78' lang='lat' dir='ltr'>Hocsem,</span> <span class='ocrx_word' id='word_1_9' title='bbox 3179 353 3285 406; x_wconf 71' lang='lat'>530</span> 
     </span>
    </p>
   </div>
   <div class='ocr_carea' id='block_1_2' title="bbox 658 525 3291 694">
    <p class='ocr_par' dir='ltr' id='par_1_2' title="bbox 658 525 3291 694">
     <span class='ocr_line' id='line_1_2' title="bbox 661 525 3289 604; baseline -0.002 -15"><span class='ocrx_word' id='word_1_10' title='bbox 661 531 880 589; x_wconf 88' lang='lat' dir='ltr'>Douais</span> <span class='ocrx_word' id='word_1_11' title='bbox 925 530 1166 589; x_wconf 82' lang='lat' dir='ltr'>Tolosae</span> <span class='ocrx_word' id='word_1_12' title='bbox 1210 539 1392 592; x_wconf 83' lang='grc'><strong>1894.</strong></span> <span class='ocrx_word' id='word_1_13' title='bbox 1458 529 1748 588; x_wconf 86' lang='lat' dir='ltr'>Chronica</span> <span class='ocrx_word' id='word_1_14' title='bbox 1795 546 1938 586; x_wconf 89' lang='lat' dir='ltr'>suae</span> <span class='ocrx_word' id='word_1_15' title='bbox 1991 527 2390 604; x_wconf 79' lang='lat' dir='ltr'><strong>persequitur,</strong></span> <span class='ocrx_word' id='word_1_16' title='bbox 2442 527 2529 583; x_wconf 90' lang='lat' dir='ltr'>ita</span> <span class='ocrx_word' id='word_1_17' title='bbox 2575 528 2775 583; x_wconf 84' lang='lat' dir='ltr'>tamen</span> <span class='ocrx_word' id='word_1_18' title='bbox 2822 532 2896 584; x_wconf 84' lang='lat' dir='ltr'>ut</span> <span class='ocrx_word' id='word_1_19' title='bbox 2943 525 3289 602; x_wconf 85' lang='lat' dir='ltr'>pontificum</span> 
     </span>
     <span class='ocr_line' id='line_1_3' title="bbox 658 616 3291 694; baseline -0.002 -17"><span class='ocrx_word' id='word_1_20' title='bbox 658 619 941 678; x_wconf 88' lang='lat' dir='ltr'>dioecesis</span> <span class='ocrx_word' id='word_1_21' title='bbox 975 619 1330 688; x_wconf 85' lang='lat' dir='ltr'>lodovensis,</span> <span class='ocrx_word' id='word_1_22' title='bbox 1363 637 1541 694; x_wconf 90' lang='lat' dir='ltr'>quam</span> <span class='ocrx_word' id='word_1_23' title='bbox 1563 618 1941 677; x_wconf 79' lang='lat' dir='ltr'>concinnavit</span> <span class='ocrx_word' id='word_1_24' title='bbox 1995 624 2056 677; x_wconf 92' lang='lat' dir='ltr'>et</span> <span class='ocrx_word' id='word_1_25' title='bbox 2088 619 2518 692; x_wconf 89' lang='lat' dir='ltr'>imperatorum</span> <span class='ocrx_word' id='word_1_26' title='bbox 2565 633 2659 672; x_wconf 87' lang='lat' dir='ltr'>res</span> <span class='ocrx_word' id='word_1_27' title='bbox 2690 633 3041 690; x_wconf 87' lang='lat' dir='ltr'>regumque</span> <span class='ocrx_word' id='word_1_28' title='bbox 3077 616 3291 673; x_wconf 79' lang='lat' dir='ltr'>Galliae</span> 
     </span>
    </p>
   </div>
   <div class='ocr_carea' id='block_1_3' title="bbox 657 705 3389 784">
    <p class='ocr_par' dir='ltr' id='par_1_3' title="bbox 657 705 3389 784">
     <span class='ocr_line' id='line_1_4' title="bbox 657 705 3389 784; baseline -0.001 -18"><span class='ocrx_word' id='word_1_29' title='bbox 657 727 793 767; x_wconf 88' lang='lat' dir='ltr'>cum</span> <span class='ocrx_word' id='word_1_30' title='bbox 815 710 1196 777; x_wconf 80' lang='lat' dir='ltr'>documentis,</span> <span class='ocrx_word' id='word_1_31' title='bbox 1231 708 1476 784; x_wconf 90' lang='lat' dir='ltr'>periisse</span> <span class='ocrx_word' id='word_1_32' title='bbox 1507 707 1776 775; x_wconf 59' lang='lat' dir='ltr'>videtum</span> <span class='ocrx_word' id='word_1_33' title='bbox 1809 707 1939 781; x_wconf 86' lang='lat' dir='ltr'>ejus</span> <span class='ocrx_word' id='word_1_34' title='bbox 1994 707 2353 783; x_wconf 89' lang='lat' dir='ltr'>plerumque</span> <span class='ocrx_word' id='word_1_35' title='bbox 2371 705 2648 773; x_wconf 88' lang='lat' dir='ltr'>conferat,</span> <span class='ocrx_word' id='word_1_36' title='bbox 2671 709 2733 761; x_wconf 90' lang='lat' dir='ltr'>et</span> <span class='ocrx_word' id='word_1_37' title='bbox 2751 709 2922 778; x_wconf 86' lang='lat' dir='ltr'>gesta</span> <span class='ocrx_word' id='word_1_38' title='bbox 2943 706 3051 763; x_wconf 81' lang='lat' dir='ltr'>sui</span> <span class='ocrx_word' id='word_1_39' title='bbox 3073 705 3291 763; x_wconf 83' lang='lat' dir='ltr'>ordinis</span> <span class='ocrx_word' id='word_1_40' title='bbox 3388 743 3389 752; x_wconf 24' lang='grc' dir='ltr'><strong>η</strong></span> 
     </span>
    </p>
   </div>
   <div class='ocr_carea' id='block_1_4' title="bbox 652 792 3295 4975">
    <p class='ocr_par' dir='ltr' id='par_1_4' title="bbox 652 792 3295 4975">
     <span class='ocr_line' id='line_1_5' title="bbox 662 792 3291 873; baseline -0.002 -16"><span class='ocrx_word' id='word_1_41' title='bbox 662 798 946 873; x_wconf 80' lang='lat' dir='ltr'>Synodale</span> <span class='ocrx_word' id='word_1_42' title='bbox 995 797 1113 855; x_wconf 86' lang='lat' dir='ltr'>luci</span> <span class='ocrx_word' id='word_1_43' title='bbox 1162 797 1435 872; x_wconf 89' lang='lat' dir='ltr'>publicae</span> <span class='ocrx_word' id='word_1_44' title='bbox 1486 795 1721 855; x_wconf 91' lang='lat' dir='ltr'>demum</span> <span class='ocrx_word' id='word_1_45' title='bbox 1776 795 1937 854; x_wconf 84' lang='lat' dir='ltr'>dedit</span> <span class='ocrx_word' id='word_1_46' title='bbox 1995 815 2101 871; x_wconf 86' lang='lat' dir='ltr'>per</span> <span class='ocrx_word' id='word_1_47' title='bbox 2147 795 2424 871; x_wconf 88' lang='lat' dir='ltr'>Angliam</span> <span class='ocrx_word' id='word_1_48' title='bbox 2468 792 2792 869; x_wconf 71' lang='lat' dir='ltr'>diligenter</span> <span class='ocrx_word' id='word_1_49' title='bbox 2825 798 3063 853; x_wconf 84' lang='lat' dir='ltr'>narret.</span> <span class='ocrx_word' id='word_1_50' title='bbox 3116 797 3291 853; x_wconf 77' lang='lat' dir='ltr'>Aecu-</span> 
     </span>
     <span class='ocr_line' id='line_1_6' title="bbox 661 881 3291 959; baseline -0.002 -14"><span class='ocrx_word' id='word_1_51' title='bbox 661 887 880 945; x_wconf 87' lang='lat' dir='ltr'>Douais</span> <span class='ocrx_word' id='word_1_52' title='bbox 912 887 974 945; x_wconf 93' lang='lat' dir='ltr'>in</span> <span class='ocrx_word' id='word_1_53' title='bbox 1006 886 1042 947; x_wconf 90' lang='lat' dir='ltr'>l.</span> <span class='ocrx_word' id='word_1_54' title='bbox 1081 886 1171 944; x_wconf 91' lang='lat' dir='ltr'>Un</span> <span class='ocrx_word' id='word_1_55' title='bbox 1202 884 1436 946; x_wconf 81' lang='lat' dir='ltr'>nouvel’</span> <span class='ocrx_word' id='word_1_56' title='bbox 1453 885 1603 944; x_wconf 86' lang='lat' dir='ltr'>ecrit</span> <span class='ocrx_word' id='word_1_57' title='bbox 1632 885 1705 944; x_wconf 90' lang='lat' dir='ltr'>de</span> <span class='ocrx_word' id='word_1_58' title='bbox 1736 886 1803 947; x_wconf 89' lang='lat' dir='ltr'>B.</span> <span class='ocrx_word' id='word_1_59' title='bbox 1825 884 1940 942; x_wconf 88' lang='lat' dir='ltr'>Gui</span> <span class='ocrx_word' id='word_1_60' title='bbox 1996 896 2123 943; x_wconf 87' lang='lat' dir='ltr'>rate</span> <span class='ocrx_word' id='word_1_61' title='bbox 2155 884 2412 959; x_wconf 90' lang='lat' dir='ltr'>denique</span> <span class='ocrx_word' id='word_1_62' title='bbox 2444 881 2797 957; x_wconf 89' lang='lat' dir='ltr'>prodierunt</span> <span class='ocrx_word' id='word_1_63' title='bbox 2815 883 3089 942; x_wconf 86' lang='lat' dir='ltr'>Londini</span> <span class='ocrx_word' id='word_1_64' title='bbox 3119 893 3291 946; x_wconf 80' lang='grc'><strong>1845.</strong></span> 
     </span>
     <span class='ocr_line' id='line_1_7' title="bbox 657 972 3292 1052; baseline -0.002 -18"><span class='ocrx_word' id='word_1_65' title='bbox 657 976 707 1033; x_wconf 80' lang='lat' dir='ltr'>le</span> <span class='ocrx_word' id='word_1_66' title='bbox 755 976 1007 1052; x_wconf 81' lang='lat' dir='ltr'>Synodal</span> <span class='ocrx_word' id='word_1_67' title='bbox 1043 976 1112 1033; x_wconf 80' lang='lat' dir='ltr'>de</span> <span class='ocrx_word' id='word_1_68' title='bbox 1165 976 1398 1050; x_wconf 61' lang='lat' dir='ltr'>Lodbve,</span> <span class='ocrx_word' id='word_1_69' title='bbox 1453 974 1695 1032; x_wconf 85' lang='lat' dir='ltr'>Parisiis</span> <span class='ocrx_word' id='word_1_70' title='bbox 1758 984 1939 1036; x_wconf 64' lang='lat'>1-494.</span> <span class='ocrx_word' id='word_1_71' title='bbox 1997 975 2142 1033; x_wconf 84' lang='lat' dir='ltr'>Cum</span> <span class='ocrx_word' id='word_1_72' title='bbox 2188 977 2397 1031; x_wconf 84' lang='lat' dir='ltr'>nostro</span> <span class='ocrx_word' id='word_1_73' title='bbox 2443 978 2683 1030; x_wconf 83' lang='lat' dir='ltr'>auctore</span> <span class='ocrx_word' id='word_1_74' title='bbox 2728 972 2921 1030; x_wconf 85' lang='lat' dir='ltr'>edidit</span> <span class='ocrx_word' id='word_1_75' title='bbox 2971 977 3126 1031; x_wconf 81' lang='lat' dir='ltr'>Ant.</span> <span class='ocrx_word' id='word_1_76' title='bbox 3162 973 3292 1030; x_wconf 83' lang='lat' dir='ltr'>Hal·</span> 
     </span>
     <span class='ocr_line' id='line_1_8' title="bbox 658 1060 3293 1141; baseline -0.001 -18"><span class='ocrx_word' id='word_1_77' title='bbox 658 1064 1006 1140; x_wconf 81' lang='lat' dir='ltr'>Disputavit</span> <span class='ocrx_word' id='word_1_78' title='bbox 1037 1083 1276 1141; x_wconf 91' lang='lat' dir='ltr'>quoque</span> <span class='ocrx_word' id='word_1_79' title='bbox 1321 1066 1391 1122; x_wconf 75' lang='lat' dir='ltr'>de</span> <span class='ocrx_word' id='word_1_80' title='bbox 1423 1063 1680 1140; x_wconf 76' lang='lat' dir='ltr'>Virqinis</span> <span class='ocrx_word' id='word_1_81' title='bbox 1708 1081 1938 1137; x_wconf 79' lang='lat' dir='ltr'>concep·</span> <span class='ocrx_word' id='word_1_82' title='bbox 1995 1064 2114 1121; x_wconf 91' lang='lat' dir='ltr'>lius</span> <span class='ocrx_word' id='word_1_83' title='bbox 2134 1063 2314 1122; x_wconf 90' lang='lat' dir='ltr'>etiam</span> <span class='ocrx_word' id='word_1_84' title='bbox 2334 1060 2437 1119; x_wconf 87' lang='lat' dir='ltr'>Ad</span> <span class='ocrx_word' id='word_1_85' title='bbox 2457 1061 2597 1119; x_wconf 91' lang='lat' dir='ltr'>ami</span> <span class='ocrx_word' id='word_1_86' title='bbox 2634 1061 2826 1119; x_wconf 81' lang='lat' dir='ltr'>Muri</span> <span class='ocrx_word' id='word_1_87' title='bbox 2845 1063 3072 1120; x_wconf 88' lang='lat' dir='ltr'>muth</span> <span class='ocrx_word' id='word_1_88' title='bbox 3092 1064 3293 1120; x_wconf 79' lang='lat' dir='ltr'>ensis</span> 
     </span>
     <span class='ocr_line' id='line_1_9' title="bbox 658 1145 3292 1231; baseline -0 -20"><span class='ocrx_word' id='word_1_89' title='bbox 658 1154 806 1212; x_wconf 79' lang='lat' dir='ltr'>tione</span> <span class='ocrx_word' id='word_1_90' title='bbox 838 1155 874 1214; x_wconf 89' lang='lat' dir='ltr'>l.</span> <span class='ocrx_word' id='word_1_91' title='bbox 907 1158 979 1212; x_wconf 89' lang='lat' dir='ltr'>ut</span> <span class='ocrx_word' id='word_1_92' title='bbox 1007 1154 1245 1212; x_wconf 85' lang='lat' dir='ltr'>videtur</span> <span class='ocrx_word' id='word_1_93' title='bbox 1275 1153 1555 1212; x_wconf 85' lang='lat' dir='ltr'>ineditus.</span> <span class='ocrx_word' id='word_1_94' title='bbox 1997 1151 2364 1227; x_wconf 82' lang='lat' dir='ltr'>(Miremuth,</span> <span class='ocrx_word' id='word_1_95' title='bbox 2414 1145 2769 1231; x_wconf 81' lang='lat' dir='ltr'>Myrimuth)</span> <span class='ocrx_word' id='word_1_96' title='bbox 2820 1151 2885 1209; x_wconf 92' lang='grc' dir='ltr'><strong>Ο.</strong></span> <span class='ocrx_word' id='word_1_97' title='bbox 2921 1152 3071 1210; x_wconf 79' lang='lat' dir='ltr'>cist.</span> <span class='ocrx_word' id='word_1_98' title='bbox 3109 1152 3292 1210; x_wconf 87' lang='lat' dir='ltr'>londi-</span> 
     </span>
     <span class='ocr_line' id='line_1_10' title="bbox 1994 1236 3295 1322; baseline -0.001 -23"><span class='ocrx_word' id='word_1_99' title='bbox 1994 1242 2200 1299; x_wconf 80' lang='lat' dir='ltr'>nensis</span> <span class='ocrx_word' id='word_1_100' title='bbox 2211 1240 2486 1299; x_wconf 86' lang='lat' dir='ltr'>ecclesiae</span> <span class='ocrx_word' id='word_1_101' title='bbox 2502 1239 2723 1299; x_wconf 86' lang='lat' dir='ltr'>s.Pauli</span> <span class='ocrx_word' id='word_1_102' title='bbox 2740 1240 3017 1298; x_wconf 79' lang='lat' dir='ltr'>canonici</span> <span class='ocrx_word' id='word_1_103' title='bbox 3032 1236 3135 1321; x_wconf 64' lang='grc' dir='ltr'>(ἡ</span> <span class='ocrx_word' id='word_1_104' title='bbox 3152 1237 3295 1322; x_wconf 77' lang='grc'><strong>347)</strong></span> 
     </span>
     <span class='ocr_line' id='line_1_11' title="bbox 752 1324 3293 1408; baseline -0.002 -15"><span class='ocrx_word' id='word_1_105' title='bbox 752 1341 894 1395; x_wconf 89' lang='grc'><strong>298.</strong></span> <span class='ocrx_word' id='word_1_106' title='bbox 974 1331 1345 1390; x_wconf 85' lang='lat' dir='ltr'>Nicolaus</span> <span class='ocrx_word' id='word_1_107' title='bbox 1407 1330 1779 1388; x_wconf 85' lang='lat' dir='ltr'>Trivetus</span> <span class='ocrx_word' id='word_1_108' title='bbox 1843 1324 1941 1408; x_wconf 91' lang='lat' dir='ltr'>(de</span> <span class='ocrx_word' id='word_1_109' title='bbox 1996 1332 2304 1389; x_wconf 78' lang='lat' dir='ltr'>chronicon</span> <span class='ocrx_word' id='word_1_110' title='bbox 2350 1329 2477 1386; x_wconf 87' lang='lat' dir='ltr'>sive</span> <span class='ocrx_word' id='word_1_111' title='bbox 2510 1328 2820 1386; x_wconf 79' lang='lat' dir='ltr'>historiam</span> <span class='ocrx_word' id='word_1_112' title='bbox 2871 1331 2970 1387; x_wconf 88' lang='lat' dir='ltr'>sui</span> <span class='ocrx_word' id='word_1_113' title='bbox 3004 1331 3293 1405; x_wconf 82' lang='lat' dir='ltr'>temporis</span> 
     </span>
     <span class='ocr_line' id='line_1_12' title="bbox 659 1414 3294 1505; baseline -0.002 -25"><span class='ocrx_word' id='word_1_114' title='bbox 659 1422 930 1490; x_wconf 84' lang='lat' dir='ltr'>Treveth,</span> <span class='ocrx_word' id='word_1_115' title='bbox 995 1420 1282 1505; x_wconf 76' lang='lat' dir='ltr'>Traveth,</span> <span class='ocrx_word' id='word_1_116' title='bbox 1333 1414 1562 1500; x_wconf 81' lang='lat' dir='ltr'>Trivet)</span> <span class='ocrx_word' id='word_1_117' title='bbox 1619 1419 1684 1480; x_wconf 92' lang='grc' dir='ltr'><strong>Ο.</strong></span> <span class='ocrx_word' id='word_1_118' title='bbox 1735 1418 1939 1476; x_wconf 88' lang='lat' dir='ltr'>Praed.</span> <span class='ocrx_word' id='word_1_119' title='bbox 1995 1420 2119 1479; x_wconf 84' lang='lat' dir='ltr'>sive</span> <span class='ocrx_word' id='word_1_120' title='bbox 2166 1419 2406 1477; x_wconf 87' lang='lat' dir='ltr'>annales</span> <span class='ocrx_word' id='word_1_121' title='bbox 2466 1436 2667 1476; x_wconf 89' lang='lat' dir='ltr'>rerum</span> <span class='ocrx_word' id='word_1_122' title='bbox 2716 1418 3179 1492; x_wconf 86' lang='lat' dir='ltr'>anglicanarum</span> <span class='ocrx_word' id='word_1_123' title='bbox 3228 1419 3294 1476; x_wconf 79' lang='lat' dir='ltr'>ab</span> 
     </span>
     <span class='ocr_line' id='line_1_13' title="bbox 657 1507 3293 1586; baseline -0.002 -16"><span class='ocrx_word' id='word_1_124' title='bbox 657 1510 909 1586; x_wconf 76' lang='lat' dir='ltr'>AngluS,</span> <span class='ocrx_word' id='word_1_125' title='bbox 952 1509 1336 1567; x_wconf 84' lang='lat' dir='ltr'>Norvicensis</span> <span class='ocrx_word' id='word_1_126' title='bbox 1380 1527 1437 1565; x_wconf 94' lang='lat' dir='ltr'>n.</span> <span class='ocrx_word' id='word_1_127' title='bbox 1471 1509 1622 1566; x_wconf 87' lang='lat' dir='ltr'>circa</span> <span class='ocrx_word' id='word_1_128' title='bbox 1660 1526 1710 1565; x_wconf 88' lang='lat' dir='ltr'>a.</span> <span class='ocrx_word' id='word_1_129' title='bbox 1752 1516 1937 1576; x_wconf 87' lang='lat'>1258,</span> <span class='ocrx_word' id='word_1_130' title='bbox 1997 1528 2048 1571; x_wconf 90' lang='lat' dir='ltr'>a.</span> <span class='ocrx_word' id='word_1_131' title='bbox 2101 1517 2464 1577; x_wconf 82' lang='lat'>1302—47,</span> <span class='ocrx_word' id='word_1_132' title='bbox 2517 1507 2591 1565; x_wconf 84' lang='lat' dir='ltr'>ab</span> <span class='ocrx_word' id='word_1_133' title='bbox 2640 1507 2757 1564; x_wconf 90' lang='lat' dir='ltr'>alio</span> <span class='ocrx_word' id='word_1_134' title='bbox 2804 1510 3059 1567; x_wconf 89' lang='lat' dir='ltr'>auctore</span> <span class='ocrx_word' id='word_1_135' title='bbox 3113 1510 3293 1567; x_wconf 87' lang='lat' dir='ltr'>conti·</span> 
     </span>
     <span class='ocr_line' id='line_1_14' title="bbox 659 1595 3291 1674; baseline -0.001 -16"><span class='ocrx_word' id='word_1_136' title='bbox 659 1599 901 1660; x_wconf 81' lang='lat' dir='ltr'>Oxoniis</span> <span class='ocrx_word' id='word_1_137' title='bbox 919 1598 1326 1674; x_wconf 87' lang='lat' dir='ltr'>philosophiae</span> <span class='ocrx_word' id='word_1_138' title='bbox 1358 1601 1418 1656; x_wconf 90' lang='lat' dir='ltr'>et</span> <span class='ocrx_word' id='word_1_139' title='bbox 1445 1597 1781 1672; x_wconf 81' lang='lat' dir='ltr'>theologiae</span> <span class='ocrx_word' id='word_1_140' title='bbox 1800 1614 1935 1672; x_wconf 90' lang='lat' dir='ltr'>ope·</span> <span class='ocrx_word' id='word_1_141' title='bbox 1996 1601 2211 1656; x_wconf 84' lang='lat' dir='ltr'>nuatos</span> <span class='ocrx_word' id='word_1_142' title='bbox 2244 1596 2318 1654; x_wconf 90' lang='lat' dir='ltr'>ad</span> <span class='ocrx_word' id='word_1_143' title='bbox 2339 1617 2388 1659; x_wconf 87' lang='lat' dir='ltr'>a.</span> <span class='ocrx_word' id='word_1_144' title='bbox 2421 1605 2619 1665; x_wconf 77' lang='lat'>13803</span> <span class='ocrx_word' id='word_1_145' title='bbox 2651 1595 2907 1654; x_wconf 89' lang='lat' dir='ltr'>Londini</span> <span class='ocrx_word' id='word_1_146' title='bbox 2934 1607 3113 1660; x_wconf 76' lang='grc'><strong>1846</strong></span> <span class='ocrx_word' id='word_1_147' title='bbox 3138 1598 3203 1655; x_wconf 89' lang='lat' dir='ltr'>in</span> <span class='ocrx_word' id='word_1_148' title='bbox 3226 1607 3291 1664; x_wconf 72' lang='grc'><strong>8..</strong></span> 
     </span>
     <span class='ocr_line' id='line_1_15' title="bbox 659 1685 3292 1762; baseline 0 -17"><span class='ocrx_word' id='word_1_149' title='bbox 659 1707 782 1746; x_wconf 90' lang='lat' dir='ltr'>ram</span> <span class='ocrx_word' id='word_1_150' title='bbox 806 1687 985 1752; x_wconf 83' lang='lat' dir='ltr'>dedit,</span> <span class='ocrx_word' id='word_1_151' title='bbox 1021 1690 1083 1745; x_wconf 84' lang='lat' dir='ltr'>et</span> <span class='ocrx_word' id='word_1_152' title='bbox 1112 1690 1425 1762; x_wconf 81' lang='lat' dir='ltr'>postquam</span> <span class='ocrx_word' id='word_1_153' title='bbox 1458 1687 1560 1744; x_wconf 84' lang='lat' dir='ltr'>has</span> <span class='ocrx_word' id='word_1_154' title='bbox 1594 1686 1941 1761; x_wconf 85' lang='lat' dir='ltr'>disciplinas</span> <span class='ocrx_word' id='word_1_155' title='bbox 1995 1687 2060 1745; x_wconf 93' lang='lat' dir='ltr'>in</span> <span class='ocrx_word' id='word_1_156' title='bbox 2092 1686 2315 1762; x_wconf 88' lang='lat' dir='ltr'>quibus</span> <span class='ocrx_word' id='word_1_157' title='bbox 2345 1685 2524 1744; x_wconf 88' lang='lat' dir='ltr'>etiam</span> <span class='ocrx_word' id='word_1_158' title='bbox 2566 1704 2720 1760; x_wconf 87' lang='lat' dir='ltr'>quae</span> <span class='ocrx_word' id='word_1_159' title='bbox 2752 1685 2815 1742; x_wconf 92' lang='lat' dir='ltr'>in</span> <span class='ocrx_word' id='word_1_160' title='bbox 2847 1685 3017 1744; x_wconf 88' lang='lat' dir='ltr'>curia</span> <span class='ocrx_word' id='word_1_161' title='bbox 3051 1706 3292 1745; x_wconf 75' lang='lat' dir='ltr'>romana</span> 
     </span>
     <span class='ocr_line' id='line_1_16' title="bbox 659 1773 3291 1852; baseline -0 -17"><span class='ocrx_word' id='word_1_162' title='bbox 659 1776 1026 1851; x_wconf 79' lang='lat' dir='ltr'>aliquamdiu</span> <span class='ocrx_word' id='word_1_163' title='bbox 1078 1777 1233 1851; x_wconf 78' lang='lat' dir='ltr'>apud</span> <span class='ocrx_word' id='word_1_164' title='bbox 1286 1793 1426 1835; x_wconf 87' lang='lat' dir='ltr'>suos</span> <span class='ocrx_word' id='word_1_165' title='bbox 1476 1779 1568 1834; x_wconf 89' lang='lat' dir='ltr'>est</span> <span class='ocrx_word' id='word_1_166' title='bbox 1618 1775 1936 1850; x_wconf 85' lang='lat' dir='ltr'>professus,</span> <span class='ocrx_word' id='word_1_167' title='bbox 1996 1777 2383 1852; x_wconf 88' lang='lat' dir='ltr'>contigerunt</span> <span class='ocrx_word' id='word_1_168' title='bbox 2442 1773 2815 1843; x_wconf 89' lang='lat' dir='ltr'>referuntur,</span> <span class='ocrx_word' id='word_1_169' title='bbox 2880 1792 3030 1833; x_wconf 85' lang='lat' dir='ltr'>cura</span> <span class='ocrx_word' id='word_1_170' title='bbox 3094 1776 3291 1834; x_wconf 82' lang='lat' dir='ltr'>Thom.</span> 
     </span>
     <span class='ocr_line' id='line_1_17' title="bbox 656 1863 3293 1941; baseline -0.001 -17"><span class='ocrx_word' id='word_1_171' title='bbox 656 1885 766 1941; x_wconf 89' lang='lat' dir='ltr'>pro</span> <span class='ocrx_word' id='word_1_172' title='bbox 798 1865 1082 1940; x_wconf 89' lang='lat' dir='ltr'>temporis</span> <span class='ocrx_word' id='word_1_173' title='bbox 1115 1883 1275 1923; x_wconf 88' lang='lat' dir='ltr'>more</span> <span class='ocrx_word' id='word_1_174' title='bbox 1307 1864 1566 1923; x_wconf 84' lang='lat' dir='ltr'>Parisios</span> <span class='ocrx_word' id='word_1_175' title='bbox 1597 1863 1816 1922; x_wconf 83' lang='lat' dir='ltr'>missus</span> <span class='ocrx_word' id='word_1_176' title='bbox 1849 1868 1942 1922; x_wconf 89' lang='lat' dir='ltr'>est</span> <span class='ocrx_word' id='word_1_177' title='bbox 1996 1864 2163 1940; x_wconf 80' lang='lat' dir='ltr'>Hog3</span> <span class='ocrx_word' id='word_1_178' title='bbox 2194 1882 2328 1931; x_wconf 84' lang='lat' dir='ltr'>cum</span> <span class='ocrx_word' id='word_1_179' title='bbox 2361 1863 2495 1922; x_wconf 84' lang='lat' dir='ltr'>aliis</span> <span class='ocrx_word' id='word_1_180' title='bbox 2526 1864 2686 1921; x_wconf 86' lang='lat' dir='ltr'>inter</span> <span class='ocrx_word' id='word_1_181' title='bbox 2712 1881 2911 1921; x_wconf 87' lang='lat' dir='ltr'>rerum</span> <span class='ocrx_word' id='word_1_182' title='bbox 2947 1864 3098 1923; x_wconf 81' lang='lat' dir='ltr'>brit.</span> <span class='ocrx_word' id='word_1_183' title='bbox 3124 1864 3293 1924; x_wconf 88' lang='lat' dir='ltr'>medii</span> 
     </span>
     <span class='ocr_line' id='line_1_18' title="bbox 659 1952 3290 2031; baseline -0.002 -17"><span class='ocrx_word' id='word_1_184' title='bbox 659 1954 1067 2031; x_wconf 87' lang='lat' dir='ltr'>perficiendus,</span> <span class='ocrx_word' id='word_1_185' title='bbox 1114 1954 1322 2012; x_wconf 83' lang='lat' dir='ltr'>Oxonii</span> <span class='ocrx_word' id='word_1_186' title='bbox 1364 1957 1564 2012; x_wconf 91' lang='lat' dir='ltr'>tamen</span> <span class='ocrx_word' id='word_1_187' title='bbox 1610 1952 1943 2028; x_wconf 83' lang='lat' dir='ltr'>promeruit</span> <span class='ocrx_word' id='word_1_188' title='bbox 1996 1955 2126 2012; x_wconf 84' lang='lat' dir='ltr'>aevi</span> <span class='ocrx_word' id='word_1_189' title='bbox 2147 1954 2242 2012; x_wconf 89' lang='lat' dir='ltr'>SS.</span> <span class='ocrx_word' id='word_1_190' title='bbox 2263 1972 2319 2015; x_wconf 95' lang='lat' dir='ltr'>n.</span> <span class='ocrx_word' id='word_1_191' title='bbox 2345 1961 2464 2024; x_wconf 66' lang='grc'><strong>93..</strong></span> <span class='ocrx_word' id='word_1_192' title='bbox 2496 1952 2573 2010; x_wconf 89' lang='lat' dir='ltr'>ib.</span> <span class='ocrx_word' id='word_1_193' title='bbox 2608 1961 2766 2015; x_wconf 83' lang='lat'>1889</span> <span class='ocrx_word' id='word_1_194' title='bbox 2789 1953 2881 2012; x_wconf 89' lang='lat' dir='ltr'>ed.</span> <span class='ocrx_word' id='word_1_195' title='bbox 2903 1953 3013 2011; x_wconf 87' lang='lat' dir='ltr'>Ed.</span> <span class='ocrx_word' id='word_1_196' title='bbox 3034 1954 3290 2013; x_wconf 75' lang='lat' dir='ltr'>Maunde</span> 
     </span>
     <span class='ocr_line' id='line_1_19' title="bbox 659 2038 3290 2124; baseline -0 -22"><span class='ocrx_word' id='word_1_197' title='bbox 659 2044 984 2120; x_wconf 83' lang='lat' dir='ltr'>magisterii</span> <span class='ocrx_word' id='word_1_198' title='bbox 1029 2042 1280 2118; x_wconf 88' lang='lat' dir='ltr'>gradum</span> <span class='ocrx_word' id='word_1_199' title='bbox 1326 2038 1386 2124; x_wconf 88' lang='lat'>(†</span> <span class='ocrx_word' id='word_1_200' title='bbox 1427 2043 1633 2117; x_wconf 84' lang='lat'>1328).</span> <span class='ocrx_word' id='word_1_201' title='bbox 1681 2041 1941 2117; x_wconf 86' lang='lat' dir='ltr'>Insignis</span> <span class='ocrx_word' id='word_1_202' title='bbox 1997 2043 2353 2118; x_wconf 87' lang='lat' dir='ltr'>Thompson.</span> <span class='ocrx_word' id='word_1_203' title='bbox 2414 2074 2504 2084; x_wconf 88' lang='lat'>—</span> <span class='ocrx_word' id='word_1_204' title='bbox 2552 2041 2868 2100; x_wconf 84' lang='lat' dir='ltr'>Thomas</span> <span class='ocrx_word' id='word_1_205' title='bbox 2934 2043 3290 2101; x_wconf 86' lang='lat' dir='ltr'>Chester·</span> 
     </span>
     <span class='ocr_line' id='line_1_20' title="bbox 657 2126 3288 2212; baseline -0 -21"><span class='ocrx_word' id='word_1_206' title='bbox 657 2138 785 2191; x_wconf 89' lang='lat' dir='ltr'>erat</span> <span class='ocrx_word' id='word_1_207' title='bbox 824 2134 1043 2201; x_wconf 88' lang='lat' dir='ltr'>rhetor,</span> <span class='ocrx_word' id='word_1_208' title='bbox 1091 2135 1283 2206; x_wconf 70' lang='lat' dir='ltr'>poeta,</span> <span class='ocrx_word' id='word_1_209' title='bbox 1330 2131 1662 2200; x_wconf 75' lang='lat' dir='ltr'>historicuS,</span> <span class='ocrx_word' id='word_1_210' title='bbox 1712 2132 1939 2189; x_wconf 86' lang='lat' dir='ltr'>mathe·</span> <span class='ocrx_word' id='word_1_211' title='bbox 1996 2131 2158 2190; x_wconf 85' lang='lat' dir='ltr'>feld</span> <span class='ocrx_word' id='word_1_212' title='bbox 2214 2126 2616 2212; x_wconf 85' lang='lat' dir='ltr'>(Ohesterton)</span> <span class='ocrx_word' id='word_1_213' title='bbox 2679 2131 3004 2190; x_wconf 85' lang='lat' dir='ltr'>canonicus</span> <span class='ocrx_word' id='word_1_214' title='bbox 3060 2133 3288 2190; x_wconf 84' lang='lat' dir='ltr'>lichfel-</span> 
     </span>
     <span class='ocr_line' id='line_1_21' title="bbox 657 2214 3288 2303; baseline -0 -22"><span class='ocrx_word' id='word_1_215' title='bbox 657 2222 932 2288; x_wconf 75' lang='lat' dir='ltr'>maticu8‚</span> <span class='ocrx_word' id='word_1_216' title='bbox 950 2221 1339 2296; x_wconf 88' lang='lat' dir='ltr'>philosophus</span> <span class='ocrx_word' id='word_1_217' title='bbox 1358 2224 1419 2278; x_wconf 91' lang='lat' dir='ltr'>et</span> <span class='ocrx_word' id='word_1_218' title='bbox 1437 2221 1751 2297; x_wconf 84' lang='lat' dir='ltr'>theologus</span> <span class='ocrx_word' id='word_1_219' title='bbox 1771 2239 1938 2278; x_wconf 82' lang='lat' dir='ltr'>suae·</span> <span class='ocrx_word' id='word_1_220' title='bbox 1996 2220 2199 2279; x_wconf 88' lang='lat' dir='ltr'>densis</span> <span class='ocrx_word' id='word_1_221' title='bbox 2220 2214 2449 2303; x_wconf 79' lang='lat'>(1347)</span> <span class='ocrx_word' id='word_1_222' title='bbox 2484 2219 2727 2296; x_wconf 87' lang='lat' dir='ltr'>collegit</span> <span class='ocrx_word' id='word_1_223' title='bbox 2756 2222 2964 2278; x_wconf 80' lang='lat' dir='ltr'>seriem</span> <span class='ocrx_word' id='word_1_224' title='bbox 2994 2224 3288 2297; x_wconf 68' lang='lat' dir='ltr'>episeopo·</span> 
     </span>
     <span class='ocr_line' id='line_1_22' title="bbox 657 2308 3288 2385; baseline 0 -16"><span class='ocrx_word' id='word_1_225' title='bbox 657 2329 772 2385; x_wconf 92' lang='lat' dir='ltr'>que</span> <span class='ocrx_word' id='word_1_226' title='bbox 792 2310 1144 2369; x_wconf 83' lang='lat' dir='ltr'>eruditionis</span> <span class='ocrx_word' id='word_1_227' title='bbox 1175 2329 1352 2385; x_wconf 87' lang='lat' dir='ltr'>quam</span> <span class='ocrx_word' id='word_1_228' title='bbox 1373 2310 1663 2385; x_wconf 88' lang='lat' dir='ltr'>plurimos</span> <span class='ocrx_word' id='word_1_229' title='bbox 1684 2308 1943 2367; x_wconf 84' lang='lat' dir='ltr'>ostendit</span> <span class='ocrx_word' id='word_1_230' title='bbox 1994 2328 2131 2368; x_wconf 83' lang='lat' dir='ltr'>rum</span> <span class='ocrx_word' id='word_1_231' title='bbox 2179 2309 2657 2369; x_wconf 83' lang='lat' dir='ltr'>coventrensium</span> <span class='ocrx_word' id='word_1_232' title='bbox 2700 2311 2764 2366; x_wconf 90' lang='lat' dir='ltr'>et</span> <span class='ocrx_word' id='word_1_233' title='bbox 2804 2310 3288 2369; x_wconf 86' lang='lat' dir='ltr'>lichfeldensium</span> 
     </span>
     <span class='ocr_line' id='line_1_23' title="bbox 657 2397 3289 2474; baseline 0 -17"><span class='ocrx_word' id='word_1_234' title='bbox 657 2401 907 2458; x_wconf 77' lang='lat' dir='ltr'>fructuS.</span> <span class='ocrx_word' id='word_1_235' title='bbox 959 2399 1033 2457; x_wconf 87' lang='lat' dir='ltr'>ad</span> <span class='ocrx_word' id='word_1_236' title='bbox 1086 2418 1232 2473; x_wconf 87' lang='lat' dir='ltr'>quos</span> <span class='ocrx_word' id='word_1_237' title='bbox 1283 2397 1718 2474; x_wconf 85' lang='lat' dir='ltr'>componendos</span> <span class='ocrx_word' id='word_1_238' title='bbox 1769 2399 1940 2458; x_wconf 91' lang='lat' dir='ltr'>Ioan-</span> <span class='ocrx_word' id='word_1_239' title='bbox 1996 2399 2227 2474; x_wconf 86' lang='lat' dir='ltr'>adjecta</span> <span class='ocrx_word' id='word_1_240' title='bbox 2257 2399 2514 2457; x_wconf 86' lang='lat' dir='ltr'>historia</span> <span class='ocrx_word' id='word_1_241' title='bbox 2545 2397 2827 2457; x_wconf 85' lang='lat' dir='ltr'>ecclesiae</span> <span class='ocrx_word' id='word_1_242' title='bbox 2859 2399 2933 2457; x_wconf 90' lang='lat' dir='ltr'>ab</span> <span class='ocrx_word' id='word_1_243' title='bbox 2966 2420 3015 2459; x_wconf 90' lang='lat' dir='ltr'>a.</span> <span class='ocrx_word' id='word_1_244' title='bbox 3055 2410 3185 2463; x_wconf 76' lang='grc'>656</span> <span class='ocrx_word' id='word_1_245' title='bbox 3220 2399 3289 2458; x_wconf 80' lang='lat' dir='ltr'>ad</span> 
     </span>
     <span class='ocr_line' id='line_1_24' title="bbox 656 2486 3286 2563; baseline 0.001 -17"><span class='ocrx_word' id='word_1_246' title='bbox 656 2508 762 2547; x_wconf 89' lang='lat' dir='ltr'>nes</span> <span class='ocrx_word' id='word_1_247' title='bbox 808 2488 988 2546; x_wconf 87' lang='lat' dir='ltr'>XXII.</span> <span class='ocrx_word' id='word_1_248' title='bbox 1035 2487 1443 2563; x_wconf 82' lang='lat' dir='ltr'>suppeditavit</span> <span class='ocrx_word' id='word_1_249' title='bbox 1487 2505 1789 2562; x_wconf 79' lang='lat' dir='ltr'>expensas,</span> <span class='ocrx_word' id='word_1_250' title='bbox 1837 2488 1943 2562; x_wconf 83' lang='lat' dir='ltr'>qui</span> <span class='ocrx_word' id='word_1_251' title='bbox 1999 2507 2106 2546; x_wconf 90' lang='lat' dir='ltr'>sua</span> <span class='ocrx_word' id='word_1_252' title='bbox 2128 2493 2410 2563; x_wconf 85' lang='lat' dir='ltr'>tempora,</span> <span class='ocrx_word' id='word_1_253' title='bbox 2443 2506 2623 2562; x_wconf 90' lang='lat' dir='ltr'>quam</span> <span class='ocrx_word' id='word_1_254' title='bbox 2642 2486 2833 2545; x_wconf 84' lang='lat' dir='ltr'>edidit</span> <span class='ocrx_word' id='word_1_255' title='bbox 2855 2488 3153 2548; x_wconf 71' lang='lat' dir='ltr'>What-ton</span> <span class='ocrx_word' id='word_1_256' title='bbox 3176 2493 3286 2547; x_wconf 85' lang='lat' dir='ltr'>An·</span> 
     </span>
     <span class='ocr_line' id='line_1_25' title="bbox 656 2575 3284 2654; baseline 0 -19"><span class='ocrx_word' id='word_1_257' title='bbox 656 2597 870 2653; x_wconf 86' lang='lat' dir='ltr'>magna</span> <span class='ocrx_word' id='word_1_258' title='bbox 901 2597 966 2634; x_wconf 84' lang='lat' dir='ltr'>ex</span> <span class='ocrx_word' id='word_1_259' title='bbox 1002 2581 1171 2650; x_wconf 84' lang='lat' dir='ltr'>parte</span> <span class='ocrx_word' id='word_1_260' title='bbox 1203 2579 1556 2635; x_wconf 88' lang='lat' dir='ltr'>manserunt</span> <span class='ocrx_word' id='word_1_261' title='bbox 1585 2576 1816 2635; x_wconf 88' lang='lat' dir='ltr'>inediti.</span> <span class='ocrx_word' id='word_1_262' title='bbox 1849 2576 1942 2633; x_wconf 84' lang='lat' dir='ltr'>Ita</span> <span class='ocrx_word' id='word_1_263' title='bbox 1996 2578 2151 2654; x_wconf 89' lang='lat' dir='ltr'>gliae</span> <span class='ocrx_word' id='word_1_264' title='bbox 2183 2595 2379 2636; x_wconf 65' lang='lat' dir='ltr'>sactae</span> <span class='ocrx_word' id='word_1_265' title='bbox 2400 2575 2445 2647; x_wconf 88' lang='lat'>1,</span> <span class='ocrx_word' id='word_1_266' title='bbox 2484 2584 2609 2638; x_wconf 85' lang='lat'>423</span> <span class='ocrx_word' id='word_1_267' title='bbox 2632 2593 2707 2638; x_wconf 80' lang='lat' dir='ltr'>ss,</span> <span class='ocrx_word' id='word_1_268' title='bbox 2738 2607 2827 2621; x_wconf 90' lang='lat'>—·-</span> <span class='ocrx_word' id='word_1_269' title='bbox 2850 2577 2943 2634; x_wconf 91' lang='lat' dir='ltr'>Ad</span> <span class='ocrx_word' id='word_1_270' title='bbox 2978 2578 3284 2637; x_wconf 82' lang='lat' dir='ltr'>historiam</span> 
     </span>
     <span class='ocr_line' id='line_1_26' title="bbox 656 2664 3287 2742; baseline 0.001 -17"><span class='ocrx_word' id='word_1_271' title='bbox 656 2666 1076 2725; x_wconf 83' lang='lat' dir='ltr'>commentaria</span> <span class='ocrx_word' id='word_1_272' title='bbox 1104 2666 1168 2725; x_wconf 92' lang='lat' dir='ltr'>in</span> <span class='ocrx_word' id='word_1_273' title='bbox 1197 2666 1401 2742; x_wconf 85' lang='lat' dir='ltr'>plures</span> <span class='ocrx_word' id='word_1_274' title='bbox 1433 2665 1494 2726; x_wconf 90' lang='lat' dir='ltr'>ll.</span> <span class='ocrx_word' id='word_1_275' title='bbox 1520 2665 1584 2723; x_wconf 88' lang='lat' dir='ltr'>V.</span> <span class='ocrx_word' id='word_1_276' title='bbox 1617 2665 1698 2735; x_wconf 91' lang='grc' dir='ltr'><strong>Τ.,</strong></span> <span class='ocrx_word' id='word_1_277' title='bbox 1735 2666 1793 2722; x_wconf 89' lang='lat' dir='ltr'>in</span> <span class='ocrx_word' id='word_1_278' title='bbox 1830 2664 1938 2724; x_wconf 88' lang='lat' dir='ltr'>Ge-</span> <span class='ocrx_word' id='word_1_279' title='bbox 1997 2667 2272 2726; x_wconf 79' lang='lat' dir='ltr'>ecclesiae</span> <span class='ocrx_word' id='word_1_280' title='bbox 2322 2665 2633 2725; x_wconf 88' lang='lat' dir='ltr'>lundensis</span> <span class='ocrx_word' id='word_1_281' title='bbox 2696 2670 2977 2741; x_wconf 86' lang='lat' dir='ltr'>spectant</span> <span class='ocrx_word' id='word_1_282' title='bbox 3041 2671 3287 2727; x_wconf 67' lang='lat' dir='ltr'>actione-s</span> 
     </span>
     <span class='ocr_line' id='line_1_27' title="bbox 657 2750 3282 2832; baseline 0.001 -19"><span class='ocrx_word' id='word_1_283' title='bbox 657 2756 865 2823; x_wconf 81' lang='lat' dir='ltr'>neaim,</span> <span class='ocrx_word' id='word_1_284' title='bbox 921 2755 1202 2824; x_wconf 83' lang='lat' dir='ltr'>Exodum,</span> <span class='ocrx_word' id='word_1_285' title='bbox 1251 2750 1600 2822; x_wconf 84' lang='lat' dir='ltr'>Leviticum,</span> <span class='ocrx_word' id='word_1_286' title='bbox 1655 2755 1713 2811; x_wconf 90' lang='lat'>11.</span> <span class='ocrx_word' id='word_1_287' title='bbox 1763 2756 1936 2813; x_wconf 87' lang='lat' dir='ltr'>Para·</span> <span class='ocrx_word' id='word_1_288' title='bbox 1997 2757 2369 2814; x_wconf 77' lang='lat' dir='ltr'>adversariae</span> <span class='ocrx_word' id='word_1_289' title='bbox 2398 2756 2566 2814; x_wconf 76' lang='lat' dir='ltr'>Erici</span> <span class='ocrx_word' id='word_1_290' title='bbox 2608 2758 2760 2832; x_wconf 72' lang='lat' dir='ltr'>reqis</span> <span class='ocrx_word' id='word_1_291' title='bbox 2804 2756 3041 2815; x_wconf 75' lang='lat' dir='ltr'>Daniae</span> <span class='ocrx_word' id='word_1_292' title='bbox 3086 2767 3141 2816; x_wconf 72' lang='lat' dir='ltr'>et</span> <span class='ocrx_word' id='word_1_293' title='bbox 3183 2758 3282 2816; x_wconf 82' lang='lat' dir='ltr'>Jo-</span> 
     </span>
     <span class='ocr_line' id='line_1_28' title="bbox 657 2843 3283 2922; baseline 0.002 -19"><span class='ocrx_word' id='word_1_294' title='bbox 657 2846 998 2921; x_wconf 89' lang='lat' dir='ltr'>lipomenon</span> <span class='ocrx_word' id='word_1_295' title='bbox 1031 2848 1171 2911; x_wconf 84' lang='lat' dir='ltr'>etc.;</span> <span class='ocrx_word' id='word_1_296' title='bbox 1218 2843 1291 2901; x_wconf 91' lang='lat' dir='ltr'>de</span> <span class='ocrx_word' id='word_1_297' title='bbox 1337 2851 1612 2918; x_wconf 86' lang='lat' dir='ltr'>computo</span> <span class='ocrx_word' id='word_1_298' title='bbox 1644 2844 1939 2902; x_wconf 85' lang='lat' dir='ltr'>Hebraeo·</span> <span class='ocrx_word' id='word_1_299' title='bbox 1997 2848 2172 2904; x_wconf 79' lang='lat' dir='ltr'>annis</span> <span class='ocrx_word' id='word_1_300' title='bbox 2225 2846 2436 2904; x_wconf 80' lang='lat' dir='ltr'>Grand</span> <span class='ocrx_word' id='word_1_301' title='bbox 2495 2845 2916 2922; x_wconf 86' lang='lat' dir='ltr'>archiepiscopi</span> <span class='ocrx_word' id='word_1_302' title='bbox 2980 2847 3283 2906; x_wconf 81' lang='lat' dir='ltr'>lundensis</span> 
     </span>
     <span class='ocr_line' id='line_1_29' title="bbox 655 2931 3281 3011; baseline 0 -20"><span class='ocrx_word' id='word_1_303' title='bbox 655 2954 819 3003; x_wconf 80' lang='lat' dir='ltr'>rum3</span> <span class='ocrx_word' id='word_1_304' title='bbox 855 2936 916 2991; x_wconf 82' lang='lat' dir='ltr'>in</span> <span class='ocrx_word' id='word_1_305' title='bbox 949 2934 1007 2991; x_wconf 82' lang='lat' dir='ltr'>u.</span> <span class='ocrx_word' id='word_1_306' title='bbox 1031 2953 1078 2990; x_wconf 84' lang='lat' dir='ltr'>s.</span> <span class='ocrx_word' id='word_1_307' title='bbox 1103 2935 1418 3008; x_wconf 76' lang='lat' dir='ltr'>Auyustini</span> <span class='ocrx_word' id='word_1_308' title='bbox 1448 2934 1516 2990; x_wconf 81' lang='lat' dir='ltr'>de</span> <span class='ocrx_word' id='word_1_309' title='bbox 1549 2932 1790 2991; x_wconf 77' lang='lat' dir='ltr'>Civitate</span> <span class='ocrx_word' id='word_1_310' title='bbox 1810 2933 1939 3008; x_wconf 79' lang='lat' dir='ltr'>Dei,</span> <span class='ocrx_word' id='word_1_311' title='bbox 1999 2931 2058 3011; x_wconf 93' lang='lat'>(†</span> <span class='ocrx_word' id='word_1_312' title='bbox 2105 2935 2294 3011; x_wconf 86' lang='lat'><strong>1327)</strong></span> <span class='ocrx_word' id='word_1_313' title='bbox 2326 2952 2521 2992; x_wconf 88' lang='lat' dir='ltr'>coram</span> <span class='ocrx_word' id='word_1_314' title='bbox 2553 2933 2716 2993; x_wconf 85' lang='lat' dir='ltr'>curia</span> <span class='ocrx_word' id='word_1_315' title='bbox 2766 2937 2827 2992; x_wconf 90' lang='lat' dir='ltr'>et</span> <span class='ocrx_word' id='word_1_316' title='bbox 2873 2935 3014 2995; x_wconf 88' lang='lat' dir='ltr'>sede</span> <span class='ocrx_word' id='word_1_317' title='bbox 3046 2955 3281 2995; x_wconf 79' lang='lat' dir='ltr'>romana</span> 
     </span>
     <span class='ocr_line' id='line_1_30' title="bbox 656 3021 3279 3100; baseline 0.002 -20"><span class='ocrx_word' id='word_1_318' title='bbox 656 3023 763 3098; x_wconf 91' lang='lat' dir='ltr'>qui</span> <span class='ocrx_word' id='word_1_319' title='bbox 795 3023 1256 3095; x_wconf 88' lang='lat' dir='ltr'>commentarius</span> <span class='ocrx_word' id='word_1_320' title='bbox 1288 3021 1687 3097; x_wconf 84' lang='lat' dir='ltr'>distinguitur</span> <span class='ocrx_word' id='word_1_321' title='bbox 1718 3042 1753 3079; x_wconf 89' lang='lat' dir='ltr'>a</span> <span class='ocrx_word' id='word_1_322' title='bbox 1785 3040 1941 3080; x_wconf 90' lang='lat' dir='ltr'>com·</span> <span class='ocrx_word' id='word_1_323' title='bbox 1997 3024 2313 3082; x_wconf 83' lang='lat' dir='ltr'>institutae</span> <span class='ocrx_word' id='word_1_324' title='bbox 2358 3042 2410 3087; x_wconf 81' lang='lat' dir='ltr'>a.</span> <span class='ocrx_word' id='word_1_325' title='bbox 2470 3031 2842 3097; x_wconf 82' lang='lat'>1296--99,</span> <span class='ocrx_word' id='word_1_326' title='bbox 2895 3044 3048 3100; x_wconf 84' lang='lat' dir='ltr'>quas</span> <span class='ocrx_word' id='word_1_327' title='bbox 3099 3026 3279 3084; x_wconf 78' lang='lat' dir='ltr'>edidit</span> 
     </span>
     <span class='ocr_line' id='line_1_31' title="bbox 655 3107 3275 3191; baseline 0.001 -21"><span class='ocrx_word' id='word_1_328' title='bbox 655 3112 943 3170; x_wconf 76' lang='lat' dir='ltr'>mentatio</span> <span class='ocrx_word' id='word_1_329' title='bbox 959 3111 1213 3169; x_wconf 87' lang='lat' dir='ltr'>Thomae</span> <span class='ocrx_word' id='word_1_330' title='bbox 1231 3110 1544 3169; x_wconf 87' lang='lat' dir='ltr'>Wallensis</span> <span class='ocrx_word' id='word_1_331' title='bbox 1577 3107 1674 3191; x_wconf 84' lang='lat' dir='ltr'>(cf.</span> <span class='ocrx_word' id='word_1_332' title='bbox 1693 3130 1750 3186; x_wconf 92' lang='lat' dir='ltr'>p.</span> <span class='ocrx_word' id='word_1_333' title='bbox 1771 3114 1940 3184; x_wconf 84' lang='grc'>563),</span> <span class='ocrx_word' id='word_1_334' title='bbox 1996 3113 2344 3189; x_wconf 85' lang='lat' dir='ltr'>Langebeck</span> <span class='ocrx_word' id='word_1_335' title='bbox 2372 3114 2532 3170; x_wconf 89' lang='lat' dir='ltr'>inter</span> <span class='ocrx_word' id='word_1_336' title='bbox 2551 3112 2765 3188; x_wconf 84' lang='lat' dir='ltr'>Script.</span> <span class='ocrx_word' id='word_1_337' title='bbox 2786 3132 2901 3175; x_wconf 86' lang='lat' dir='ltr'>rer.</span> <span class='ocrx_word' id='word_1_338' title='bbox 2926 3115 3072 3173; x_wconf 89' lang='lat' dir='ltr'>Dan.</span> <span class='ocrx_word' id='word_1_339' title='bbox 3106 3127 3171 3177; x_wconf 77' lang='grc'><strong>17</strong></span> <span class='ocrx_word' id='word_1_340' title='bbox 3187 3125 3275 3175; x_wconf 62' lang='grc'><strong>86.</strong></span> 
     </span>
     <span class='ocr_line' id='line_1_32' title="bbox 655 3200 2501 3277; baseline 0.001 -19"><span class='ocrx_word' id='word_1_341' title='bbox 655 3201 716 3258; x_wconf 92' lang='lat' dir='ltr'>in</span> <span class='ocrx_word' id='word_1_342' title='bbox 750 3202 975 3277; x_wconf 86' lang='lat' dir='ltr'>priores</span> <span class='ocrx_word' id='word_1_343' title='bbox 1022 3212 1091 3261; x_wconf 89' lang='grc'>10</span> <span class='ocrx_word' id='word_1_344' title='bbox 1115 3200 1176 3261; x_wconf 83' lang='lat' dir='ltr'>ll.</span> <span class='ocrx_word' id='word_1_345' title='bbox 1196 3203 1451 3258; x_wconf 88' lang='lat' dir='ltr'>tantum.</span> <span class='ocrx_word' id='word_1_346' title='bbox 1495 3200 1815 3274; x_wconf 88' lang='lat' dir='ltr'>Nunquam</span> <span class='ocrx_word' id='word_1_347' title='bbox 1847 3200 1939 3258; x_wconf 87' lang='lat' dir='ltr'>in·</span> <span class='ocrx_word' id='word_1_348' title='bbox 1999 3202 2095 3271; x_wconf 90' lang='lat' dir='ltr'>VI,</span> <span class='ocrx_word' id='word_1_349' title='bbox 2134 3210 2501 3264; x_wconf 81' lang='grc'><strong>275--372,</strong></span> 
     </span>
     <span class='ocr_line' id='line_1_33' title="bbox 654 3289 1941 3365; baseline 0 -18"><span class='ocrx_word' id='word_1_350' title='bbox 654 3294 825 3365; x_wconf 88' lang='lat' dir='ltr'>teger</span> <span class='ocrx_word' id='word_1_351' title='bbox 890 3289 1130 3364; x_wconf 90' lang='lat' dir='ltr'>prodiit,</span> <span class='ocrx_word' id='word_1_352' title='bbox 1196 3289 1299 3347; x_wconf 87' lang='lat' dir='ltr'>sed</span> <span class='ocrx_word' id='word_1_353' title='bbox 1359 3308 1427 3347; x_wconf 84' lang='lat' dir='ltr'>ex</span> <span class='ocrx_word' id='word_1_354' title='bbox 1477 3289 1700 3346; x_wconf 83' lang='lat' dir='ltr'>Triveti</span> <span class='ocrx_word' id='word_1_355' title='bbox 1764 3307 1941 3362; x_wconf 89' lang='lat' dir='ltr'>opere</span> 
     </span>
     <span class='ocr_line' id='line_1_34' title="bbox 655 3377 3278 3462; baseline 0.001 -25"><span class='ocrx_word' id='word_1_356' title='bbox 655 3379 1018 3438; x_wconf 78' lang='lat' dir='ltr'>notariorum</span> <span class='ocrx_word' id='word_1_357' title='bbox 1039 3377 1342 3438; x_wconf 90' lang='lat' dir='ltr'>industria</span> <span class='ocrx_word' id='word_1_358' title='bbox 1361 3378 1821 3436; x_wconf 83' lang='lat' dir='ltr'>commentarius</span> <span class='ocrx_word' id='word_1_359' title='bbox 1837 3378 1939 3441; x_wconf 86' lang='lat' dir='ltr'>Th.</span> <span class='ocrx_word' id='word_1_360' title='bbox 2091 3389 2233 3442; x_wconf 89' lang='grc'><strong>299.</strong></span> <span class='ocrx_word' id='word_1_361' title='bbox 2265 3378 2304 3437; x_wconf 85' lang='lat' dir='ltr'><strong>J</strong></span> <span class='ocrx_word' id='word_1_362' title='bbox 2320 3398 2604 3438; x_wconf 86' lang='lat' dir='ltr'>oannes</span> <span class='ocrx_word' id='word_1_363' title='bbox 2634 3380 3098 3440; x_wconf 85' lang='lat' dir='ltr'>Hocsemius</span> <span class='ocrx_word' id='word_1_364' title='bbox 3130 3381 3278 3462; x_wconf 73' lang='lat' dir='ltr'>(itas</span> 
     </span>
     <span class='ocr_line' id='line_1_35' title="bbox 655 3466 3274 3552; baseline 0.001 -27"><span class='ocrx_word' id='word_1_365' title='bbox 655 3468 960 3526; x_wconf 87' lang='lat' dir='ltr'>Wallensis</span> <span class='ocrx_word' id='word_1_366' title='bbox 1007 3468 1338 3543; x_wconf 81' lang='lat' dir='ltr'>completus</span> <span class='ocrx_word' id='word_1_367' title='bbox 1372 3468 1522 3531; x_wconf 81' lang='lat' dir='ltr'>fuit;</span> <span class='ocrx_word' id='word_1_368' title='bbox 1570 3470 1632 3525; x_wconf 87' lang='lat' dir='ltr'>et</span> <span class='ocrx_word' id='word_1_369' title='bbox 1663 3484 1799 3524; x_wconf 91' lang='lat' dir='ltr'>cum</span> <span class='ocrx_word' id='word_1_370' title='bbox 1833 3466 1942 3527; x_wconf 88' lang='lat' dir='ltr'>hoc</span> <span class='ocrx_word' id='word_1_371' title='bbox 1997 3470 2122 3528; x_wconf 88' lang='lat' dir='ltr'>loco</span> <span class='ocrx_word' id='word_1_372' title='bbox 2169 3468 2509 3527; x_wconf 85' lang='lat' dir='ltr'>nativitatis</span> <span class='ocrx_word' id='word_1_373' title='bbox 2559 3468 2623 3526; x_wconf 92' lang='lat' dir='ltr'>in</span> <span class='ocrx_word' id='word_1_374' title='bbox 2668 3468 2875 3545; x_wconf 89' lang='lat' dir='ltr'>Belgio</span> <span class='ocrx_word' id='word_1_375' title='bbox 2920 3468 3274 3552; x_wconf 84' lang='lat' dir='ltr'>appellatus)</span> 
     </span>
     <span class='ocr_line' id='line_1_36' title="bbox 655 3556 3275 3635; baseline 0.001 -19"><span class='ocrx_word' id='word_1_376' title='bbox 655 3558 1086 3633; x_wconf 89' lang='lat' dir='ltr'>complemento</span> <span class='ocrx_word' id='word_1_377' title='bbox 1117 3557 1342 3632; x_wconf 86' lang='lat' dir='ltr'>prodiit</span> <span class='ocrx_word' id='word_1_378' title='bbox 1376 3556 1714 3631; x_wconf 85' lang='lat' dir='ltr'>Moguntiae</span> <span class='ocrx_word' id='word_1_379' title='bbox 1750 3565 1937 3624; x_wconf 80' lang='lat'><strong>1473;</strong></span> <span class='ocrx_word' id='word_1_380' title='bbox 1994 3578 2050 3616; x_wconf 88' lang='lat' dir='ltr'>n.</span> <span class='ocrx_word' id='word_1_381' title='bbox 2090 3566 2276 3621; x_wconf 81' lang='grc'><strong>1278.</strong></span> <span class='ocrx_word' id='word_1_382' title='bbox 2321 3557 2512 3615; x_wconf 84' lang='lat' dir='ltr'>literis</span> <span class='ocrx_word' id='word_1_383' title='bbox 2542 3559 2762 3633; x_wconf 90' lang='lat' dir='ltr'>optime</span> <span class='ocrx_word' id='word_1_384' title='bbox 2802 3558 3124 3618; x_wconf 84' lang='lat' dir='ltr'>institutus</span> <span class='ocrx_word' id='word_1_385' title='bbox 3158 3561 3275 3635; x_wconf 87' lang='lat' dir='ltr'>juri</span> 
     </span>
     <span class='ocr_line' id='line_1_37' title="bbox 653 3645 3272 3722; baseline 0.001 -18"><span class='ocrx_word' id='word_1_386' title='bbox 653 3647 893 3706; x_wconf 76' lang='lat' dir='ltr'>Tolosae</span> <span class='ocrx_word' id='word_1_387' title='bbox 924 3656 1114 3716; x_wconf 69' lang='lat'>14883</span> <span class='ocrx_word' id='word_1_388' title='bbox 1147 3645 1412 3704; x_wconf 86' lang='lat' dir='ltr'>Venetiis</span> <span class='ocrx_word' id='word_1_389' title='bbox 1448 3655 1624 3711; x_wconf 80' lang='grc'><strong>1489,</strong></span> <span class='ocrx_word' id='word_1_390' title='bbox 1659 3645 1937 3721; x_wconf 79' lang='lat' dir='ltr'>Friburgi</span> <span class='ocrx_word' id='word_1_391' title='bbox 1995 3647 2345 3722; x_wconf 89' lang='lat' dir='ltr'>praesertim</span> <span class='ocrx_word' id='word_1_392' title='bbox 2407 3646 2573 3705; x_wconf 89' lang='lat' dir='ltr'>dedit</span> <span class='ocrx_word' id='word_1_393' title='bbox 2620 3665 2873 3722; x_wconf 85' lang='lat' dir='ltr'>operam.</span> <span class='ocrx_word' id='word_1_394' title='bbox 2956 3649 3272 3709; x_wconf 78' lang='lat' dir='ltr'>canonicus</span> 
     </span>
     <span class='ocr_line' id='line_1_38' title="bbox 665 3734 3271 3812; baseline -0.001 -14"><span class='ocrx_word' id='word_1_395' title='bbox 665 3745 858 3798; x_wconf 78' lang='lat'>1494:</span> <span class='ocrx_word' id='word_1_396' title='bbox 910 3755 1039 3794; x_wconf 86' lang='lat' dir='ltr'>cum</span> <span class='ocrx_word' id='word_1_397' title='bbox 1090 3754 1182 3810; x_wconf 90' lang='lat' dir='ltr'>op.</span> <span class='ocrx_word' id='word_1_398' title='bbox 1231 3754 1277 3795; x_wconf 88' lang='lat' dir='ltr'>s.</span> <span class='ocrx_word' id='word_1_399' title='bbox 1314 3734 1640 3810; x_wconf 84' lang='lat' dir='ltr'>Augustini</span> <span class='ocrx_word' id='word_1_400' title='bbox 1675 3735 1938 3793; x_wconf 83' lang='lat' dir='ltr'>Basileae</span> <span class='ocrx_word' id='word_1_401' title='bbox 1994 3736 2188 3794; x_wconf 86' lang='lat' dir='ltr'>factus</span> <span class='ocrx_word' id='word_1_402' title='bbox 2221 3740 2313 3794; x_wconf 80' lang='lat' dir='ltr'>est</span> <span class='ocrx_word' id='word_1_403' title='bbox 2334 3734 2650 3794; x_wconf 89' lang='lat' dir='ltr'>leodiensis</span> <span class='ocrx_word' id='word_1_404' title='bbox 2682 3740 2743 3795; x_wconf 90' lang='lat' dir='ltr'>et</span> <span class='ocrx_word' id='word_1_405' title='bbox 2761 3740 3141 3812; x_wconf 81' lang='lat' dir='ltr'>praepositus</span> <span class='ocrx_word' id='word_1_406' title='bbox 3160 3738 3271 3797; x_wconf 88' lang='lat' dir='ltr'>col-</span> 
     </span>
     <span class='ocr_line' id='line_1_39' title="bbox 663 3823 3271 3904; baseline -0 -18"><span class='ocrx_word' id='word_1_407' title='bbox 663 3836 824 3886; x_wconf 86' lang='lat'>1515</span> <span class='ocrx_word' id='word_1_408' title='bbox 863 3830 968 3886; x_wconf 85' lang='lat' dir='ltr'>etc.</span> <span class='ocrx_word' id='word_1_409' title='bbox 1018 3825 1087 3881; x_wconf 91' lang='lat' dir='ltr'>In</span> <span class='ocrx_word' id='word_1_410' title='bbox 1118 3824 1182 3882; x_wconf 91' lang='lat' dir='ltr'>ll.</span> <span class='ocrx_word' id='word_1_411' title='bbox 1215 3824 1286 3882; x_wconf 88' lang='lat' dir='ltr'>de</span> <span class='ocrx_word' id='word_1_412' title='bbox 1319 3823 1714 3882; x_wconf 75' lang='lat' dir='ltr'>consolatione</span> <span class='ocrx_word' id='word_1_413' title='bbox 1749 3823 1932 3898; x_wconf 89' lang='lat' dir='ltr'>philo·</span> <span class='ocrx_word' id='word_1_414' title='bbox 1995 3825 2247 3900; x_wconf 78' lang='lat' dir='ltr'>legistae</span> <span class='ocrx_word' id='word_1_415' title='bbox 2309 3824 2585 3883; x_wconf 86' lang='lat' dir='ltr'>ecclesiae</span> <span class='ocrx_word' id='word_1_416' title='bbox 2648 3842 2694 3881; x_wconf 91' lang='lat' dir='ltr'>s.</span> <span class='ocrx_word' id='word_1_417' title='bbox 2745 3825 2912 3883; x_wconf 86' lang='lat' dir='ltr'>Petri</span> <span class='ocrx_word' id='word_1_418' title='bbox 2964 3827 3271 3904; x_wconf 85' lang='lat' dir='ltr'>legumque</span> 
     </span>
     <span class='ocr_line' id='line_1_40' title="bbox 654 3912 3271 3990; baseline 0.002 -18"><span class='ocrx_word' id='word_1_419' title='bbox 654 3914 891 3988; x_wconf 80' lang='lat' dir='ltr'>sophiae</span> <span class='ocrx_word' id='word_1_420' title='bbox 913 3912 1144 3970; x_wconf 64' lang='lat' dir='ltr'>Boethii</span> <span class='ocrx_word' id='word_1_421' title='bbox 1181 3913 1614 3979; x_wconf 85' lang='lat' dir='ltr'>commentarii;</span> <span class='ocrx_word' id='word_1_422' title='bbox 1649 3913 1719 3970; x_wconf 81' lang='lat' dir='ltr'>de</span> <span class='ocrx_word' id='word_1_423' title='bbox 1744 3912 1938 3971; x_wconf 86' lang='lat' dir='ltr'>officio</span> <span class='ocrx_word' id='word_1_424' title='bbox 1994 3915 2119 3990; x_wconf 87' lang='lat' dir='ltr'>egit</span> <span class='ocrx_word' id='word_1_425' title='bbox 2150 3913 2554 3989; x_wconf 84' lang='lat' dir='ltr'>professorem.</span> <span class='ocrx_word' id='word_1_426' title='bbox 2603 3913 2747 3972; x_wconf 86' lang='lat' dir='ltr'>Cum</span> <span class='ocrx_word' id='word_1_427' title='bbox 2770 3915 2934 3989; x_wconf 85' lang='lat' dir='ltr'>juris</span> <span class='ocrx_word' id='word_1_428' title='bbox 2965 3915 3271 3976; x_wconf 87' lang='lat' dir='ltr'>admodum</span> 
     </span>
     <span class='ocr_line' id='line_1_41' title="bbox 654 4001 3269 4080; baseline 0.001 -20"><span class='ocrx_word' id='word_1_429' title='bbox 654 4003 869 4060; x_wconf 85' lang='lat' dir='ltr'>missae</span> <span class='ocrx_word' id='word_1_430' title='bbox 904 4003 964 4059; x_wconf 90' lang='lat' dir='ltr'>ll.</span> <span class='ocrx_word' id='word_1_431' title='bbox 1004 4012 1033 4062; x_wconf 75' lang='grc'>7</span> <span class='ocrx_word' id='word_1_432' title='bbox 1075 4020 1180 4059; x_wconf 89' lang='lat' dir='ltr'>seu</span> <span class='ocrx_word' id='word_1_433' title='bbox 1214 4003 1520 4077; x_wconf 89' lang='lat' dir='ltr'>speculum</span> <span class='ocrx_word' id='word_1_434' title='bbox 1555 4001 1933 4069; x_wconf 81' lang='lat' dir='ltr'>sacerdotale,</span> <span class='ocrx_word' id='word_1_435' title='bbox 1994 4008 2150 4061; x_wconf 83' lang='lat' dir='ltr'>esset</span> <span class='ocrx_word' id='word_1_436' title='bbox 2182 4008 2482 4078; x_wconf 81' lang='lat' dir='ltr'>expertus,</span> <span class='ocrx_word' id='word_1_437' title='bbox 2531 4004 2595 4060; x_wconf 93' lang='lat' dir='ltr'>in</span> <span class='ocrx_word' id='word_1_438' title='bbox 2627 4004 2886 4078; x_wconf 88' lang='lat' dir='ltr'>negotiis</span> <span class='ocrx_word' id='word_1_439' title='bbox 2931 4006 3187 4080; x_wconf 85' lang='lat' dir='ltr'>publicis</span> <span class='ocrx_word' id='word_1_440' title='bbox 3215 4009 3269 4063; x_wconf 84' lang='lat' dir='ltr'>et</span> 
     </span>
     <span class='ocr_line' id='line_1_42' title="bbox 653 4090 3268 4171; baseline 0.001 -23"><span class='ocrx_word' id='word_1_441' title='bbox 653 4092 998 4167; x_wconf 87' lang='lat' dir='ltr'>quodlibeta</span> <span class='ocrx_word' id='word_1_442' title='bbox 1029 4091 1373 4167; x_wconf 84' lang='lat' dir='ltr'>theologica.</span> <span class='ocrx_word' id='word_1_443' title='bbox 1423 4092 1680 4148; x_wconf 80' lang='lat' dir='ltr'>Annales</span> <span class='ocrx_word' id='word_1_444' title='bbox 1712 4090 1786 4150; x_wconf 86' lang='lat' dir='ltr'>ab</span> <span class='ocrx_word' id='word_1_445' title='bbox 1820 4090 1936 4148; x_wconf 89' lang='lat' dir='ltr'>ori·</span> <span class='ocrx_word' id='word_1_446' title='bbox 1993 4092 2395 4168; x_wconf 84' lang='lat' dir='ltr'>legationibus</span> <span class='ocrx_word' id='word_1_447' title='bbox 2439 4111 2547 4167; x_wconf 91' lang='lat' dir='ltr'>pro</span> <span class='ocrx_word' id='word_1_448' title='bbox 2580 4093 2734 4150; x_wconf 91' lang='lat' dir='ltr'>bono</span> <span class='ocrx_word' id='word_1_449' title='bbox 2781 4094 3019 4167; x_wconf 87' lang='lat' dir='ltr'>patriae</span> <span class='ocrx_word' id='word_1_450' title='bbox 3050 4095 3268 4171; x_wconf 85' lang='lat' dir='ltr'>saepius</span> 
     </span>
     <span class='ocr_line' id='line_1_43' title="bbox 653 4179 3268 4261; baseline 0.003 -25"><span class='ocrx_word' id='word_1_451' title='bbox 653 4181 791 4256; x_wconf 88' lang='lat' dir='ltr'>gine</span> <span class='ocrx_word' id='word_1_452' title='bbox 839 4179 1044 4238; x_wconf 86' lang='lat' dir='ltr'>mundi</span> <span class='ocrx_word' id='word_1_453' title='bbox 1095 4199 1286 4255; x_wconf 88' lang='lat' dir='ltr'>usque</span> <span class='ocrx_word' id='word_1_454' title='bbox 1336 4180 1409 4238; x_wconf 85' lang='lat' dir='ltr'>ad</span> <span class='ocrx_word' id='word_1_455' title='bbox 1460 4199 1635 4238; x_wconf 80' lang='lat' dir='ltr'>suum</span> <span class='ocrx_word' id='word_1_456' title='bbox 1683 4183 1936 4254; x_wconf 89' lang='lat' dir='ltr'>tempus.</span> <span class='ocrx_word' id='word_1_457' title='bbox 1993 4180 2113 4239; x_wconf 85' lang='lat' dir='ltr'>fuit</span> <span class='ocrx_word' id='word_1_458' title='bbox 2134 4181 2438 4240; x_wconf 84' lang='lat' dir='ltr'>adhibitus</span> <span class='ocrx_word' id='word_1_459' title='bbox 2471 4185 2531 4239; x_wconf 89' lang='lat' dir='ltr'>et</span> <span class='ocrx_word' id='word_1_460' title='bbox 2564 4181 2764 4240; x_wconf 78' lang='lat' dir='ltr'>aviris</span> <span class='ocrx_word' id='word_1_461' title='bbox 2797 4200 3068 4243; x_wconf 87' lang='lat' dir='ltr'>summae</span> <span class='ocrx_word' id='word_1_462' title='bbox 3087 4184 3268 4261; x_wconf 87' lang='lat' dir='ltr'>digui-</span> 
     </span>
     <span class='ocr_line' id='line_1_44' title="bbox 654 4270 3267 4348; baseline 0.001 -20"><span class='ocrx_word' id='word_1_463' title='bbox 654 4271 911 4328; x_wconf 82' lang='lat' dir='ltr'>Annales</span> <span class='ocrx_word' id='word_1_464' title='bbox 955 4288 1153 4345; x_wconf 76' lang='lat' dir='ltr'>reyum</span> <span class='ocrx_word' id='word_1_465' title='bbox 1202 4272 1298 4339; x_wconf 85' lang='lat'>(6)</span> <span class='ocrx_word' id='word_1_466' title='bbox 1350 4270 1593 4344; x_wconf 74' lang='lat' dir='ltr'>Anyliae</span> <span class='ocrx_word' id='word_1_467' title='bbox 1645 4272 1694 4345; x_wconf 84' lang='grc'><strong>(1</strong></span> <span class='ocrx_word' id='word_1_468' title='bbox 1721 4279 1935 4331; x_wconf 84' lang='lat'>136-</span> <span class='ocrx_word' id='word_1_469' title='bbox 1993 4270 2136 4328; x_wconf 85' lang='lat' dir='ltr'>tatis</span> <span class='ocrx_word' id='word_1_470' title='bbox 2187 4271 2517 4329; x_wconf 88' lang='lat' dir='ltr'>consultus.</span> <span class='ocrx_word' id='word_1_471' title='bbox 2586 4271 2891 4346; x_wconf 88' lang='lat' dir='ltr'>Intrepide</span> <span class='ocrx_word' id='word_1_472' title='bbox 2946 4274 3117 4331; x_wconf 79' lang='lat' dir='ltr'>stetit</span> <span class='ocrx_word' id='word_1_473' title='bbox 3172 4290 3267 4348; x_wconf 86' lang='lat' dir='ltr'>pro</span> 
     </span>
     <span class='ocr_line' id='line_1_45' title="bbox 663 4358 3266 4435; baseline -0.001 -14"><span class='ocrx_word' id='word_1_474' title='bbox 663 4359 870 4435; x_wconf 76' lang='lat'>1307),</span> <span class='ocrx_word' id='word_1_475' title='bbox 906 4359 1008 4433; x_wconf 87' lang='lat' dir='ltr'>qui</span> <span class='ocrx_word' id='word_1_476' title='bbox 1039 4379 1072 4416; x_wconf 88' lang='lat' dir='ltr'>a</span> <span class='ocrx_word' id='word_1_477' title='bbox 1092 4359 1408 4417; x_wconf 87' lang='lat' dir='ltr'>comitibus</span> <span class='ocrx_word' id='word_1_478' title='bbox 1430 4358 1939 4433; x_wconf 79' lang='lat' dir='ltr'>andegavensibus</span> <span class='ocrx_word' id='word_1_479' title='bbox 1984 4360 2225 4434; x_wconf 85' lang='lat' dir='ltr'>juribus</span> <span class='ocrx_word' id='word_1_480' title='bbox 2257 4359 2506 4435; x_wconf 88' lang='lat' dir='ltr'>capituli</span> <span class='ocrx_word' id='word_1_481' title='bbox 2552 4363 2612 4417; x_wconf 87' lang='lat' dir='ltr'>et</span> <span class='ocrx_word' id='word_1_482' title='bbox 2652 4378 2760 4434; x_wconf 89' lang='lat' dir='ltr'>pro</span> <span class='ocrx_word' id='word_1_483' title='bbox 2793 4360 2948 4419; x_wconf 91' lang='lat' dir='ltr'>bono</span> <span class='ocrx_word' id='word_1_484' title='bbox 2981 4361 3266 4422; x_wconf 80' lang='lat' dir='ltr'>communi</span> 
     </span>
     <span class='ocr_line' id='line_1_46' title="bbox 654 4445 3265 4528; baseline 0.002 -22"><span class='ocrx_word' id='word_1_485' title='bbox 654 4467 819 4506; x_wconf 86' lang='lat' dir='ltr'>suam</span> <span class='ocrx_word' id='word_1_486' title='bbox 858 4452 1169 4506; x_wconf 82' lang='lat' dir='ltr'>traxerunt</span> <span class='ocrx_word' id='word_1_487' title='bbox 1201 4450 1507 4525; x_wconf 84' lang='lat' dir='ltr'>originem,</span> <span class='ocrx_word' id='word_1_488' title='bbox 1556 4467 1768 4523; x_wconf 86' lang='lat' dir='ltr'>magna</span> <span class='ocrx_word' id='word_1_489' title='bbox 1801 4447 1935 4505; x_wconf 88' lang='lat' dir='ltr'>dili·</span> <span class='ocrx_word' id='word_1_490' title='bbox 1997 4445 2057 4528; x_wconf 86' lang='lat'>(†</span> <span class='ocrx_word' id='word_1_491' title='bbox 2081 4459 2132 4509; x_wconf 82' lang='grc'><strong>2.</strong></span> <span class='ocrx_word' id='word_1_492' title='bbox 2152 4450 2275 4509; x_wconf 85' lang='lat' dir='ltr'>Oct.</span> <span class='ocrx_word' id='word_1_493' title='bbox 2308 4445 2513 4528; x_wconf 83' lang='lat'>1348).</span> <span class='ocrx_word' id='word_1_494' title='bbox 2535 4449 2777 4507; x_wconf 87' lang='lat' dir='ltr'>Praeter</span> <span class='ocrx_word' id='word_1_495' title='bbox 2791 4448 3055 4527; x_wconf 87' lang='lat' dir='ltr'>digitum</span> <span class='ocrx_word' id='word_1_496' title='bbox 3070 4452 3265 4510; x_wconf 88' lang='lat' dir='ltr'>florum</span> 
     </span>
     <span class='ocr_line' id='line_1_47' title="bbox 652 4537 3261 4615; baseline 0.001 -20"><span class='ocrx_word' id='word_1_497' title='bbox 652 4539 856 4613; x_wconf 84' lang='lat' dir='ltr'>gentia</span> <span class='ocrx_word' id='word_1_498' title='bbox 887 4538 1200 4613; x_wconf 81' lang='lat' dir='ltr'>compilati,</span> <span class='ocrx_word' id='word_1_499' title='bbox 1232 4539 1292 4596; x_wconf 87' lang='lat' dir='ltr'>in</span> <span class='ocrx_word' id='word_1_500' title='bbox 1342 4539 1482 4596; x_wconf 88' lang='lat' dir='ltr'>Dac</span> <span class='ocrx_word' id='word_1_501' title='bbox 1501 4537 1700 4595; x_wconf 89' lang='lat' dir='ltr'>herii</span> <span class='ocrx_word' id='word_1_502' title='bbox 1749 4537 1937 4611; x_wconf 86' lang='lat' dir='ltr'>spicil.</span> <span class='ocrx_word' id='word_1_503' title='bbox 1996 4538 2310 4612; x_wconf 83' lang='lat' dir='ltr'>utriusque</span> <span class='ocrx_word' id='word_1_504' title='bbox 2334 4538 2494 4612; x_wconf 86' lang='lat' dir='ltr'>juris</span> <span class='ocrx_word' id='word_1_505' title='bbox 2528 4538 2643 4595; x_wconf 89' lang='lat' dir='ltr'>sub</span> <span class='ocrx_word' id='word_1_506' title='bbox 2663 4537 2869 4597; x_wconf 86' lang='lat' dir='ltr'>ordine</span> <span class='ocrx_word' id='word_1_507' title='bbox 2888 4540 3261 4615; x_wconf 71' lang='lat' dir='ltr'>alphabetico,</span> 
     </span>
     <span class='ocr_line' id='line_1_48' title="bbox 654 4626 3262 4705; baseline 0.001 -21"><span class='ocrx_word' id='word_1_508' title='bbox 654 4626 811 4693; x_wconf 84' lang='lat' dir='ltr'>VIll,</span> <span class='ocrx_word' id='word_1_509' title='bbox 861 4635 1209 4688; x_wconf 79' lang='grc'><strong>411-728</strong></span> <span class='ocrx_word' id='word_1_510' title='bbox 1259 4646 1364 4684; x_wconf 89' lang='lat' dir='ltr'>seu</span> <span class='ocrx_word' id='word_1_511' title='bbox 1409 4630 1450 4684; x_wconf 90' lang='lat' dir='ltr'>t.</span> <span class='ocrx_word' id='word_1_512' title='bbox 1502 4626 1604 4696; x_wconf 89' lang='lat'>111,</span> <span class='ocrx_word' id='word_1_513' title='bbox 1657 4635 1782 4688; x_wconf 84' lang='lat'>230</span> <span class='ocrx_word' id='word_1_514' title='bbox 1829 4644 1936 4693; x_wconf 85' lang='lat' dir='ltr'>SS.;</span> <span class='ocrx_word' id='word_1_515' title='bbox 1996 4632 2056 4684; x_wconf 89' lang='lat' dir='ltr'>et</span> <span class='ocrx_word' id='word_1_516' title='bbox 2102 4627 2273 4685; x_wconf 87' lang='lat' dir='ltr'>flores</span> <span class='ocrx_word' id='word_1_517' title='bbox 2321 4631 2631 4685; x_wconf 88' lang='lat' dir='ltr'>auctorum</span> <span class='ocrx_word' id='word_1_518' title='bbox 2682 4629 2743 4685; x_wconf 91' lang='lat' dir='ltr'>et</span> <span class='ocrx_word' id='word_1_519' title='bbox 2786 4629 3262 4705; x_wconf 85' lang='lat' dir='ltr'>philosophorum</span> 
     </span>
     <span class='ocr_line' id='line_1_49' title="bbox 653 4713 3264 4795; baseline 0 -21"><span class='ocrx_word' id='word_1_520' title='bbox 653 4716 1080 4774; x_wconf 82' lang='lat' dir='ltr'>emendatiores</span> <span class='ocrx_word' id='word_1_521' title='bbox 1130 4734 1268 4774; x_wconf 84' lang='lat' dir='ltr'>cura</span> <span class='ocrx_word' id='word_1_522' title='bbox 1319 4718 1455 4774; x_wconf 84' lang='lat' dir='ltr'>Ant.</span> <span class='ocrx_word' id='word_1_523' title='bbox 1511 4716 1660 4785; x_wconf 84' lang='lat' dir='ltr'>Hall,</span> <span class='ocrx_word' id='word_1_524' title='bbox 1725 4715 1934 4773; x_wconf 82' lang='lat' dir='ltr'>Oxonii</span> <span class='ocrx_word' id='word_1_525' title='bbox 1996 4713 2269 4795; x_wconf 83' lang='lat' dir='ltr'>(inedita)</span> <span class='ocrx_word' id='word_1_526' title='bbox 2315 4718 2588 4775; x_wconf 83' lang='lat' dir='ltr'>accurate</span> <span class='ocrx_word' id='word_1_527' title='bbox 2623 4717 2865 4793; x_wconf 88' lang='lat' dir='ltr'>collegit</span> <span class='ocrx_word' id='word_1_528' title='bbox 2894 4719 3193 4777; x_wconf 77' lang='lat' dir='ltr'>historiam</span> <span class='ocrx_word' id='word_1_529' title='bbox 3220 4724 3264 4775; x_wconf 67' lang='lat' dir='ltr'>et</span> 
     </span>
     <span class='ocr_line' id='line_1_50' title="bbox 667 4804 3257 4888; baseline 0.002 -25"><span class='ocrx_word' id='word_1_530' title='bbox 667 4816 844 4873; x_wconf 81' lang='grc'><strong>1719,</strong></span> <span class='ocrx_word' id='word_1_531' title='bbox 893 4825 1024 4863; x_wconf 87' lang='lat' dir='ltr'>cum</span> <span class='ocrx_word' id='word_1_532' title='bbox 1075 4806 1520 4864; x_wconf 79' lang='lat' dir='ltr'>continuatione</span> <span class='ocrx_word' id='word_1_533' title='bbox 1573 4813 1734 4867; x_wconf 80' lang='lat'><strong>1722</strong></span> <span class='ocrx_word' id='word_1_534' title='bbox 1760 4827 1771 4872; x_wconf 89' lang='lat'><strong>;</strong></span> <span class='ocrx_word' id='word_1_535' title='bbox 1820 4824 1937 4878; x_wconf 87' lang='lat' dir='ltr'>quo</span> <span class='ocrx_word' id='word_1_536' title='bbox 1994 4825 2086 4863; x_wconf 81' lang='lat' dir='ltr'>res</span> <span class='ocrx_word' id='word_1_537' title='bbox 2113 4814 2301 4880; x_wconf 72' lang='lat' dir='ltr'>qestas</span> <span class='ocrx_word' id='word_1_538' title='bbox 2322 4805 2663 4881; x_wconf 79' lang='lat' dir='ltr'>pontificum</span> <span class='ocrx_word' id='word_1_539' title='bbox 2682 4806 3056 4866; x_wconf 73' lang='lat' dir='ltr'>leodiensium</span> <span class='ocrx_word' id='word_1_540' title='bbox 3078 4804 3131 4888; x_wconf 89' lang='lat'>(1</span> <span class='ocrx_word' id='word_1_541' title='bbox 3150 4817 3257 4869; x_wconf 78' lang='lat'>‘246</span> 
     </span>
     <span class='ocr_line' id='line_1_51' title="bbox 653 4892 3259 4975; baseline 0.001 -24"><span class='ocrx_word' id='word_1_542' title='bbox 653 4895 714 4952; x_wconf 91' lang='lat' dir='ltr'>in</span> <span class='ocrx_word' id='word_1_543' title='bbox 762 4914 934 4969; x_wconf 85' lang='lat' dir='ltr'>opere</span> <span class='ocrx_word' id='word_1_544' title='bbox 983 4899 1150 4967; x_wconf 77' lang='lat' dir='ltr'>gesta</span> <span class='ocrx_word' id='word_1_545' title='bbox 1197 4896 1507 4970; x_wconf 74' lang='lat' dir='ltr'>anglicana</span> <span class='ocrx_word' id='word_1_546' title='bbox 1553 4894 1935 4968; x_wconf 81' lang='lat' dir='ltr'>potissimum</span> <span class='ocrx_word' id='word_1_547' title='bbox 1994 4892 2303 4975; x_wconf 81' lang='grc'><strong>-1348),</strong></span> <span class='ocrx_word' id='word_1_548' title='bbox 2349 4913 2501 4970; x_wconf 91' lang='lat' dir='ltr'>opus</span> <span class='ocrx_word' id='word_1_549' title='bbox 2549 4894 2782 4971; x_wconf 88' lang='lat' dir='ltr'>insigne</span> <span class='ocrx_word' id='word_1_550' title='bbox 2828 4899 2890 4954; x_wconf 90' lang='lat' dir='ltr'>et</span> <span class='ocrx_word' id='word_1_551' title='bbox 2935 4898 3259 4973; x_wconf 83' lang='lat' dir='ltr'>pretiosum,</span> 
     </span>
    </p>
   </div>
  </div>
 </body>
</html>
