3475 5364
374 354 401 405 1
419 352 540 406 233
1071 336 1319 390 Joannes
1347 335 1711 403 Pfefferkorn‚
1743 337 2029 392 Arnoldus
2058 335 2270 406 Tungr.
2820 356 2985 409 1234

367 519 1382 597 superstitiOSOS‚fanaticos-Iudaeis
1395 521 1646 595 eripien-
1703 520 1801 579 vir
1834 521 2101 597 alioquin
2132 522 2600 597 spectatissimus
2646 541 2753 597 pro
2785 522 2984 582 defen-

363 609 476 668 dos
541 615 602 667 et
649 609 914 668 Vulcano
976 609 1330 668 tradendos‘
1400 609 1646 668 censuit.
1706 610 1872 668 sione
1887 628 2167 669 censurae
2184 611 2542 688 collegarum
2559 612 2986 671 coloniensium

368 697 561 756 Simul
591 702 791 757 tamen
821 698 886 756 in
918 717 1026 758 suo
1046 716 1331 774 responso
1353 699 1566 758 acriter
1586 699 1650 756 in
1705 698 1841 771 stilo
1876 700 2204 775 tranquillo
2239 703 2300 757 et
2330 700 2509 776 digno
2545 701 2784 776 scripsit
2815 702 2851 759 l.
2873 703 2983 760 Ar-

369 786 736 849 Pfefferkorn
782 786 820 844 l.
861 790 956 845 est
984 788 1286 846 invectus:
1336 807 1454 861 qua
1485 788 1558 847 de
1586 807 1649 846 re
1705 788 1877 847 ticuli
1911 788 2035 847 sive
2057 791 2486 861 propositiones
2517 792 2652 863 (43)
2673 791 2987 864 dejudaico

370 877 464 934 hic
483 876 831 953 indignatus
851 876 1126 953 vulgavit
1154 888 1260 940 151
1288 888 1311 939 1
1347 876 1646 936 libellum:
1699 878 1904 950 favore
1932 878 2110 937 nimis
2126 886 2417 951 suspectae
2432 874 2477 959 ²)
2512 898 2582 937 ex
2614 879 2650 937 1.
2684 880 2986 939 teutonico

368 963 755 1042 Handspieyel
786 1010 798 1021 .
834 1009 847 1022 .
882 1009 894 1021 .
927 965 1113 1024 wider
1157 966 1283 1025 und
1328 986 1521 1043 gegen
1552 965 1648 1024 die
1703 966 1796 1025 Jo.
1845 967 2229 1026 Reuchlin
2280 972 2408 1036 etc„
2471 967 2739 1026 Coloniae
2798 978 2982 1037 1512,

366 1053 566 1121 Juden
613 1054 736 1113 und
780 1054 1110 1114 Judischen
1154 1055 1648 1114 Thalmudischen
1704 1056 1800 1114 cui
1846 1055 2127 1132 opposuit
2170 1056 2283 1116 iste
2328 1056 2668 1115 acerrimam
2733 1057 2982 1115 Vertlzei-

370 1142 683 1212 Schriften,
731 1162 795 1202 so
842 1143 926 1202 sie
972 1145 1123 1202 iiber
1165 1144 1268 1203 das
1313 1144 1649 1203 christliche
1703 1146 1918 1222 diyuny
1947 1163 2138 1222 gegen
2170 1145 2264 1204 die
2296 1145 2640 1204 kolnischen
2679 1145 2985 1205 Verleum·

367 1232 684 1309 Regiment
742 1232 953 1309 singen
1015 1233 1139 1292 und
1187 1233 1367 1304 lesen,
1430 1233 1649 1292 welche
1704 1233 1825 1303 der,
1873 1243 2052 1304 1513,
2085 1234 2462 1310 improperiis
2496 1234 2748 1310 plenam.
2817 1234 2987 1293 Hanc

364 1321 545 1397 billig
577 1322 1049 1392 Gotteslasterer,
1084 1323 1295 1380 Ketzer
1315 1322 1438 1382 und
1459 1323 1646 1381 Aber·
1703 1323 1779 1401 oh
1813 1342 1983 1393 suam
2001 1323 2476 1382 maledicentiam
2497 1324 2825 1399 imperator
2842 1342 2986 1400 sup·

366 1410 618 1485 glauber
679 1410 782 1469 des
844 1412 1022 1481 alten,
1086 1430 1291 1470 newen
1353 1412 1478 1470 und
1541 1406 1645 1470 des
1702 1430 1965 1487 pressam
2026 1412 2217 1471 voluit
2277 1413 2526 1488 ejusque
2575 1412 2985 1471 venditionem

368 1499 1021 1561 natiirlichenGesetzes
1033 1500 1645 1577 gezehlet‚geheissen‚
1704 1501 2030 1576 prohibuit.
2064 1501 2337 1560 Ceterum
2379 1503 2440 1560 et
2473 1502 2784 1560 facultates
2819 1502 2984 1561 lova-

366 1588 714 1647 verthumbt
729 1589 1646 1667 undabgethanwerdenmogen:
1702 1590 1943 1660 niensiS,
1978 1590 2347 1666 moguntina,
2382 1590 2760 1650 erfordiensis
2792 1594 2852 1648 et
2882 1610 2984 1666 pa-

362 1677 579 1735 darum
614 1678 735 1736 sich
757 1677 972 1737 etliche
991 1679 1262 1745 Christen
1280 1697 1471 1755 gegen
1490 1680 1646 1737 mich
1703 1679 1967 1738 risiensis
2000 1679 2313 1738 Reuchlini
2347 1680 2382 1737 1.
2417 1680 2858 1756 Augenspiegel
2890 1699 2982 1738 re-

368 1769 585 1835 setzen,
664 1767 974 1825 ansechten
1036 1768 1232 1827 solche
1281 1768 1515 1827 Articul
1575 1788 1648 1827 zu
1701 1769 2051 1843 probarunt,
2086 1769 2486 1828 Hochstraten
2518 1787 2659 1827 vero
2692 1768 2985 1846 generalis

364 1854 758 1931 widerlegem
781 1856 1072 1933 dargegen
1095 1858 1190 1915 ich
1209 1860 1502 1916 antworte
1525 1857 1648 1916 und
1702 1856 1841 1916 fidei
1871 1858 2196 1933 inquisitor
2228 1876 2455 1916 causam
2492 1857 2556 1915 in
2588 1877 2725 1916 eum
2756 1859 2983 1916 instru-

366 1944 477 2002 mit
509 1944 935 2005 bescheidenen
967 1946 1166 2011 Redeu
1199 1946 1466 2023 abgelost
1497 1946 1644 2006 hab:
1701 1946 1805 2004 xit.
1839 1946 2199 2005 Reuchlinus
2234 1946 2475 2005 interim
2496 1946 2823 2022 appellavit
2838 1946 2982 2005 Leo·

366 2033 430 2093 in
463 2052 581 2108 quo
611 2034 1129 2094 vehementissime
1162 2036 1226 2093 in
1256 2035 1645 2094 Reuchlinum
1703 2054 1835 2094 uem
1884 2036 1968 2103 X.‚
2022 2036 2127 2111 qui
2176 2054 2416 2094 causam
2466 2036 2687 2093 detulit
2738 2036 2985 2112 Georgio

365 2122 705 2181 invehitur:
757 2126 820 2182 et
850 2124 933 2182 sic
964 2127 1096 2182 orta
1126 2132 1216 2182 est
1247 2125 1648 2184 controversia
1702 2125 1979 2200 episcopo
2023 2124 2297 2200 spirensi,
2346 2125 2442 2183 hic
2473 2125 2730 2184 Thomae
2761 2125 2981 2184 Truch-

364 2229 486 2271 non
518 2212 794 2281 literaria,
830 2213 933 2271 sed
965 2214 1195 2272 nullius
1246 2214 1438 2290 frugis
1470 2214 1648 2289 plena
1702 2232 1827 2271 sess
1858 2214 2155 2283 canonicO,
2189 2214 2498 2272 Beuchlini
2531 2213 2843 2289 discipu10,
2882 2214 2987 2288 qui

365 2300 505 2358 bilis
521 2303 580 2358 et
594 2301 971 2376 injuriarum.
1003 2302 1211 2378 Neque
1240 2303 1398 2361 enim
1415 2303 1644 2363 Reuch·
1700 2302 1764 2359 in
1796 2302 2068 2378 magistri
2086 2303 2182 2361 sui
2196 2304 2455 2362 favorem
2474 2303 2830 2361 sententiam
2847 2320 2984 2378 pro·

365 2388 525 2449 linus
559 2390 777 2449 tacuit:
812 2392 1082 2466 reposuit
1107 2391 1272 2450 nulla
1293 2392 1647 2468 interposita
1701 2391 1860 2449 tulit.
1906 2392 2014 2450 Sed
2048 2394 2110 2449 et
2140 2391 2540 2450 Hochstraten
2572 2392 2813 2450 Romam
2849 2410 2982 2468 pro—

363 2498 528 2538 mora
558 2478 827 2538 libellum
857 2480 983 2538 viro
1014 2482 1183 2540 docto
1215 2480 1533 2558 indignum
1551 2481 1642 2539 in·
1701 2480 1941 2540 vocavit.
2008 2479 2287 2548 Quamvis
2348 2499 2489 2540 vero
2537 2481 2777 2540 Carolus
2840 2482 2983 2539 tunc

364 2567 654 2643 scriptum
674 2571 1103 2647 Auqenspieyel,
1132 2580 1318 2641 1511,
1359 2570 1464 2646 qui
1480 2570 1642 2628 dela·
1700 2569 1986 2628 archidux
2018 2587 2254 2628 causam
2287 2573 2547 2646 urgeret,
2581 2572 2652 2628 ut
2685 2570 2984 2628 sententia

363 2661 467 2715 tus
517 2657 635 2717 fuit
684 2658 757 2716 ad
816 2659 1330 2736 archiepiscopum
1391 2678 1645 2738 mogun·
1699 2657 1773 2717 de
1806 2659 1914 2718 hoc
1945 2659 2183 2736 negotio
2217 2658 2598 2735 proferretur,
2650 2678 2725 2718 ne
2758 2658 2979 2717 malum
3055 2672 3060 2677 ·

361 2747 591 2805 tinum:
627 2746 993 2809 Pfefferkorn
1021 2769 1160 2809 vero
1182 2749 1368 2808 edidit
1400 2750 1644 2808 Brand-
1701 2747 1885 2808 latius
1907 2752 2188 2825 serperet,
2211 2750 2509 2808 sententia
2526 2751 2670 2807 tunc
2689 2748 2855 2807 nulla
2870 2749 2984 2807 fuit

363 2837 569 2913 spieqel
604 2831 680 2919 (a.
726 2835 932 2920 1512).
986 2839 1476 2915 Archiepiscopus
1508 2858 1643 2897 exa·
1701 2836 1840 2896 lata.
1903 2838 2156 2896 Interim
2221 2838 2616 2897 Hochstraten
2685 2838 2984 2897 Erroneas

364 2943 500 2983 men
532 2926 835 2986 commisit
877 2927 1024 2987 viris
1070 2927 1428 2987 doctissimis
1460 2927 1644 2986 facul·
1700 2928 2040 2985 assertiones
2099 2927 2162 2986 in
2224 2927 2447 2986 oculari
2510 2926 2747 3002 speculo
2809 2926 2863 2984 J.
2918 2928 2981 2984 R.

360 3014 506 3072 tatis
538 3014 907 3086 coloniensiS,
940 3017 1045 3092 qui
1060 3017 1236 3092 plura
1254 3017 1316 3074 in
1336 3016 1645 3076 Reuchlini
1701 3016 1972 3091 publicae
2006 3016 2124 3074 luci
2158 3016 2469 3093 proposuit
2501 3016 2563 3073 in
2585 3015 2786 3074 libello
2814 3026 2978 3078 1517

363 3103 401 3159 1.
435 3120 686 3161 censura
704 3103 886 3180 digna
904 3109 1272 3181 repererunt,
1309 3125 1488 3180 super
1509 3105 1645 3179 qui·
1700 3105 1877 3175 edito,
1912 3107 1973 3163 et
2006 3106 2151 3164 duas
2184 3107 2481 3183 apoloqias
2501 3104 2770 3163 Coloniae
2796 3115 2983 3168 1518.

362 3191 479 3249 bus
513 3192 585 3248 ab
602 3209 669 3249 eo
685 3192 949 3251 modeste
980 3194 1301 3268 petierunt,
1334 3198 1404 3252 ut
1420 3195 1643 3269 scripto
1709 3203 1893 3255 1519.
1942 3193 2226 3252 adversus
2273 3194 2677 3253 Hermannum
2708 3194 2983 3252 comitem

366 3279 548 3336 latius
581 3283 840 3338 mentem
886 3299 1053 3340 suam
1101 3281 1425 3340 develando
1457 3283 1644 3340 facul·
1700 3280 1772 3339 de
1804 3282 2076 3339 Neuenar
2121 3282 2365 3357 capituli
2413 3281 2766 3341 coloniensis
2812 3302 2980 3359 prae·

361 3369 545 3426 tatem
625 3369 1013 3446 theologicam
1103 3369 1451 3428 informaret
1541 3373 1646 3428 aut
1700 3369 1964 3443 positum
1999 3369 2309 3428 Reuchlini
2357 3369 2722 3429 defensorem
2735 3367 2804 3450 Β).
2868 3372 2982 3429 De-

359 3457 632 3532 exemplo
668 3458 912 3523 humilis
935 3464 997 3517 et
1015 3458 1298 3535 sapientis
1316 3459 1644 3535 Augustini

364 3545 721 3620 palinodiam
753 3548 1044 3606 cantando
1075 3550 1439 3606 retractaret.
1492 3546 1645 3607 Hinc

363 3635 608 3693 immani
639 3636 728 3694 ira
747 3656 1059 3713 aggressus
1092 3640 1182 3696 est
1214 3637 1526 3713 theologos
1548 3654 1643 3695 co-

1701 3609 2172 3664 schichtsvereins
2207 3610 2321 3676 Vn,
2349 3614 2490 3680 260).
2542 3610 2676 3664 Fuit
2715 3610 2812 3662 diu
2842 3610 2982 3664 Lau·

1700 3681 1996 3738 rentianae
2013 3681 2238 3735 scholae
2256 3681 2451 3736 Leodii
2469 3697 2667 3750 regens
2684 3685 2742 3734 et
2756 3682 2985 3735 canoni-

362 3723 657 3786 lonienses
710 3744 862 3784 novo
911 3726 1115 3786 libello
1164 3725 1643 3802 germaniceTii-

363 3812 577 3890 bingae
606 3824 768 3877 1512
805 3815 982 3884 edito,
1016 3816 1077 3874 in
1110 3835 1228 3891 quo
1249 3815 1452 3884 ,fusius
1485 3815 1643 3874 evol-

366 3902 453 3959 vit
484 3922 572 3973 ea,
606 3923 758 3979 quae
788 3905 851 3963 in
883 3905 1065 3981 priori
1084 3905 1284 3963 libello
1305 3905 1429 3980 jam
1462 3905 1642 3979 scrip·

360 3996 538 4050 serat.
575 3992 831 4060 QuareA
849 4013 935 4052 rn
952 3994 1133 4053 oldu
1153 4013 1180 4053 s
1214 3993 1578 4070 Tungrensis
1595 3988 1642 4074 ²)

443 4181 477 4245 ι)
507 4180 890 4233 Arnoldus
917 4179 1255 4248 Luydius
1280 4180 1550 4304 gaLude)‚
1573 4182 1646 4235 ab

290 4313 298 4320 ·
358 4249 501 4301 urbe
538 4250 724 4317 patria
764 4251 808 4303 T
826 4269 861 4304 u
880 4269 915 4303 n
932 4269 971 4320 g
987 4269 1014 4304 r
1030 4269 1057 4304 e
1075 4270 1110 4305 n
1128 4252 1230 4304 sis
1321 4253 1486 4314 ictuS‚
1538 4251 1645 4305 ori-

360 4318 495 4441 gine
524 4319 639 4373 fuit
666 4321 1036 4377 Coloniensis.
1088 4323 1142 4383 S,
1172 4323 1496 4393 theologiae
1523 4328 1647 4377 era-t

358 4406 381 4440 (
403 4397 558 4444 octor
599 4394 656 4445 et
699 4394 884 4461 ..apud
916 4393 1210 4448 Coloniam
1251 4393 1493 4462 insignis
1520 4411 1645 4464 pro·

362 4461 554 4525 sessor,
583 4463 735 4517 fama
762 4465 1055 4518 doctrinae
1100 4481 1236 4519 suae
1264 4465 1521 4533 undique
1550 4483 1644 4520 no·

358 4534 469 4588 tus.
500 4533 716 4604 quippe
745 4535 845 4603 qui
872 4536 1211 4589 eruditionis
1252 4553 1387 4590 suae
1429 4537 1645 4606 magni-

360 4604 561 4656 tudine
611 4611 669 4658 et
719 4606 1065 4661 christianae
1112 4607 1241 4661 fidei
1268 4608 1386 4661 zelo
1431 4607 1642 4661 almam

361 4674 521 4731 illam
563 4676 976 4732 coloniensium
1015 4679 1445 4733 universitatem
1494 4685 1645 4749 mag-

1699 3770 1800 3806 cus
1818 3752 1972 3805 aedis
1991 3753 2464 3822 metropolitanae
2484 3761 2529 3816 (†
2544 3755 2628 3809 28.
2645 3755 2792 3822 Aug.
2807 3756 2983 3821 1540).

1700 3822 1960 3892 Reliquit
2003 3839 2147 3893 opus
2187 3825 2390 3894 ingens
2431 3824 2879 3892 praelectionum
2922 3822 2983 3877 in

1699 3895 1981 3951 Joannem
2022 3897 2080 3949 et
2122 3895 2183 3948 in
2211 3895 2312 3948 Ev.
2342 3895 2615 3948 Matthaei
2643 3894 2983 3964 (ineditum),

1701 3970 1760 4022 et
1783 3965 1822 4021 l.
1849 3970 1910 4020 de
1937 3971 2255 4022 invocatione
2282 3969 2374 4021 SS.
2403 3969 2601 4020 contra
2629 3966 2984 4020 Lutheranos

1700 4040 2042 4110 (germanice
2091 4037 2315 4108 Lipsiae
2347 4042 2502 4096 1536.

1782 4116 1815 4174 1)
1843 4110 2024 4164 Secun
2072 4128 2167 4164 um
2209 4105 2642 4163 Hartzheim
2683 4127 2738 4178 p.
2764 4114 2834 4165 25
2875 4110 2985 4162 tria

1700 4181 1914 4250 scripta
1938 4180 2042 4234 hac
2068 4181 2129 4234 iu
2158 4198 2329 4235 causa
2366 4179 2713 4235 elaboravit:
2758 4184 2850 4234 Tr.
2892 4201 2984 4235 ar-

1700 4257 1986 4307 ticulorum
2025 4271 2114 4306 seu
2149 4257 2578 4320 propositionum
2621 4255 2756 4305 male
2792 4271 2983 4306 sonan·

1699 4330 1832 4381 tium
1862 4329 1968 4389 (43)
1998 4324 2066 4376 de
2095 4325 2130 4377 1.
2149 4325 2240 4378 cui
2258 4324 2488 4393 Speculi
2510 4323 2757 4377 ocularis
2775 4323 2985 4377 titulus

1701 4397 2115 4453 extractorumz
2146 4397 2216 4453 tr.
2239 4400 2667 4464 propositionum
2695 4398 2983 4462 alphabeti-

1700 4486 1887 4521 carum
1939 4469 2138 4520 contra
2184 4467 2432 4520 Judaeos
2483 4468 2541 4518 et
2585 4464 2983 4536 blasphemum

1700 4554 1896 4592 eorum
1923 4538 2198 4597 Talmud;
2227 4542 2520 4606 Re²ponsio
2549 4537 2619 4589 ad
2648 4540 2985 4606 argumenta

1700 4613 1810 4674 (50)
1874 4609 1943 4661 de
2007 4608 2201 4662 libello
2265 4607 2702 4674 consultationis
2765 4607 2830 4660 D.
2893 4608 2925 4661 J
2932 4626 2981 4663 0.

1702 4680 1750 4733 R
1765 4697 1794 4733 e
1815 4699 1849 4733 u
1868 4680 1984 4732 chl
2005 4679 2077 4732 in
2106 4683 2351 4750 sumpta,
2380 4697 2527 4747 quae
2545 4679 2885 4749 prodierunt
2899 4697 2985 4732 eo-

360 4746 525 4802 nifice
568 4747 673 4801 hoc
714 4752 968 4820 tempore
1011 4753 1203 4804 nostro
1246 4749 1547 4822 illustratg·
1580 4755 1646 4803 ut
1700 4751 1830 4804 dem
1857 4769 1907 4804 a.
1936 4755 2075 4806 1512
2105 4752 2389 4805 Coloniae.

356 4818 557 4872 scribit
596 4819 923 4874 humanista
961 4822 1047 4876 ιῙο.
1076 4821 1389 4875 Buitzbach
1417 4824 1645 4893 (Aucta-

1775 4827 1816 4893 2)
1847 4823 1912 4877 Η.
1959 4839 2145 4876 comes
2199 4824 2268 4876 de
2316 4823 2660 4877 Neuenar
2715 4823 2987 4874 laudatur

358 4889 506 4943 rium
561 4891 622 4943 in
674 4891 941 4946 Zeitschr.
995 4893 1091 4947 des
1146 4893 1493 4962 Bergischen⁴
1542 4893 1643 4948 Ge·
1698 4893 1960 4962 alioquin
1999 4894 2071 4947 ab
2110 4893 2444 4948 eruditione.
2489 4893 2589 4945 Vir
2629 4892 2983 4946 literatorum
