<?xml version="1.0" encoding="UTF-8"?>
<!DOCTYPE html PUBLIC "-//W3C//DTD XHTML 1.0 Transitional//EN"
    "http://www.w3.org/TR/xhtml1/DTD/xhtml1-transitional.dtd">
<html xmlns="http://www.w3.org/1999/xhtml" xml:lang="en" lang="en">
 <head>
  <title>
</title>
<meta http-equiv="Content-Type" content="text/html;charset=utf-8" />
  <meta name='ocr-system' content='tesseract 3.04.00' />
  <meta name='ocr-capabilities' content='ocr_page ocr_carea ocr_par ocr_line ocrx_word'/>
</head>
<body>
  <div class='ocr_page' id='page_1' title='image "./nomenclatorlite10hurtgoog_0357.png"; bbox 0 0 3475 5364; ppageno 0'>
   <div class='ocr_carea' id='block_1_1' title="bbox 150 378 2807 737">
    <p class='ocr_par' dir='ltr' id='par_1_1' title="bbox 150 378 2807 737">
     <span class='ocr_line' id='line_1_1' title="bbox 150 378 2798 453; baseline -0 -16"><span class='ocrx_word' id='word_1_1' title='bbox 150 400 270 451; x_wconf 71' lang='lat'>529</span> <span class='ocrx_word' id='word_1_2' title='bbox 555 381 944 437; x_wconf 84' lang='lat' dir='ltr'>Sententiarii.</span> <span class='ocrx_word' id='word_1_3' title='bbox 971 381 1025 438; x_wconf 89' lang='lat' dir='ltr'>S.</span> <span class='ocrx_word' id='word_1_4' title='bbox 1052 381 1254 436; x_wconf 86' lang='lat' dir='ltr'>Petrus</span> <span class='ocrx_word' id='word_1_5' title='bbox 1281 381 1543 445; x_wconf 79' lang='lat' dir='ltr'><strong>Thomas,</strong></span> <span class='ocrx_word' id='word_1_6' title='bbox 1570 379 1640 433; x_wconf 89' lang='lat' dir='ltr'>de</span> <span class='ocrx_word' id='word_1_7' title='bbox 1667 378 1915 445; x_wconf 85' lang='lat' dir='ltr'>Ceffona,</span> <span class='ocrx_word' id='word_1_8' title='bbox 1943 378 2267 434; x_wconf 83' lang='lat' dir='ltr'>Buridanus</span> <span class='ocrx_word' id='word_1_9' title='bbox 2297 381 2403 437; x_wconf 87' lang='lat' dir='ltr'>etc.</span> <span class='ocrx_word' id='word_1_10' title='bbox 2676 399 2710 448; x_wconf 72' lang='grc'><strong>6</strong></span> <span class='ocrx_word' id='word_1_11' title='bbox 2720 398 2798 453; x_wconf 84' lang='lat'>30</span> 
     </span>
     <span class='ocr_line' id='line_1_2' title="bbox 153 562 2807 651; baseline -0 -26"><span class='ocrx_word' id='word_1_12' title='bbox 153 570 194 625; x_wconf 91' lang='lat' dir='ltr'>P</span> <span class='ocrx_word' id='word_1_13' title='bbox 206 587 238 625; x_wconf 93' lang='lat' dir='ltr'>e</span> <span class='ocrx_word' id='word_1_14' title='bbox 252 571 282 626; x_wconf 89' lang='lat' dir='ltr'>t</span> <span class='ocrx_word' id='word_1_15' title='bbox 295 588 327 625; x_wconf 92' lang='lat' dir='ltr'>r</span> <span class='ocrx_word' id='word_1_16' title='bbox 341 569 381 626; x_wconf 85' lang='lat' dir='ltr'>i·</span> <span class='ocrx_word' id='word_1_17' title='bbox 397 568 488 627; x_wconf 76' lang='lat' dir='ltr'>de,</span> <span class='ocrx_word' id='word_1_18' title='bbox 507 568 563 625; x_wconf 88' lang='lat' dir='ltr'>P</span> <span class='ocrx_word' id='word_1_19' title='bbox 579 587 611 626; x_wconf 90' lang='lat' dir='ltr'>e</span> <span class='ocrx_word' id='word_1_20' title='bbox 625 587 657 625; x_wconf 89' lang='lat' dir='ltr'>r</span> <span class='ocrx_word' id='word_1_21' title='bbox 669 588 709 644; x_wconf 91' lang='lat' dir='ltr'>p</span> <span class='ocrx_word' id='word_1_22' title='bbox 725 568 803 625; x_wconf 90' lang='lat' dir='ltr'>in</span> <span class='ocrx_word' id='word_1_23' title='bbox 818 569 838 624; x_wconf 95' lang='lat' dir='ltr'>i</span> <span class='ocrx_word' id='word_1_24' title='bbox 853 587 941 626; x_wconf 89' lang='lat' dir='ltr'>an</span> <span class='ocrx_word' id='word_1_25' title='bbox 957 585 990 625; x_wconf 97' lang='lat' dir='ltr'>o</span> <span class='ocrx_word' id='word_1_26' title='bbox 1023 562 1085 651; x_wconf 88' lang='lat' dir='ltr'>(a</span> <span class='ocrx_word' id='word_1_27' title='bbox 1104 567 1293 644; x_wconf 87' lang='lat' dir='ltr'>patrio</span> <span class='ocrx_word' id='word_1_28' title='bbox 1315 563 1463 645; x_wconf 92' lang='lat' dir='ltr'>solo)</span> <span class='ocrx_word' id='word_1_29' title='bbox 1519 567 1688 628; x_wconf 87' lang='lat' dir='ltr'>teret.</span> <span class='ocrx_word' id='word_1_30' title='bbox 1739 565 1854 634; x_wconf 84' lang='lat' dir='ltr'>Qui</span> <span class='ocrx_word' id='word_1_31' title='bbox 1897 568 2170 644; x_wconf 86' lang='lat' dir='ltr'>prompto</span> <span class='ocrx_word' id='word_1_32' title='bbox 2214 565 2411 624; x_wconf 89' lang='lat' dir='ltr'>animo</span> <span class='ocrx_word' id='word_1_33' title='bbox 2457 565 2585 624; x_wconf 89' lang='lat' dir='ltr'>iens</span> <span class='ocrx_word' id='word_1_34' title='bbox 2630 572 2692 624; x_wconf 90' lang='lat' dir='ltr'>et</span> <span class='ocrx_word' id='word_1_35' title='bbox 2733 565 2807 624; x_wconf 89' lang='lat' dir='ltr'>ad</span> 
     </span>
     <span class='ocr_line' id='line_1_3' title="bbox 155 653 2806 737; baseline -0.001 -21"><span class='ocrx_word' id='word_1_36' title='bbox 155 659 568 734; x_wconf 84' lang='lat' dir='ltr'>cognomento</span> <span class='ocrx_word' id='word_1_37' title='bbox 589 657 821 716; x_wconf 89' lang='lat' dir='ltr'>Bimes</span> <span class='ocrx_word' id='word_1_38' title='bbox 842 653 939 737; x_wconf 89' lang='lat' dir='ltr'>(de</span> <span class='ocrx_word' id='word_1_39' title='bbox 955 657 1115 727; x_wconf 85' lang='lat' dir='ltr'>Riv0,</span> <span class='ocrx_word' id='word_1_40' title='bbox 1134 657 1266 726; x_wconf 89' lang='lat' dir='ltr'>Biu,</span> <span class='ocrx_word' id='word_1_41' title='bbox 1286 656 1463 735; x_wconf 81' lang='lat' dir='ltr'>Bimi)</span> <span class='ocrx_word' id='word_1_42' title='bbox 1519 655 1749 714; x_wconf 87' lang='lat' dir='ltr'>dictum</span> <span class='ocrx_word' id='word_1_43' title='bbox 1771 674 2023 732; x_wconf 89' lang='lat' dir='ltr'>regnum</span> <span class='ocrx_word' id='word_1_44' title='bbox 2038 655 2390 732; x_wconf 77' lang='lat' dir='ltr'>perveniens</span> <span class='ocrx_word' id='word_1_45' title='bbox 2410 673 2587 730; x_wconf 86' lang='lat' dir='ltr'>quam</span> <span class='ocrx_word' id='word_1_46' title='bbox 2604 656 2806 732; x_wconf 90' lang='lat' dir='ltr'>plures</span> 
     </span>
    </p>
   </div>
   <div class='ocr_carea' id='block_1_2' title="bbox 158 743 2809 823">
    <p class='ocr_par' dir='ltr' id='par_1_2' title="bbox 158 743 2809 823">
     <span class='ocr_line' id='line_1_4' title="bbox 158 743 2809 823; baseline -0.002 -17"><span class='ocrx_word' id='word_1_47' title='bbox 158 747 444 814; x_wconf 79' lang='lat' dir='ltr'>catalani,</span> <span class='ocrx_word' id='word_1_48' title='bbox 468 746 829 823; x_wconf 70' lang='lat' dir='ltr'>parisiensis</span> <span class='ocrx_word' id='word_1_49' title='bbox 849 745 1175 805; x_wconf 78' lang='lat' dir='ltr'>academiae</span> <span class='ocrx_word' id='word_1_50' title='bbox 1192 745 1464 815; x_wconf 84' lang='lat' dir='ltr'>doctoris,</span> <span class='ocrx_word' id='word_1_51' title='bbox 1519 747 1729 821; x_wconf 88' lang='lat' dir='ltr'>gentes</span> <span class='ocrx_word' id='word_1_52' title='bbox 1776 745 2103 821; x_wconf 85' lang='lat' dir='ltr'>baptizavit</span> <span class='ocrx_word' id='word_1_53' title='bbox 2145 749 2207 804; x_wconf 84' lang='lat' dir='ltr'>et</span> <span class='ocrx_word' id='word_1_54' title='bbox 2252 744 2322 802; x_wconf 89' lang='lat' dir='ltr'>ad</span> <span class='ocrx_word' id='word_1_55' title='bbox 2370 743 2545 802; x_wconf 87' lang='lat' dir='ltr'>fidem</span> <span class='ocrx_word' id='word_1_56' title='bbox 2588 744 2809 803; x_wconf 82' lang='lat' dir='ltr'>Christi</span> 
     </span>
    </p>
   </div>
   <div class='ocr_carea' id='block_1_3' title="bbox 157 834 1463 912">
    <p class='ocr_par' dir='ltr' id='par_1_3' title="bbox 157 834 1463 912">
     <span class='ocr_line' id='line_1_5' title="bbox 157 834 1463 912; baseline -0.001 -18"><span class='ocrx_word' id='word_1_57' title='bbox 157 836 254 912; x_wconf 84' lang='lat' dir='ltr'>qui</span> <span class='ocrx_word' id='word_1_58' title='bbox 271 836 537 911; x_wconf 78' lang='lat' dir='ltr'>scripsit</span> <span class='ocrx_word' id='word_1_59' title='bbox 554 839 620 895; x_wconf 89' lang='lat' dir='ltr'>et</span> <span class='ocrx_word' id='word_1_60' title='bbox 636 835 701 893; x_wconf 91' lang='lat' dir='ltr'>in</span> <span class='ocrx_word' id='word_1_61' title='bbox 717 836 972 911; x_wconf 87' lang='lat' dir='ltr'>psalmos</span> <span class='ocrx_word' id='word_1_62' title='bbox 989 838 1098 897; x_wconf 89' lang='lat' dir='ltr'>etc.</span> <span class='ocrx_word' id='word_1_63' title='bbox 1132 869 1219 881; x_wconf 89' lang='lat'>—-</span> <span class='ocrx_word' id='word_1_64' title='bbox 1237 836 1283 893; x_wconf 82' lang='lat' dir='ltr'>G</span> <span class='ocrx_word' id='word_1_65' title='bbox 1300 854 1334 894; x_wconf 96' lang='lat' dir='ltr'>o</span> <span class='ocrx_word' id='word_1_66' title='bbox 1348 834 1386 891; x_wconf 90' lang='lat' dir='ltr'>d</span> <span class='ocrx_word' id='word_1_67' title='bbox 1404 854 1463 893; x_wconf 91' lang='lat' dir='ltr'>e-</span> 
     </span>
    </p>
   </div>
   <div class='ocr_carea' id='block_1_4' title="bbox 1521 832 2809 910">
    <p class='ocr_par' dir='ltr' id='par_1_4' title="bbox 1521 832 2809 910">
     <span class='ocr_line' id='line_1_6' title="bbox 1521 832 2809 910; baseline 0 -18"><span class='ocrx_word' id='word_1_68' title='bbox 1521 834 1833 894; x_wconf 89' lang='lat' dir='ltr'>convertit.</span> <span class='ocrx_word' id='word_1_69' title='bbox 1904 834 2014 893; x_wconf 90' lang='lat' dir='ltr'>Sed</span> <span class='ocrx_word' id='word_1_70' title='bbox 2081 834 2221 910; x_wconf 91' lang='lat' dir='ltr'>quia</span> <span class='ocrx_word' id='word_1_71' title='bbox 2280 837 2419 891; x_wconf 88' lang='lat' dir='ltr'>ante</span> <span class='ocrx_word' id='word_1_72' title='bbox 2480 832 2809 892; x_wconf 88' lang='lat' dir='ltr'>adventum·</span> 
     </span>
    </p>
   </div>
   <div class='ocr_carea' id='block_1_5' title="bbox 162 922 2807 1001">
    <p class='ocr_par' dir='ltr' id='par_1_5' title="bbox 162 922 2807 1001">
     <span class='ocr_line' id='line_1_7' title="bbox 162 922 2807 1001; baseline -0.001 -18"><span class='ocrx_word' id='word_1_73' title='bbox 162 945 186 983; x_wconf 85' lang='lat' dir='ltr'>s</span> <span class='ocrx_word' id='word_1_74' title='bbox 198 945 228 984; x_wconf 87' lang='lat' dir='ltr'>c</span> <span class='ocrx_word' id='word_1_75' title='bbox 242 944 275 982; x_wconf 84' lang='lat' dir='ltr'>a</span> <span class='ocrx_word' id='word_1_76' title='bbox 290 927 360 984; x_wconf 88' lang='lat' dir='ltr'>lc</span> <span class='ocrx_word' id='word_1_77' title='bbox 376 926 418 982; x_wconf 92' lang='lat' dir='ltr'>h</span> <span class='ocrx_word' id='word_1_78' title='bbox 435 925 462 982; x_wconf 89' lang='lat' dir='ltr'>i</span> <span class='ocrx_word' id='word_1_79' title='bbox 506 924 593 984; x_wconf 89' lang='lat' dir='ltr'>de</span> <span class='ocrx_word' id='word_1_80' title='bbox 622 925 671 982; x_wconf 85' lang='lat' dir='ltr'>G</span> <span class='ocrx_word' id='word_1_81' title='bbox 686 945 718 983; x_wconf 90' lang='lat' dir='ltr'>r</span> <span class='ocrx_word' id='word_1_82' title='bbox 730 930 773 982; x_wconf 81' lang='lat' dir='ltr'>fi</span> <span class='ocrx_word' id='word_1_83' title='bbox 788 944 820 984; x_wconf 91' lang='lat' dir='ltr'>e</span> <span class='ocrx_word' id='word_1_84' title='bbox 852 923 1229 994; x_wconf 88' lang='lat' dir='ltr'>Coloniensis,</span> <span class='ocrx_word' id='word_1_85' title='bbox 1250 925 1322 983; x_wconf 93' lang='lat' dir='ltr'>de</span> <span class='ocrx_word' id='word_1_86' title='bbox 1340 924 1462 982; x_wconf 81' lang='lat' dir='ltr'>Me·</span> <span class='ocrx_word' id='word_1_87' title='bbox 1520 924 1650 998; x_wconf 86' lang='lat' dir='ltr'>ejus</span> <span class='ocrx_word' id='word_1_88' title='bbox 1696 943 1798 982; x_wconf 84' lang='lat' dir='ltr'>rex</span> <span class='ocrx_word' id='word_1_89' title='bbox 1842 923 2181 1001; x_wconf 86' lang='lat' dir='ltr'>praedictus</span> <span class='ocrx_word' id='word_1_90' title='bbox 2213 922 2458 990; x_wconf 89' lang='lat' dir='ltr'>obierat,</span> <span class='ocrx_word' id='word_1_91' title='bbox 2509 922 2641 983; x_wconf 88' lang='lat' dir='ltr'>ideo</span> <span class='ocrx_word' id='word_1_92' title='bbox 2671 941 2807 981; x_wconf 89' lang='lat' dir='ltr'>eum</span> 
     </span>
    </p>
   </div>
   <div class='ocr_carea' id='block_1_6' title="bbox 161 1012 1473 4301">
    <p class='ocr_par' dir='ltr' id='par_1_6' title="bbox 161 1012 1473 4301">
     <span class='ocr_line' id='line_1_8' title="bbox 161 1012 1465 1090; baseline 0 -18"><span class='ocrx_word' id='word_1_93' title='bbox 161 1014 362 1072; x_wconf 86' lang='lat' dir='ltr'>schede</span> <span class='ocrx_word' id='word_1_94' title='bbox 380 1014 621 1090; x_wconf 86' lang='lat' dir='ltr'>oppido</span> <span class='ocrx_word' id='word_1_95' title='bbox 639 1012 1088 1072; x_wconf 84' lang='lat' dir='ltr'>archidioeccsis</span> <span class='ocrx_word' id='word_1_96' title='bbox 1110 1012 1374 1073; x_wconf 89' lang='lat' dir='ltr'>colonien</span> <span class='ocrx_word' id='word_1_97' title='bbox 1383 1012 1465 1072; x_wconf 91' lang='lat' dir='ltr'>sis</span> 
     </span>
     <span class='ocr_line' id='line_1_9' title="bbox 165 1098 1464 1184; baseline -0.001 -23"><span class='ocrx_word' id='word_1_98' title='bbox 165 1103 415 1162; x_wconf 85' lang='lat' dir='ltr'>doctoris</span> <span class='ocrx_word' id='word_1_99' title='bbox 444 1099 499 1184; x_wconf 87' lang='lat'>²)</span> <span class='ocrx_word' id='word_1_100' title='bbox 548 1106 613 1161; x_wconf 90' lang='lat' dir='ltr'>et</span> <span class='ocrx_word' id='word_1_101' title='bbox 642 1103 996 1179; x_wconf 86' lang='lat' dir='ltr'>professoris</span> <span class='ocrx_word' id='word_1_102' title='bbox 1028 1101 1368 1178; x_wconf 79' lang='lat' dir='ltr'>parisiensis</span> <span class='ocrx_word' id='word_1_103' title='bbox 1405 1098 1464 1183; x_wconf 87' lang='lat'>(†</span> 
     </span>
     <span class='ocr_line' id='line_1_10' title="bbox 170 1189 1467 1272; baseline -0.003 -18"><span class='ocrx_word' id='word_1_104' title='bbox 170 1189 376 1272; x_wconf 85' lang='grc'>1373).</span> <span class='ocrx_word' id='word_1_105' title='bbox 442 1226 543 1237; x_wconf 91' lang='lat'>-—</span> <span class='ocrx_word' id='word_1_106' title='bbox 603 1192 984 1250; x_wconf 85' lang='lat' dir='ltr'>Guilelmi</span> <span class='ocrx_word' id='word_1_107' title='bbox 1046 1191 1118 1251; x_wconf 91' lang='lat' dir='ltr'>de</span> <span class='ocrx_word' id='word_1_108' title='bbox 1182 1191 1467 1251; x_wconf 87' lang='lat' dir='ltr'>Sancta</span> 
     </span>
     <span class='ocr_line' id='line_1_11' title="bbox 168 1276 1466 1364; baseline 0 -25"><span class='ocrx_word' id='word_1_109' title='bbox 168 1281 340 1340; x_wconf 78' lang='lat' dir='ltr'>Fide</span> <span class='ocrx_word' id='word_1_110' title='bbox 370 1276 905 1364; x_wconf 85' lang='lat' dir='ltr'>(Sanctofidensis)</span> <span class='ocrx_word' id='word_1_111' title='bbox 927 1281 1128 1358; x_wconf 85' lang='lat' dir='ltr'>Angli,</span> <span class='ocrx_word' id='word_1_112' title='bbox 1161 1282 1322 1339; x_wconf 85' lang='lat' dir='ltr'>inter</span> <span class='ocrx_word' id='word_1_113' title='bbox 1341 1281 1466 1356; x_wconf 89' lang='lat' dir='ltr'>pri-</span> 
     </span>
     <span class='ocr_line' id='line_1_12' title="bbox 171 1369 1465 1446; baseline 0.001 -18"><span class='ocrx_word' id='word_1_114' title='bbox 171 1389 285 1428; x_wconf 90' lang='lat' dir='ltr'>mos</span> <span class='ocrx_word' id='word_1_115' title='bbox 332 1372 432 1429; x_wconf 88' lang='lat' dir='ltr'>sui</span> <span class='ocrx_word' id='word_1_116' title='bbox 487 1369 727 1430; x_wconf 84' lang='lat' dir='ltr'>ordinis</span> <span class='ocrx_word' id='word_1_117' title='bbox 772 1389 878 1446; x_wconf 88' lang='lat' dir='ltr'>per</span> <span class='ocrx_word' id='word_1_118' title='bbox 921 1369 1194 1446; x_wconf 79' lang='lat' dir='ltr'>Angliam</span> <span class='ocrx_word' id='word_1_119' title='bbox 1239 1371 1465 1430; x_wconf 82' lang='lat' dir='ltr'>theolo-</span> 
     </span>
     <span class='ocr_line' id='line_1_13' title="bbox 174 1459 1465 1537; baseline -0.002 -18"><span class='ocrx_word' id='word_1_120' title='bbox 174 1478 270 1537; x_wconf 85' lang='lat' dir='ltr'>gos</span> <span class='ocrx_word' id='word_1_121' title='bbox 296 1460 615 1519; x_wconf 87' lang='lat' dir='ltr'>numerati</span> <span class='ocrx_word' id='word_1_122' title='bbox 663 1463 726 1518; x_wconf 88' lang='lat' dir='ltr'>et</span> <span class='ocrx_word' id='word_1_123' title='bbox 757 1459 1184 1518; x_wconf 83' lang='lat' dir='ltr'>concionatoris</span> <span class='ocrx_word' id='word_1_124' title='bbox 1216 1459 1465 1519; x_wconf 86' lang='lat' dir='ltr'>celebris</span> 
     </span>
     <span class='ocr_line' id='line_1_14' title="bbox 175 1544 1467 1630; baseline -0.005 -18"><span class='ocrx_word' id='word_1_125' title='bbox 175 1545 228 1630; x_wconf 79' lang='lat'>(†</span> <span class='ocrx_word' id='word_1_126' title='bbox 263 1544 480 1628; x_wconf 79' lang='grc'>1372),</span> <span class='ocrx_word' id='word_1_127' title='bbox 518 1549 632 1624; x_wconf 91' lang='lat' dir='ltr'>qui</span> <span class='ocrx_word' id='word_1_128' title='bbox 665 1548 949 1608; x_wconf 76' lang='lat' dir='ltr'>disseruit</span> <span class='ocrx_word' id='word_1_129' title='bbox 978 1549 1051 1608; x_wconf 91' lang='lat' dir='ltr'>de</span> <span class='ocrx_word' id='word_1_130' title='bbox 1083 1549 1467 1624; x_wconf 76' lang='lat' dir='ltr'>conceptione</span> 
     </span>
     <span class='ocr_line' id='line_1_15' title="bbox 173 1636 1466 1714; baseline 0.004 -19"><span class='ocrx_word' id='word_1_131' title='bbox 173 1638 227 1695; x_wconf 92' lang='lat' dir='ltr'>b.</span> <span class='ocrx_word' id='word_1_132' title='bbox 251 1637 319 1695; x_wconf 74' lang='lat' dir='ltr'>V.</span> <span class='ocrx_word' id='word_1_133' title='bbox 363 1638 600 1696; x_wconf 67' lang='lat' dir='ltr'>Mariae</span> <span class='ocrx_word' id='word_1_134' title='bbox 652 1641 714 1697; x_wconf 91' lang='lat' dir='ltr'>et</span> <span class='ocrx_word' id='word_1_135' title='bbox 745 1636 1092 1713; x_wconf 88' lang='lat' dir='ltr'>quodlibeta</span> <span class='ocrx_word' id='word_1_136' title='bbox 1139 1638 1466 1714; x_wconf 79' lang='lat' dir='ltr'>proposuit.</span> 
     </span>
     <span class='ocr_line' id='line_1_16' title="bbox 181 1725 1466 1804; baseline 0.002 -20"><span class='ocrx_word' id='word_1_137' title='bbox 181 1760 256 1770; x_wconf 93' lang='lat'>—</span> <span class='ocrx_word' id='word_1_138' title='bbox 286 1727 506 1788; x_wconf 84' lang='lat' dir='ltr'>Petri</span> <span class='ocrx_word' id='word_1_139' title='bbox 539 1726 973 1804; x_wconf 80' lang='lat' dir='ltr'>Baymundi</span> <span class='ocrx_word' id='word_1_140' title='bbox 1008 1727 1079 1785; x_wconf 90' lang='lat' dir='ltr'>de</span> <span class='ocrx_word' id='word_1_141' title='bbox 1099 1725 1466 1786; x_wconf 84' lang='lat' dir='ltr'>Grassadoc-</span> 
     </span>
     <span class='ocr_line' id='line_1_17' title="bbox 178 1816 1468 1893; baseline 0.001 -20"><span class='ocrx_word' id='word_1_142' title='bbox 178 1816 325 1873; x_wconf 80' lang='lat' dir='ltr'>trina</span> <span class='ocrx_word' id='word_1_143' title='bbox 366 1820 432 1874; x_wconf 90' lang='lat' dir='ltr'>et</span> <span class='ocrx_word' id='word_1_144' title='bbox 475 1816 711 1892; x_wconf 85' lang='lat' dir='ltr'>pietate</span> <span class='ocrx_word' id='word_1_145' title='bbox 742 1816 1014 1893; x_wconf 89' lang='lat' dir='ltr'>insignis,</span> <span class='ocrx_word' id='word_1_146' title='bbox 1064 1816 1170 1891; x_wconf 89' lang='lat' dir='ltr'>qui</span> <span class='ocrx_word' id='word_1_147' title='bbox 1213 1816 1277 1874; x_wconf 88' lang='lat' dir='ltr'>in</span> <span class='ocrx_word' id='word_1_148' title='bbox 1306 1816 1468 1892; x_wconf 89' lang='lat' dir='ltr'>prio·</span> 
     </span>
     <span class='ocr_line' id='line_1_18' title="bbox 183 1899 1472 1987; baseline 0 -25"><span class='ocrx_word' id='word_1_149' title='bbox 183 1923 293 1962; x_wconf 87' lang='lat' dir='ltr'>rem</span> <span class='ocrx_word' id='word_1_150' title='bbox 322 1904 664 1981; x_wconf 85' lang='lat' dir='ltr'>generalem</span> <span class='ocrx_word' id='word_1_151' title='bbox 713 1905 830 1964; x_wconf 80' lang='lat' dir='ltr'>fuit</span> <span class='ocrx_word' id='word_1_152' title='bbox 874 1903 1099 1963; x_wconf 86' lang='lat' dir='ltr'>electus</span> <span class='ocrx_word' id='word_1_153' title='bbox 1141 1899 1370 1987; x_wconf 84' lang='lat'>(1342)</span> <span class='ocrx_word' id='word_1_154' title='bbox 1411 1907 1472 1963; x_wconf 89' lang='lat' dir='ltr'>et</span> 
     </span>
     <span class='ocr_line' id='line_1_19' title="bbox 184 1993 1471 2071; baseline 0.002 -20"><span class='ocrx_word' id='word_1_155' title='bbox 184 1995 551 2070; x_wconf 78' lang='lat' dir='ltr'>generalatus</span> <span class='ocrx_word' id='word_1_156' title='bbox 583 1993 780 2053; x_wconf 81' lang='lat' dir='ltr'>officio</span> <span class='ocrx_word' id='word_1_157' title='bbox 811 2014 861 2056; x_wconf 85' lang='lat' dir='ltr'>a.</span> <span class='ocrx_word' id='word_1_158' title='bbox 898 2004 972 2058; x_wconf 85' lang='lat'>15</span> <span class='ocrx_word' id='word_1_159' title='bbox 1008 1993 1471 2071; x_wconf 82' lang='lat' dir='ltr'>diligentissime</span> 
     </span>
     <span class='ocr_line' id='line_1_20' title="bbox 189 2079 1469 2166; baseline 0.003 -25"><span class='ocrx_word' id='word_1_160' title='bbox 189 2083 545 2142; x_wconf 85' lang='lat' dir='ltr'>estfunctus</span> <span class='ocrx_word' id='word_1_161' title='bbox 590 2079 660 2164; x_wconf 87' lang='lat'>(†</span> <span class='ocrx_word' id='word_1_162' title='bbox 695 2092 795 2145; x_wconf 83' lang='lat'>22.</span> <span class='ocrx_word' id='word_1_163' title='bbox 834 2084 980 2145; x_wconf 89' lang='lat' dir='ltr'>Nov.</span> <span class='ocrx_word' id='word_1_164' title='bbox 1021 2079 1233 2166; x_wconf 81' lang='grc'>1357).</span> <span class='ocrx_word' id='word_1_165' title='bbox 1287 2117 1366 2128; x_wconf 93' lang='grc'>-</span> <span class='ocrx_word' id='word_1_166' title='bbox 1414 2083 1469 2145; x_wconf 89' lang='lat' dir='ltr'>S.</span> 
     </span>
     <span class='ocr_line' id='line_1_21' title="bbox 190 2171 1469 2241; baseline 0.003 -14"><span class='ocrx_word' id='word_1_167' title='bbox 190 2171 454 2231; x_wconf 83' lang='lat' dir='ltr'>Petrus</span> <span class='ocrx_word' id='word_1_168' title='bbox 487 2172 821 2231; x_wconf 87' lang='lat' dir='ltr'>Thomae</span> <span class='ocrx_word' id='word_1_169' title='bbox 853 2173 1066 2232; x_wconf 87' lang='lat' dir='ltr'>Gallus</span> <span class='ocrx_word' id='word_1_170' title='bbox 1103 2174 1208 2241; x_wconf 76' lang='lat' dir='ltr'>‚in</span> <span class='ocrx_word' id='word_1_171' title='bbox 1239 2171 1469 2231; x_wconf 88' lang='lat' dir='ltr'>divina-</span> 
     </span>
     <span class='ocr_line' id='line_1_22' title="bbox 194 2261 1470 2336; baseline 0.001 -17"><span class='ocrx_word' id='word_1_172' title='bbox 194 2279 312 2319; x_wconf 86' lang='lat' dir='ltr'>rum</span> <span class='ocrx_word' id='word_1_173' title='bbox 339 2261 792 2336; x_wconf 86' lang='lat' dir='ltr'>Scripturarum</span> <span class='ocrx_word' id='word_1_174' title='bbox 823 2261 1042 2321; x_wconf 89' lang='lat' dir='ltr'>scholis</span> <span class='ocrx_word' id='word_1_175' title='bbox 1076 2262 1338 2321; x_wconf 88' lang='lat' dir='ltr'>Parisius</span> <span class='ocrx_word' id='word_1_176' title='bbox 1378 2262 1470 2320; x_wconf 85' lang='lat' dir='ltr'>in-</span> 
     </span>
     <span class='ocr_line' id='line_1_23' title="bbox 194 2351 1472 2427; baseline 0.003 -21"><span class='ocrx_word' id='word_1_177' title='bbox 194 2355 277 2406; x_wconf 82' lang='lat' dir='ltr'>ter</span> <span class='ocrx_word' id='word_1_178' title='bbox 290 2353 513 2410; x_wconf 80' lang='lat' dir='ltr'>ceteros</span> <span class='ocrx_word' id='word_1_179' title='bbox 534 2351 813 2410; x_wconf 89' lang='lat' dir='ltr'>doctores</span> <span class='ocrx_word' id='word_1_180' title='bbox 833 2370 941 2411; x_wconf 91' lang='lat' dir='ltr'>suo</span> <span class='ocrx_word' id='word_1_181' title='bbox 962 2355 1227 2427; x_wconf 87' lang='lat' dir='ltr'>tempore</span> <span class='ocrx_word' id='word_1_182' title='bbox 1248 2351 1472 2410; x_wconf 90' lang='lat' dir='ltr'>ibidem</span> 
     </span>
     <span class='ocr_line' id='line_1_24' title="bbox 199 2437 1473 2517; baseline 0.002 -21"><span class='ocrx_word' id='word_1_183' title='bbox 199 2437 394 2497; x_wconf 80' lang='lat' dir='ltr'>floruit.</span> <span class='ocrx_word' id='word_1_184' title='bbox 435 2439 552 2499; x_wconf 82' lang='lat' dir='ltr'>Hic</span> <span class='ocrx_word' id='word_1_185' title='bbox 577 2440 884 2517; x_wconf 77' lang='lat' dir='ltr'>postillam</span> <span class='ocrx_word' id='word_1_186' title='bbox 917 2439 1254 2499; x_wconf 87' lang='lat' dir='ltr'>mirabilem</span> <span class='ocrx_word' id='word_1_187' title='bbox 1288 2459 1473 2515; x_wconf 87' lang='lat' dir='ltr'>super</span> 
     </span>
     <span class='ocr_line' id='line_1_25' title="bbox 199 2526 1467 2610; baseline 0.002 -25"><span class='ocrx_word' id='word_1_188' title='bbox 199 2527 540 2587; x_wconf 68' lang='lat' dir='ltr'>Matthaeum</span> <span class='ocrx_word' id='word_1_189' title='bbox 585 2526 1037 2610; x_wconf 87' lang='lat' dir='ltr'>(commentaria</span> <span class='ocrx_word' id='word_1_190' title='bbox 1068 2530 1130 2587; x_wconf 89' lang='lat' dir='ltr'>in</span> <span class='ocrx_word' id='word_1_191' title='bbox 1168 2541 1204 2591; x_wconf 88' lang='lat'>4</span> <span class='ocrx_word' id='word_1_192' title='bbox 1238 2529 1301 2591; x_wconf 89' lang='lat' dir='ltr'>ll.</span> <span class='ocrx_word' id='word_1_193' title='bbox 1334 2548 1467 2588; x_wconf 89' lang='lat' dir='ltr'>sen·</span> 
     </span>
     <span class='ocr_line' id='line_1_26' title="bbox 201 2617 1470 2694; baseline 0.002 -19"><span class='ocrx_word' id='word_1_194' title='bbox 201 2617 522 2688; x_wconf 73' lang='lat' dir='ltr'>tentiamm,</span> <span class='ocrx_word' id='word_1_195' title='bbox 557 2619 597 2676; x_wconf 94' lang='lat' dir='ltr'>l.</span> <span class='ocrx_word' id='word_1_196' title='bbox 630 2619 706 2677; x_wconf 86' lang='lat' dir='ltr'>de</span> <span class='ocrx_word' id='word_1_197' title='bbox 730 2618 1056 2694; x_wconf 88' lang='lat' dir='ltr'>purissima</span> <span class='ocrx_word' id='word_1_198' title='bbox 1083 2619 1142 2680; x_wconf 88' lang='lat' dir='ltr'>b.</span> <span class='ocrx_word' id='word_1_199' title='bbox 1167 2618 1233 2680; x_wconf 89' lang='lat' dir='ltr'>V.</span> <span class='ocrx_word' id='word_1_200' title='bbox 1253 2618 1470 2678; x_wconf 76' lang='lat' dir='ltr'>Mariae</span> 
     </span>
     <span class='ocr_line' id='line_1_27' title="bbox 204 2702 1469 2790; baseline 0.002 -26"><span class='ocrx_word' id='word_1_201' title='bbox 204 2702 586 2790; x_wconf 75' lang='lat' dir='ltr'>conceptione)</span> <span class='ocrx_word' id='word_1_202' title='bbox 597 2709 946 2784; x_wconf 78' lang='lat' dir='ltr'>composuit.</span> <span class='ocrx_word' id='word_1_203' title='bbox 961 2708 1337 2768; x_wconf 83' lang='lat' dir='ltr'>Praedicator</span> <span class='ocrx_word' id='word_1_204' title='bbox 1350 2728 1469 2767; x_wconf 90' lang='lat' dir='ltr'>ma-</span> 
     </span>
     <span class='ocr_line' id='line_1_28' title="bbox 204 2794 1468 2877; baseline 0.002 -24"><span class='ocrx_word' id='word_1_205' title='bbox 204 2794 373 2855; x_wconf 80' lang='lat' dir='ltr'>ximus</span> <span class='ocrx_word' id='word_1_206' title='bbox 399 2796 538 2867; x_wconf 81' lang='lat' dir='ltr'>fuit,</span> <span class='ocrx_word' id='word_1_207' title='bbox 572 2797 859 2873; x_wconf 87' lang='lat' dir='ltr'>quoniam</span> <span class='ocrx_word' id='word_1_208' title='bbox 883 2797 1259 2877; x_wconf 87' lang='lat' dir='ltr'>eloquentiae</span> <span class='ocrx_word' id='word_1_209' title='bbox 1289 2800 1354 2856; x_wconf 93' lang='lat' dir='ltr'>et</span> <span class='ocrx_word' id='word_1_210' title='bbox 1383 2796 1468 2855; x_wconf 84' lang='lat' dir='ltr'>fa-</span> 
     </span>
     <span class='ocr_line' id='line_1_29' title="bbox 209 2884 1472 2963; baseline 0.002 -21"><span class='ocrx_word' id='word_1_211' title='bbox 209 2884 426 2945; x_wconf 83' lang='lat' dir='ltr'>cundiae</span> <span class='ocrx_word' id='word_1_212' title='bbox 468 2885 663 2945; x_wconf 89' lang='lat' dir='ltr'>altum</span> <span class='ocrx_word' id='word_1_213' title='bbox 713 2887 968 2963; x_wconf 89' lang='lat' dir='ltr'>gradum</span> <span class='ocrx_word' id='word_1_214' title='bbox 1019 2886 1300 2946; x_wconf 85' lang='lat' dir='ltr'>obtinuit.</span> <span class='ocrx_word' id='word_1_215' title='bbox 1360 2886 1472 2945; x_wconf 88' lang='lat' dir='ltr'>Hic</span> 
     </span>
     <span class='ocr_line' id='line_1_30' title="bbox 208 2971 1473 3053; baseline 0.002 -22"><span class='ocrx_word' id='word_1_216' title='bbox 208 2971 373 3032; x_wconf 76' lang='lat' dir='ltr'>factus</span> <span class='ocrx_word' id='word_1_217' title='bbox 429 2980 520 3034; x_wconf 80' lang='lat' dir='ltr'>est</span> <span class='ocrx_word' id='word_1_218' title='bbox 569 2976 861 3053; x_wconf 89' lang='lat' dir='ltr'>magister</span> <span class='ocrx_word' id='word_1_219' title='bbox 919 2994 1132 3053; x_wconf 90' lang='lat' dir='ltr'>regens</span> <span class='ocrx_word' id='word_1_220' title='bbox 1194 2976 1255 3035; x_wconf 89' lang='lat' dir='ltr'>in</span> <span class='ocrx_word' id='word_1_221' title='bbox 1309 2976 1473 3034; x_wconf 88' lang='lat' dir='ltr'>curia</span> 
     </span>
     <span class='ocr_line' id='line_1_31' title="bbox 212 3065 1469 3141; baseline 0.002 -21"><span class='ocrx_word' id='word_1_222' title='bbox 212 3079 422 3122; x_wconf 79' lang='lat' dir='ltr'>romana</span> <span class='ocrx_word' id='word_1_223' title='bbox 465 3084 686 3141; x_wconf 88' lang='lat' dir='ltr'>magno</span> <span class='ocrx_word' id='word_1_224' title='bbox 733 3068 1017 3141; x_wconf 88' lang='lat' dir='ltr'>tempore.</span> <span class='ocrx_word' id='word_1_225' title='bbox 1083 3065 1469 3125; x_wconf 76' lang='lat' dir='ltr'>Postmodum</span> 
     </span>
     <span class='ocr_line' id='line_1_32' title="bbox 212 3149 1472 3231; baseline 0.002 -22"><span class='ocrx_word' id='word_1_226' title='bbox 212 3149 375 3211; x_wconf 81' lang='lat' dir='ltr'>factus</span> <span class='ocrx_word' id='word_1_227' title='bbox 415 3158 506 3212; x_wconf 86' lang='lat' dir='ltr'>est</span> <span class='ocrx_word' id='word_1_228' title='bbox 534 3154 697 3213; x_wconf 87' lang='lat' dir='ltr'>sedis</span> <span class='ocrx_word' id='word_1_229' title='bbox 743 3154 1100 3229; x_wconf 86' lang='lat' dir='ltr'>apostolicae</span> <span class='ocrx_word' id='word_1_230' title='bbox 1130 3155 1365 3231; x_wconf 88' lang='lat' dir='ltr'>legatus</span> <span class='ocrx_word' id='word_1_231' title='bbox 1397 3153 1472 3212; x_wconf 85' lang='lat' dir='ltr'>ad</span> 
     </span>
     <span class='ocr_line' id='line_1_33' title="bbox 217 3238 1469 3319; baseline 0.004 -22"><span class='ocrx_word' id='word_1_232' title='bbox 217 3238 271 3299; x_wconf 90' lang='lat' dir='ltr'>D.</span> <span class='ocrx_word' id='word_1_233' title='bbox 287 3258 466 3317; x_wconf 86' lang='lat' dir='ltr'>regem</span> <span class='ocrx_word' id='word_1_234' title='bbox 487 3243 742 3319; x_wconf 80' lang='lat' dir='ltr'>Apuliae</span> <span class='ocrx_word' id='word_1_235' title='bbox 772 3247 835 3302; x_wconf 85' lang='lat' dir='ltr'>et</span> <span class='ocrx_word' id='word_1_236' title='bbox 864 3242 937 3301; x_wconf 88' lang='lat' dir='ltr'>ad</span> <span class='ocrx_word' id='word_1_237' title='bbox 957 3243 1224 3302; x_wconf 90' lang='lat' dir='ltr'>dominos</span> <span class='ocrx_word' id='word_1_238' title='bbox 1255 3243 1328 3301; x_wconf 90' lang='lat' dir='ltr'>de</span> <span class='ocrx_word' id='word_1_239' title='bbox 1347 3243 1469 3302; x_wconf 81' lang='lat' dir='ltr'>Me-</span> 
     </span>
     <span class='ocr_line' id='line_1_34' title="bbox 215 3325 1471 3410; baseline 0.005 -26"><span class='ocrx_word' id='word_1_240' title='bbox 215 3325 417 3389; x_wconf 77' lang='lat' dir='ltr'>diolano</span> <span class='ocrx_word' id='word_1_241' title='bbox 458 3351 567 3407; x_wconf 90' lang='lat' dir='ltr'>pro</span> <span class='ocrx_word' id='word_1_242' title='bbox 612 3331 817 3391; x_wconf 78' lang='lat' dir='ltr'>arduis</span> <span class='ocrx_word' id='word_1_243' title='bbox 862 3332 1120 3410; x_wconf 90' lang='lat' dir='ltr'>negotiis</span> <span class='ocrx_word' id='word_1_244' title='bbox 1162 3332 1471 3409; x_wconf 82' lang='lat' dir='ltr'>religionis</span> 
     </span>
     <span class='ocr_line' id='line_1_35' title="bbox 220 3414 1471 3498; baseline 0.004 -24"><span class='ocrx_word' id='word_1_245' title='bbox 220 3414 548 3481; x_wconf 81' lang='lat' dir='ltr'>christianae.</span> <span class='ocrx_word' id='word_1_246' title='bbox 572 3420 790 3497; x_wconf 86' lang='lat' dir='ltr'>Sicque</span> <span class='ocrx_word' id='word_1_247' title='bbox 809 3421 1128 3498; x_wconf 84' lang='lat' dir='ltr'>diligenter</span> <span class='ocrx_word' id='word_1_248' title='bbox 1145 3439 1471 3497; x_wconf 85' lang='lat' dir='ltr'>exsequens</span> 
     </span>
     <span class='ocr_line' id='line_1_36' title="bbox 220 3508 1469 3586; baseline 0.006 -24"><span class='ocrx_word' id='word_1_249' title='bbox 220 3521 359 3565; x_wconf 80' lang='lat' dir='ltr'>suam</span> <span class='ocrx_word' id='word_1_250' title='bbox 374 3508 730 3586; x_wconf 87' lang='lat' dir='ltr'>legationem</span> <span class='ocrx_word' id='word_1_251' title='bbox 762 3513 824 3570; x_wconf 91' lang='lat' dir='ltr'>et</span> <span class='ocrx_word' id='word_1_252' title='bbox 854 3510 928 3569; x_wconf 89' lang='lat' dir='ltr'>ad</span> <span class='ocrx_word' id='word_1_253' title='bbox 958 3511 1137 3572; x_wconf 84' lang='lat' dir='ltr'>finem</span> <span class='ocrx_word' id='word_1_254' title='bbox 1169 3511 1469 3570; x_wconf 87' lang='lat' dir='ltr'>intentum</span> 
     </span>
     <span class='ocr_line' id='line_1_37' title="bbox 224 3592 1471 3676; baseline 0.007 -27"><span class='ocrx_word' id='word_1_255' title='bbox 224 3592 503 3667; x_wconf 84' lang='lat' dir='ltr'>deducens,</span> <span class='ocrx_word' id='word_1_256' title='bbox 568 3603 919 3676; x_wconf 86' lang='lat' dir='ltr'>assumptus</span> <span class='ocrx_word' id='word_1_257' title='bbox 972 3603 1067 3660; x_wconf 91' lang='lat' dir='ltr'>est</span> <span class='ocrx_word' id='word_1_258' title='bbox 1116 3619 1223 3676; x_wconf 88' lang='lat' dir='ltr'>per</span> <span class='ocrx_word' id='word_1_259' title='bbox 1272 3599 1471 3659; x_wconf 89' lang='lat' dir='ltr'>sedem</span> 
     </span>
     <span class='ocr_line' id='line_1_38' title="bbox 223 3687 1469 3769; baseline 0.002 -25"><span class='ocrx_word' id='word_1_260' title='bbox 223 3687 562 3758; x_wconf 65' lang='lat' dir='ltr'>apostolicam</span> <span class='ocrx_word' id='word_1_261' title='bbox 583 3689 658 3748; x_wconf 85' lang='lat' dir='ltr'>ad</span> <span class='ocrx_word' id='word_1_262' title='bbox 679 3688 1089 3765; x_wconf 84' lang='lat' dir='ltr'>episcopatum</span> <span class='ocrx_word' id='word_1_263' title='bbox 1110 3692 1469 3769; x_wconf 85' lang='lat' dir='ltr'>(pactensem</span> 
     </span>
     <span class='ocr_line' id='line_1_39' title="bbox 231 3772 1471 3861; baseline 0.003 -29"><span class='ocrx_word' id='word_1_264' title='bbox 231 3780 399 3845; x_wconf 76' lang='lat'>13543</span> <span class='ocrx_word' id='word_1_265' title='bbox 439 3780 498 3836; x_wconf 90' lang='lat' dir='ltr'>et</span> <span class='ocrx_word' id='word_1_266' title='bbox 526 3799 581 3841; x_wconf 88' lang='lat' dir='ltr'>a.</span> <span class='ocrx_word' id='word_1_267' title='bbox 621 3772 819 3861; x_wconf 89' lang='grc'>1359)</span> <span class='ocrx_word' id='word_1_268' title='bbox 868 3796 1253 3838; x_wconf 90' lang='lat' dir='ltr'>coronensem</span> <span class='ocrx_word' id='word_1_269' title='bbox 1286 3796 1471 3855; x_wconf 89' lang='lat' dir='ltr'>prope</span> 
     </span>
     <span class='ocr_line' id='line_1_40' title="bbox 228 3856 1470 3930; baseline 0.006 -13"><span class='ocrx_word' id='word_1_270' title='bbox 228 3856 459 3924; x_wconf 75' lang='lat' dir='ltr'>venetias</span> <span class='ocrx_word' id='word_1_271' title='bbox 475 3868 546 3926; x_wconf 90' lang='lat' dir='ltr'>ad</span> <span class='ocrx_word' id='word_1_272' title='bbox 567 3867 828 3926; x_wconf 88' lang='lat' dir='ltr'>mediam</span> <span class='ocrx_word' id='word_1_273' title='bbox 848 3866 1118 3930; x_wconf 86' lang='lat' dir='ltr'>diaetam.</span> <span class='ocrx_word' id='word_1_274' title='bbox 1148 3867 1299 3928; x_wconf 87' lang='lat' dir='ltr'>Tran</span> <span class='ocrx_word' id='word_1_275' title='bbox 1307 3871 1470 3926; x_wconf 89' lang='lat' dir='ltr'>sacto</span> 
     </span>
     <span class='ocr_line' id='line_1_41' title="bbox 229 3955 1472 4034; baseline 0 -20"><span class='ocrx_word' id='word_1_276' title='bbox 229 3965 339 4009; x_wconf 61' lang='lat' dir='ltr'>vero</span> <span class='ocrx_word' id='word_1_277' title='bbox 363 3972 529 4027; x_wconf 79' lang='lat' dir='ltr'>parvo</span> <span class='ocrx_word' id='word_1_278' title='bbox 559 3960 829 4034; x_wconf 90' lang='lat' dir='ltr'>tempore</span> <span class='ocrx_word' id='word_1_279' title='bbox 878 3955 1099 4015; x_wconf 88' lang='lat' dir='ltr'>iterum</span> <span class='ocrx_word' id='word_1_280' title='bbox 1131 3956 1344 4015; x_wconf 89' lang='lat' dir='ltr'>missus</span> <span class='ocrx_word' id='word_1_281' title='bbox 1379 3958 1472 4014; x_wconf 87' lang='lat' dir='ltr'>est</span> 
     </span>
     <span class='ocr_line' id='line_1_42' title="bbox 232 4040 1472 4124; baseline 0.006 -26"><span class='ocrx_word' id='word_1_282' title='bbox 232 4054 258 4092; x_wconf 67' lang='lat' dir='ltr'>a</span> <span class='ocrx_word' id='word_1_283' title='bbox 291 4040 404 4101; x_wconf 86' lang='lat' dir='ltr'>sede</span> <span class='ocrx_word' id='word_1_284' title='bbox 443 4045 768 4121; x_wconf 86' lang='lat' dir='ltr'>apostolica</span> <span class='ocrx_word' id='word_1_285' title='bbox 814 4048 886 4104; x_wconf 88' lang='lat' dir='ltr'>ut</span> <span class='ocrx_word' id='word_1_286' title='bbox 931 4045 1164 4124; x_wconf 88' lang='lat' dir='ltr'>legatus</span> <span class='ocrx_word' id='word_1_287' title='bbox 1212 4066 1248 4105; x_wconf 90' lang='lat' dir='ltr'>a</span> <span class='ocrx_word' id='word_1_288' title='bbox 1287 4046 1472 4105; x_wconf 91' lang='lat' dir='ltr'>latere</span> 
     </span>
     <span class='ocr_line' id='line_1_43' title="bbox 233 4124 1468 4212; baseline 0.004 -25"><span class='ocrx_word' id='word_1_289' title='bbox 233 4124 292 4183; x_wconf 62' lang='lat' dir='ltr'>ad</span> <span class='ocrx_word' id='word_1_290' title='bbox 313 4128 583 4194; x_wconf 74' lang='lat' dir='ltr'>infidelem</span> <span class='ocrx_word' id='word_1_291' title='bbox 631 4153 836 4212; x_wconf 90' lang='lat' dir='ltr'>regem</span> <span class='ocrx_word' id='word_1_292' title='bbox 868 4134 1090 4205; x_wconf 80' lang='lat' dir='ltr'>Rasiae,</span> <span class='ocrx_word' id='word_1_293' title='bbox 1139 4138 1212 4193; x_wconf 89' lang='lat' dir='ltr'>ut</span> <span class='ocrx_word' id='word_1_294' title='bbox 1242 4154 1379 4194; x_wconf 90' lang='lat' dir='ltr'>eum</span> <span class='ocrx_word' id='word_1_295' title='bbox 1411 4140 1468 4192; x_wconf 84' lang='lat' dir='ltr'>et</span> 
     </span>
     <span class='ocr_line' id='line_1_44' title="bbox 237 4219 1471 4301; baseline 0.001 -20"><span class='ocrx_word' id='word_1_296' title='bbox 237 4219 474 4291; x_wconf 73' lang='lat' dir='ltr'>populum</span> <span class='ocrx_word' id='word_1_297' title='bbox 501 4226 631 4301; x_wconf 73' lang='lat' dir='ltr'>eJus</span> <span class='ocrx_word' id='word_1_298' title='bbox 677 4224 752 4283; x_wconf 91' lang='lat' dir='ltr'>ad</span> <span class='ocrx_word' id='word_1_299' title='bbox 784 4223 960 4283; x_wconf 88' lang='lat' dir='ltr'>fidem</span> <span class='ocrx_word' id='word_1_300' title='bbox 992 4243 1194 4283; x_wconf 81' lang='lat' dir='ltr'>veram</span> <span class='ocrx_word' id='word_1_301' title='bbox 1227 4242 1471 4283; x_wconf 88' lang='lat' dir='ltr'>conver-</span> 
     </span>
    </p>
   </div>
   <div class='ocr_carea' id='block_1_7' title="bbox 247 4351 505 4369">
    <p class='ocr_par' dir='ltr' id='par_1_7' title="bbox 247 4351 505 4369">
     <span class='ocr_line' id='line_1_45' title="bbox 247 4351 505 4369; baseline 0 995"><span class='ocrx_word' id='word_1_302' title='bbox 247 4351 505 4369; x_wconf 95' lang='lat' dir='ltr'> </span> 
     </span>
    </p>
   </div>
   <div class='ocr_carea' id='block_1_8' title="bbox 242 4416 1473 4590">
    <p class='ocr_par' dir='ltr' id='par_1_8' title="bbox 242 4416 1473 4590">
     <span class='ocr_line' id='line_1_46' title="bbox 313 4416 1473 4507; baseline -0.006 0"><span class='ocrx_word' id='word_1_303' title='bbox 313 4440 341 4507; x_wconf 86' lang='lat'>¹)</span> <span class='ocrx_word' id='word_1_304' title='bbox 391 4444 623 4501; x_wconf 81' lang='lat' dir='ltr'>Alterius</span> <span class='ocrx_word' id='word_1_305' title='bbox 684 4416 1138 4501; x_wconf 84' lang='lat' dir='ltr'>Godescalci</span> <span class='ocrx_word' id='word_1_306' title='bbox 1201 4447 1271 4502; x_wconf 87' lang='lat' dir='ltr'>de</span> <span class='ocrx_word' id='word_1_307' title='bbox 1335 4446 1473 4501; x_wconf 81' lang='lat' dir='ltr'>Me-</span> 
     </span>
     <span class='ocr_line' id='line_1_47' title="bbox 242 4508 1473 4590; baseline 0.007 -28"><span class='ocrx_word' id='word_1_308' title='bbox 242 4520 295 4585; x_wconf 69' lang='lat'>89</span> <span class='ocrx_word' id='word_1_309' title='bbox 306 4508 375 4563; x_wconf 87' lang='lat' dir='ltr'>he</span> <span class='ocrx_word' id='word_1_310' title='bbox 387 4513 419 4566; x_wconf 86' lang='lat' dir='ltr'>d</span> <span class='ocrx_word' id='word_1_311' title='bbox 432 4530 460 4569; x_wconf 85' lang='lat' dir='ltr'>e</span> <span class='ocrx_word' id='word_1_312' title='bbox 481 4518 696 4590; x_wconf 88' lang='lat' dir='ltr'>oppido</span> <span class='ocrx_word' id='word_1_313' title='bbox 723 4516 1159 4572; x_wconf 84' lang='lat' dir='ltr'>archidioecesis</span> <span class='ocrx_word' id='word_1_314' title='bbox 1186 4518 1473 4573; x_wconf 87' lang='lat' dir='ltr'>colonien-</span> 
     </span>
    </p>
   </div>
   <div class='ocr_carea' id='block_1_9' title="bbox 247 4586 1475 4732">
    <p class='ocr_par' dir='ltr' id='par_1_9' title="bbox 247 4586 1475 4732">
     <span class='ocr_line' id='line_1_48' title="bbox 247 4586 1471 4660; baseline 0.008 -23"><span class='ocrx_word' id='word_1_315' title='bbox 247 4586 543 4659; x_wconf 47' lang='lat' dir='ltr'>nqmeminit</span> <span class='ocrx_word' id='word_1_316' title='bbox 565 4588 900 4645; x_wconf 82' lang='lat' dir='ltr'>Hartzheim</span> <span class='ocrx_word' id='word_1_317' title='bbox 919 4588 979 4642; x_wconf 90' lang='lat' dir='ltr'>in</span> <span class='ocrx_word' id='word_1_318' title='bbox 998 4588 1135 4645; x_wconf 86' lang='lat' dir='ltr'>bibl.</span> <span class='ocrx_word' id='word_1_319' title='bbox 1152 4589 1257 4647; x_wconf 91' lang='lat' dir='ltr'>col.</span> <span class='ocrx_word' id='word_1_320' title='bbox 1273 4607 1330 4660; x_wconf 86' lang='lat' dir='ltr'>p.</span> <span class='ocrx_word' id='word_1_321' title='bbox 1347 4594 1471 4656; x_wconf 90' lang='grc'>106,</span> 
     </span>
     <span class='ocr_line' id='line_1_49' title="bbox 248 4655 1475 4732; baseline 0 -17"><span class='ocrx_word' id='word_1_322' title='bbox 248 4662 325 4715; x_wconf 83' lang='lat' dir='ltr'>qm</span> <span class='ocrx_word' id='word_1_323' title='bbox 343 4655 444 4711; x_wconf 67' lang='lat' dir='ltr'>toto</span> <span class='ocrx_word' id='word_1_324' title='bbox 467 4662 647 4717; x_wconf 78' lang='lat' dir='ltr'>seculo</span> <span class='ocrx_word' id='word_1_325' title='bbox 675 4659 959 4732; x_wconf 85' lang='lat' dir='ltr'>posterior</span> <span class='ocrx_word' id='word_1_326' title='bbox 984 4661 1113 4715; x_wconf 85' lang='lat' dir='ltr'>fuit.</span> <span class='ocrx_word' id='word_1_327' title='bbox 1161 4660 1306 4715; x_wconf 84' lang='lat' dir='ltr'>Eum</span> <span class='ocrx_word' id='word_1_328' title='bbox 1333 4661 1475 4715; x_wconf 89' lang='lat' dir='ltr'>dicit</span> 
     </span>
    </p>
   </div>
   <div class='ocr_carea' id='block_1_10' title="bbox 248 4729 2463 4803">
    <p class='ocr_par' dir='ltr' id='par_1_10' title="bbox 248 4729 2463 4803">
     <span class='ocr_line' id='line_1_50' title="bbox 248 4729 2463 4803; baseline -0 -20"><span class='ocrx_word' id='word_1_329' title='bbox 248 4733 414 4795; x_wconf 57' lang='lat' dir='ltr'>§mgna</span> <span class='ocrx_word' id='word_1_330' title='bbox 431 4747 545 4786; x_wconf 81' lang='lat' dir='ltr'>cum</span> <span class='ocrx_word' id='word_1_331' title='bbox 571 4733 750 4787; x_wconf 89' lang='lat' dir='ltr'>laude</span> <span class='ocrx_word' id='word_1_332' title='bbox 788 4731 986 4787; x_wconf 86' lang='lat' dir='ltr'>multis</span> <span class='ocrx_word' id='word_1_333' title='bbox 1022 4733 1189 4787; x_wconf 85' lang='lat' dir='ltr'>annis</span> <span class='ocrx_word' id='word_1_334' title='bbox 1215 4729 1473 4803; x_wconf 79' lang='lat' dir='ltr'>&#39;gloriose</span> <span class='ocrx_word' id='word_1_335' title='bbox 1529 4731 1702 4786; x_wconf 89' lang='lat' dir='ltr'>theol.</span> <span class='ocrx_word' id='word_1_336' title='bbox 1730 4729 1793 4786; x_wconf 93' lang='grc' dir='ltr'>Ο.</span> <span class='ocrx_word' id='word_1_337' title='bbox 1822 4732 2004 4787; x_wconf 84' lang='lat' dir='ltr'>Carm.</span> <span class='ocrx_word' id='word_1_338' title='bbox 2048 4730 2276 4784; x_wconf 85' lang='lat' dir='ltr'>Parisiis</span> <span class='ocrx_word' id='word_1_339' title='bbox 2315 4730 2402 4785; x_wconf 90' lang='lat' dir='ltr'>ed.</span> <span class='ocrx_word' id='word_1_340' title='bbox 2429 4746 2463 4782; x_wconf 85' lang='lat' dir='ltr'>a</span> 
     </span>
    </p>
   </div>
   <div class='ocr_carea' id='block_1_11' title="bbox 1522 1008 2810 1696">
    <p class='ocr_par' dir='ltr' id='par_1_11' title="bbox 1522 1008 2810 1696">
     <span class='ocr_line' id='line_1_51' title="bbox 1522 1008 2806 1092; baseline -0.002 -22"><span class='ocrx_word' id='word_1_341' title='bbox 1522 1011 1594 1070; x_wconf 89' lang='lat' dir='ltr'>ad</span> <span class='ocrx_word' id='word_1_342' title='bbox 1616 1012 1910 1071; x_wconf 86' lang='lat' dir='ltr'>Christum</span> <span class='ocrx_word' id='word_1_343' title='bbox 1934 1015 2275 1072; x_wconf 86' lang='lat' dir='ltr'>convertere</span> <span class='ocrx_word' id='word_1_344' title='bbox 2308 1030 2427 1071; x_wconf 89' lang='lat' dir='ltr'>non</span> <span class='ocrx_word' id='word_1_345' title='bbox 2448 1015 2682 1087; x_wconf 87' lang='lat' dir='ltr'>poterat</span> <span class='ocrx_word' id='word_1_346' title='bbox 2694 1008 2762 1092; x_wconf 82' lang='lat'>1).</span> <span class='ocrx_word' id='word_1_347' title='bbox 2778 1019 2806 1050; x_wconf 77' lang='lat'>‘</span> 
     </span>
     <span class='ocr_line' id='line_1_52' title="bbox 1522 1100 2806 1164; baseline -0.002 -4"><span class='ocrx_word' id='word_1_348' title='bbox 1522 1102 1789 1160; x_wconf 85' lang='lat' dir='ltr'>Decessit</span> <span class='ocrx_word' id='word_1_349' title='bbox 1840 1112 1896 1163; x_wconf 88' lang='grc'>6.</span> <span class='ocrx_word' id='word_1_350' title='bbox 1942 1101 1982 1160; x_wconf 85' lang='lat' dir='ltr'><strong>J</strong></span> <span class='ocrx_word' id='word_1_351' title='bbox 1983 1121 2076 1164; x_wconf 86' lang='lat' dir='ltr'>an.</span> <span class='ocrx_word' id='word_1_352' title='bbox 2131 1113 2151 1162; x_wconf 92' lang='lat' dir='ltr'>l</span> <span class='ocrx_word' id='word_1_353' title='bbox 2171 1110 2315 1164; x_wconf 88' lang='grc'>366.</span> <span class='ocrx_word' id='word_1_354' title='bbox 2380 1101 2451 1159; x_wconf 91' lang='lat' dir='ltr'>In</span> <span class='ocrx_word' id='word_1_355' title='bbox 2501 1103 2577 1162; x_wconf 88' lang='lat' dir='ltr'>tr.</span> <span class='ocrx_word' id='word_1_356' title='bbox 2628 1100 2699 1159; x_wconf 89' lang='lat' dir='ltr'>de</span> <span class='ocrx_word' id='word_1_357' title='bbox 2753 1101 2806 1158; x_wconf 91' lang='lat' dir='ltr'>b.</span> 
     </span>
     <span class='ocr_line' id='line_1_53' title="bbox 1523 1190 2810 1267; baseline -0.001 -18"><span class='ocrx_word' id='word_1_358' title='bbox 1523 1191 1840 1267; x_wconf 87' lang='lat' dir='ltr'>purissima</span> <span class='ocrx_word' id='word_1_359' title='bbox 1855 1190 1923 1249; x_wconf 87' lang='lat' dir='ltr'>V.</span> <span class='ocrx_word' id='word_1_360' title='bbox 1939 1191 2124 1249; x_wconf 84' lang='lat' dir='ltr'>Maria</span> <span class='ocrx_word' id='word_1_361' title='bbox 2154 1190 2336 1267; x_wconf 79' lang='lat' dir='ltr'>hujus</span> <span class='ocrx_word' id='word_1_362' title='bbox 2369 1191 2810 1249; x_wconf 83' lang='lat' dir='ltr'>immaculatam</span> 
     </span>
     <span class='ocr_line' id='line_1_54' title="bbox 1522 1278 2808 1356; baseline -0.002 -18"><span class='ocrx_word' id='word_1_363' title='bbox 1522 1281 1969 1356; x_wconf 87' lang='lat' dir='ltr'>conceptionem</span> <span class='ocrx_word' id='word_1_364' title='bbox 1990 1284 2217 1341; x_wconf 90' lang='lat' dir='ltr'>tuetur.</span> <span class='ocrx_word' id='word_1_365' title='bbox 2250 1313 2337 1324; x_wconf 86' lang='lat'>—--</span> <span class='ocrx_word' id='word_1_366' title='bbox 2370 1278 2808 1338; x_wconf 73' lang='lat' dir='ltr'>Ptaetermitti-</span> 
     </span>
     <span class='ocr_line' id='line_1_55' title="bbox 1522 1363 2806 1449; baseline -0.001 -22"><span class='ocrx_word' id='word_1_367' title='bbox 1522 1387 1657 1429; x_wconf 90' lang='lat' dir='ltr'>mus</span> <span class='ocrx_word' id='word_1_368' title='bbox 1676 1368 2050 1429; x_wconf 82' lang='lat' dir='ltr'>Joannem</span> <span class='ocrx_word' id='word_1_369' title='bbox 2069 1369 2292 1427; x_wconf 86' lang='lat' dir='ltr'>Fuist</span> <span class='ocrx_word' id='word_1_370' title='bbox 2312 1363 2648 1449; x_wconf 73' lang='lat' dir='ltr'>(Fuistgen)</span> <span class='ocrx_word' id='word_1_371' title='bbox 2672 1385 2806 1426; x_wconf 91' lang='lat' dir='ltr'>cru-</span> 
     </span>
     <span class='ocr_line' id='line_1_56' title="bbox 1523 1457 2808 1534; baseline 0 -18"><span class='ocrx_word' id='word_1_372' title='bbox 1523 1476 1894 1518; x_wconf 88' lang='lat' dir='ltr'>cenacensem</span> <span class='ocrx_word' id='word_1_373' title='bbox 1912 1501 1925 1526; x_wconf 94' lang='lat'>,</span> <span class='ocrx_word' id='word_1_374' title='bbox 1988 1458 2358 1533; x_wconf 87' lang='lat' dir='ltr'>aliquamdiu</span> <span class='ocrx_word' id='word_1_375' title='bbox 2419 1457 2808 1534; x_wconf 79' lang='lat' dir='ltr'>professorem</span> 
     </span>
     <span class='ocr_line' id='line_1_57' title="bbox 1523 1541 2807 1628; baseline -0.001 -23"><span class='ocrx_word' id='word_1_376' title='bbox 1523 1548 1856 1625; x_wconf 88' lang='lat' dir='ltr'>theologiae</span> <span class='ocrx_word' id='word_1_377' title='bbox 1911 1546 2184 1607; x_wconf 85' lang='lat' dir='ltr'>Coloniae</span> <span class='ocrx_word' id='word_1_378' title='bbox 2235 1541 2465 1628; x_wconf 84' lang='grc'>(1363)</span> <span class='ocrx_word' id='word_1_379' title='bbox 2515 1578 2603 1591; x_wconf 92' lang='lat'>-</span> <span class='ocrx_word' id='word_1_380' title='bbox 2655 1546 2699 1604; x_wconf 76' lang='lat' dir='ltr'><strong>F</strong></span> <span class='ocrx_word' id='word_1_381' title='bbox 2712 1545 2807 1605; x_wconf 91' lang='lat' dir='ltr'>ri-</span> 
     </span>
     <span class='ocr_line' id='line_1_58' title="bbox 1524 1635 2809 1696; baseline -0.002 -1"><span class='ocrx_word' id='word_1_382' title='bbox 1524 1636 1871 1696; x_wconf 88' lang='lat' dir='ltr'>dericum</span> <span class='ocrx_word' id='word_1_383' title='bbox 1924 1637 2005 1694; x_wconf 89' lang='lat' dir='ltr'>St</span> <span class='ocrx_word' id='word_1_384' title='bbox 2024 1637 2250 1696; x_wconf 88' lang='lat' dir='ltr'>ocher</span> <span class='ocrx_word' id='word_1_385' title='bbox 2307 1635 2399 1696; x_wconf 90' lang='lat' dir='ltr'>vel</span> <span class='ocrx_word' id='word_1_386' title='bbox 2452 1635 2809 1695; x_wconf 82' lang='lat' dir='ltr'>Schoker-um</span> 
     </span>
    </p>
   </div>
   <div class='ocr_carea' id='block_1_12' title="bbox 1526 1720 1986 1808">
    <p class='ocr_par' dir='ltr' id='par_1_12' title="bbox 1526 1720 1986 1808">
     <span class='ocr_line' id='line_1_59' title="bbox 1526 1720 1986 1808; baseline -0.002 -25"><span class='ocrx_word' id='word_1_387' title='bbox 1526 1722 1606 1808; x_wconf 91' lang='lat' dir='ltr'>(fl.</span> <span class='ocrx_word' id='word_1_388' title='bbox 1648 1720 1845 1808; x_wconf 83' lang='lat'>1368)</span> <span class='ocrx_word' id='word_1_389' title='bbox 1876 1730 1986 1784; x_wconf 81' lang='lat' dir='ltr'>ete.</span> 
     </span>
    </p>
   </div>
   <div class='ocr_carea' id='block_1_13' title="bbox 1524 1903 2815 4567">
    <p class='ocr_par' dir='ltr' id='par_1_13' title="bbox 1524 1903 2815 4567">
     <span class='ocr_line' id='line_1_60' title="bbox 1618 1903 2810 1967; baseline -0.005 0"><span class='ocrx_word' id='word_1_390' title='bbox 1618 1912 1763 1967; x_wconf 87' lang='lat'>323.</span> <span class='ocrx_word' id='word_1_391' title='bbox 1798 1904 1880 1962; x_wconf 80' lang='lat' dir='ltr'>Ex</span> <span class='ocrx_word' id='word_1_392' title='bbox 1914 1904 2048 1963; x_wconf 86' lang='lat' dir='ltr'>aliis</span> <span class='ocrx_word' id='word_1_393' title='bbox 2081 1903 2391 1963; x_wconf 90' lang='lat' dir='ltr'>ordinibus</span> <span class='ocrx_word' id='word_1_394' title='bbox 2421 1903 2662 1962; x_wconf 91' lang='lat' dir='ltr'>laudem</span> <span class='ocrx_word' id='word_1_395' title='bbox 2689 1920 2810 1961; x_wconf 88' lang='lat' dir='ltr'>me-</span> 
     </span>
     <span class='ocr_line' id='line_1_61' title="bbox 1524 1991 2810 2053; baseline 0.001 -2"><span class='ocrx_word' id='word_1_396' title='bbox 1524 1998 1663 2052; x_wconf 89' lang='lat' dir='ltr'>rent</span> <span class='ocrx_word' id='word_1_397' title='bbox 1710 1994 1992 2052; x_wconf 89' lang='lat' dir='ltr'>Petrus</span> <span class='ocrx_word' id='word_1_398' title='bbox 2052 1992 2126 2052; x_wconf 90' lang='lat' dir='ltr'>de</span> <span class='ocrx_word' id='word_1_399' title='bbox 2187 1992 2504 2052; x_wconf 85' lang='lat' dir='ltr'>Ceffona</span> <span class='ocrx_word' id='word_1_400' title='bbox 2554 1991 2619 2053; x_wconf 93' lang='grc' dir='ltr'>Ο.</span> <span class='ocrx_word' id='word_1_401' title='bbox 2671 1991 2810 2052; x_wconf 87' lang='lat' dir='ltr'>Cist.</span> 
     </span>
     <span class='ocr_line' id='line_1_62' title="bbox 1526 2079 2813 2156; baseline -0.002 -15"><span class='ocrx_word' id='word_1_402' title='bbox 1526 2083 1849 2142; x_wconf 87' lang='lat' dir='ltr'>monachus</span> <span class='ocrx_word' id='word_1_403' title='bbox 1880 2084 1942 2141; x_wconf 90' lang='lat' dir='ltr'>et</span> <span class='ocrx_word' id='word_1_404' title='bbox 1971 2082 2155 2142; x_wconf 88' lang='lat' dir='ltr'>abbas</span> <span class='ocrx_word' id='word_1_405' title='bbox 2177 2081 2669 2150; x_wconf 83' lang='lat' dir='ltr'>claraevallensis,</span> <span class='ocrx_word' id='word_1_406' title='bbox 2703 2079 2813 2156; x_wconf 89' lang='lat' dir='ltr'>qui</span> 
     </span>
     <span class='ocr_line' id='line_1_63' title="bbox 1525 2168 2809 2248; baseline 0.001 -19"><span class='ocrx_word' id='word_1_407' title='bbox 1525 2175 1768 2248; x_wconf 87' lang='lat' dir='ltr'>praeter</span> <span class='ocrx_word' id='word_1_408' title='bbox 1811 2172 2302 2231; x_wconf 88' lang='lat' dir='ltr'>commentarium</span> <span class='ocrx_word' id='word_1_409' title='bbox 2352 2171 2418 2229; x_wconf 89' lang='lat' dir='ltr'>in</span> <span class='ocrx_word' id='word_1_410' title='bbox 2465 2184 2519 2231; x_wconf 80' lang='grc'>3.</span> <span class='ocrx_word' id='word_1_411' title='bbox 2570 2174 2632 2229; x_wconf 88' lang='lat' dir='ltr'>et</span> <span class='ocrx_word' id='word_1_412' title='bbox 2683 2178 2738 2231; x_wconf 83' lang='lat'>4.</span> <span class='ocrx_word' id='word_1_413' title='bbox 2771 2168 2809 2230; x_wconf 93' lang='lat' dir='ltr'>l.</span> 
     </span>
     <span class='ocr_line' id='line_1_64' title="bbox 1527 2259 2811 2322; baseline -0.002 -2"><span class='ocrx_word' id='word_1_414' title='bbox 1527 2260 1963 2320; x_wconf 86' lang='lat' dir='ltr'>sententiarum</span> <span class='ocrx_word' id='word_1_415' title='bbox 1984 2266 2044 2320; x_wconf 89' lang='lat' dir='ltr'>et</span> <span class='ocrx_word' id='word_1_416' title='bbox 2063 2261 2101 2322; x_wconf 92' lang='lat' dir='ltr'>l.</span> <span class='ocrx_word' id='word_1_417' title='bbox 2122 2261 2199 2319; x_wconf 88' lang='lat' dir='ltr'>de</span> <span class='ocrx_word' id='word_1_418' title='bbox 2216 2261 2572 2320; x_wconf 87' lang='lat' dir='ltr'>auctoritate</span> <span class='ocrx_word' id='word_1_419' title='bbox 2593 2259 2811 2317; x_wconf 89' lang='lat' dir='ltr'>summi</span> 
     </span>
     <span class='ocr_line' id='line_1_65' title="bbox 1526 2348 2808 2426; baseline 0.003 -19"><span class='ocrx_word' id='word_1_420' title='bbox 1526 2350 1839 2425; x_wconf 75' lang='lat' dir='ltr'>pontificia,</span> <span class='ocrx_word' id='word_1_421' title='bbox 1890 2349 2150 2409; x_wconf 87' lang='lat' dir='ltr'>traditur</span> <span class='ocrx_word' id='word_1_422' title='bbox 2196 2348 2498 2426; x_wconf 83' lang='lat' dir='ltr'>scripsisse</span> <span class='ocrx_word' id='word_1_423' title='bbox 2543 2367 2592 2406; x_wconf 85' lang='lat' dir='ltr'>a.</span> <span class='ocrx_word' id='word_1_424' title='bbox 2653 2355 2808 2410; x_wconf 79' lang='lat'><strong>1353</strong></span> 
     </span>
     <span class='ocr_line' id='line_1_66' title="bbox 1527 2436 2811 2516; baseline -0.003 -18"><span class='ocrx_word' id='word_1_425' title='bbox 1527 2458 1616 2516; x_wconf 87' lang='lat' dir='ltr'>ep.</span> <span class='ocrx_word' id='word_1_426' title='bbox 1662 2439 1718 2501; x_wconf 82' lang='lat' dir='ltr'>J.</span> <span class='ocrx_word' id='word_1_427' title='bbox 1757 2439 1975 2497; x_wconf 87' lang='lat' dir='ltr'>Christi</span> <span class='ocrx_word' id='word_1_428' title='bbox 2022 2438 2272 2499; x_wconf 88' lang='lat' dir='ltr'>divisam</span> <span class='ocrx_word' id='word_1_429' title='bbox 2321 2438 2387 2497; x_wconf 89' lang='lat' dir='ltr'>in</span> <span class='ocrx_word' id='word_1_430' title='bbox 2431 2455 2510 2499; x_wconf 89' lang='lat' dir='ltr'>cc.</span> <span class='ocrx_word' id='word_1_431' title='bbox 2564 2448 2685 2499; x_wconf 94' lang='grc'>100</span> <span class='ocrx_word' id='word_1_432' title='bbox 2738 2436 2811 2494; x_wconf 88' lang='lat' dir='ltr'>ad</span> 
     </span>
     <span class='ocr_line' id='line_1_67' title="bbox 1527 2526 2811 2604; baseline -0.002 -18"><span class='ocrx_word' id='word_1_433' title='bbox 1527 2528 1944 2587; x_wconf 84' lang='lat' dir='ltr'>Innocentium</span> <span class='ocrx_word' id='word_1_434' title='bbox 1992 2528 2088 2586; x_wconf 91' lang='lat' dir='ltr'>VI.</span> <span class='ocrx_word' id='word_1_435' title='bbox 2151 2528 2275 2587; x_wconf 86' lang='lat' dir='ltr'>sive</span> <span class='ocrx_word' id='word_1_436' title='bbox 2334 2528 2693 2604; x_wconf 72' lang='lat' dir='ltr'>cantiloyium</span> <span class='ocrx_word' id='word_1_437' title='bbox 2754 2526 2811 2584; x_wconf 89' lang='lat' dir='ltr'>J.</span> 
     </span>
     <span class='ocr_line' id='line_1_68' title="bbox 1528 2615 2812 2695; baseline -0.002 -19"><span class='ocrx_word' id='word_1_438' title='bbox 1528 2617 1748 2677; x_wconf 77' lang='lat' dir='ltr'>Christi</span> <span class='ocrx_word' id='word_1_439' title='bbox 1791 2621 1995 2677; x_wconf 85' lang='lat' dir='ltr'>contra</span> <span class='ocrx_word' id='word_1_440' title='bbox 2039 2637 2129 2695; x_wconf 89' lang='lat' dir='ltr'>ep.</span> <span class='ocrx_word' id='word_1_441' title='bbox 2161 2615 2416 2676; x_wconf 82' lang='lat' dir='ltr'>Luciferi</span> <span class='ocrx_word' id='word_1_442' title='bbox 2458 2615 2532 2674; x_wconf 87' lang='lat' dir='ltr'>ad</span> <span class='ocrx_word' id='word_1_443' title='bbox 2565 2616 2812 2674; x_wconf 84' lang='lat' dir='ltr'>munda·</span> 
     </span>
     <span class='ocr_line' id='line_1_69' title="bbox 1527 2706 2813 2791; baseline -0.002 -26"><span class='ocrx_word' id='word_1_444' title='bbox 1527 2725 1635 2767; x_wconf 89' lang='lat' dir='ltr'>nos</span> <span class='ocrx_word' id='word_1_445' title='bbox 1667 2709 1739 2766; x_wconf 93' lang='lat' dir='ltr'>de</span> <span class='ocrx_word' id='word_1_446' title='bbox 1770 2725 1889 2767; x_wconf 88' lang='lat' dir='ltr'>non</span> <span class='ocrx_word' id='word_1_447' title='bbox 1920 2707 2268 2791; x_wconf 79' lang='lat' dir='ltr'>apostolicis</span> <span class='ocrx_word' id='word_1_448' title='bbox 2300 2706 2671 2783; x_wconf 90' lang='lat' dir='ltr'>quorundam</span> <span class='ocrx_word' id='word_1_449' title='bbox 2693 2723 2813 2763; x_wconf 87' lang='lat' dir='ltr'>mo·</span> 
     </span>
     <span class='ocr_line' id='line_1_70' title="bbox 1527 2795 2813 2873; baseline -0.002 -19"><span class='ocrx_word' id='word_1_450' title='bbox 1527 2797 1712 2866; x_wconf 86' lang='lat' dir='ltr'>ribus,</span> <span class='ocrx_word' id='word_1_451' title='bbox 1771 2796 1876 2871; x_wconf 89' lang='lat' dir='ltr'>qui</span> <span class='ocrx_word' id='word_1_452' title='bbox 1926 2797 1990 2855; x_wconf 92' lang='lat' dir='ltr'>in</span> <span class='ocrx_word' id='word_1_453' title='bbox 2040 2796 2443 2873; x_wconf 90' lang='lat' dir='ltr'>apostolorum</span> <span class='ocrx_word' id='word_1_454' title='bbox 2506 2814 2569 2854; x_wconf 91' lang='lat' dir='ltr'>se</span> <span class='ocrx_word' id='word_1_455' title='bbox 2618 2795 2813 2854; x_wconf 89' lang='lat' dir='ltr'>locum</span> 
     </span>
     <span class='ocr_line' id='line_1_71' title="bbox 1528 2884 2812 2963; baseline -0.003 -18"><span class='ocrx_word' id='word_1_456' title='bbox 1528 2886 1885 2945; x_wconf 87' lang='lat' dir='ltr'>successisse</span> <span class='ocrx_word' id='word_1_457' title='bbox 1917 2886 2266 2963; x_wconf 88' lang='lat' dir='ltr'>gloriantur,</span> <span class='ocrx_word' id='word_1_458' title='bbox 2302 2885 2581 2960; x_wconf 84' lang='lat' dir='ltr'>scriptam</span> <span class='ocrx_word' id='word_1_459' title='bbox 2612 2884 2687 2942; x_wconf 90' lang='lat' dir='ltr'>ab</span> <span class='ocrx_word' id='word_1_460' title='bbox 2719 2901 2812 2942; x_wconf 89' lang='lat' dir='ltr'>eo·</span> 
     </span>
     <span class='ocr_line' id='line_1_72' title="bbox 1528 2973 2812 3049; baseline -0.002 -16"><span class='ocrx_word' id='word_1_461' title='bbox 1528 2977 1661 3034; x_wconf 87' lang='lat' dir='ltr'>dem</span> <span class='ocrx_word' id='word_1_462' title='bbox 1724 2975 1902 3033; x_wconf 82' lang='lat' dir='ltr'>Petro</span> <span class='ocrx_word' id='word_1_463' title='bbox 1964 2994 2013 3033; x_wconf 88' lang='lat' dir='ltr'>a.</span> <span class='ocrx_word' id='word_1_464' title='bbox 2084 2985 2242 3038; x_wconf 88' lang='grc'>1351</span> <span class='ocrx_word' id='word_1_465' title='bbox 2268 3018 2281 3044; x_wconf 92' lang='grc'><em>,</em></span> <span class='ocrx_word' id='word_1_466' title='bbox 2344 2973 2686 3049; x_wconf 88' lang='lat' dir='ltr'>editamque</span> <span class='ocrx_word' id='word_1_467' title='bbox 2748 2973 2812 3030; x_wconf 88' lang='lat' dir='ltr'>in</span> 
     </span>
     <span class='ocr_line' id='line_1_73' title="bbox 1526 3062 2809 3132; baseline -0.002 -10"><span class='ocrx_word' id='word_1_468' title='bbox 1526 3062 1728 3123; x_wconf 87' lang='lat' dir='ltr'>Wolf</span> <span class='ocrx_word' id='word_1_469' title='bbox 1736 3063 1794 3123; x_wconf 92' lang='lat' dir='ltr'>ii</span> <span class='ocrx_word' id='word_1_470' title='bbox 1844 3064 2200 3123; x_wconf 88' lang='lat' dir='ltr'>lectionibus</span> <span class='ocrx_word' id='word_1_471' title='bbox 2250 3062 2734 3122; x_wconf 89' lang='lat' dir='ltr'>memorabilibus</span> <span class='ocrx_word' id='word_1_472' title='bbox 2764 3062 2809 3132; x_wconf 81' lang='grc' dir='ltr'>Ι,</span> 
     </span>
     <span class='ocr_line' id='line_1_74' title="bbox 1530 3151 2810 3229; baseline -0.004 -13"><span class='ocrx_word' id='word_1_473' title='bbox 1530 3164 1565 3216; x_wconf 88' lang='grc'>6</span> <span class='ocrx_word' id='word_1_474' title='bbox 1575 3164 1608 3216; x_wconf 91' lang='grc'><strong>5</strong></span> <span class='ocrx_word' id='word_1_475' title='bbox 1619 3163 1675 3215; x_wconf 85' lang='grc'>4.</span> <span class='ocrx_word' id='word_1_476' title='bbox 1697 3152 2043 3229; x_wconf 84' lang='lat' dir='ltr'>Disputavit</span> <span class='ocrx_word' id='word_1_477' title='bbox 2056 3172 2296 3229; x_wconf 88' lang='lat' dir='ltr'>quoque</span> <span class='ocrx_word' id='word_1_478' title='bbox 2314 3156 2519 3213; x_wconf 87' lang='lat' dir='ltr'>contra</span> <span class='ocrx_word' id='word_1_479' title='bbox 2532 3151 2572 3210; x_wconf 86' lang='lat' dir='ltr'>J</span> <span class='ocrx_word' id='word_1_480' title='bbox 2574 3151 2810 3211; x_wconf 90' lang='lat' dir='ltr'>udaeos.</span> 
     </span>
     <span class='ocr_line' id='line_1_75' title="bbox 1527 3241 2811 3301; baseline -0.002 -1"><span class='ocrx_word' id='word_1_481' title='bbox 1527 3277 1615 3285; x_wconf 94' lang='lat'>——-</span> <span class='ocrx_word' id='word_1_482' title='bbox 1635 3242 2059 3301; x_wconf 90' lang='lat' dir='ltr'>Benedictinus</span> <span class='ocrx_word' id='word_1_483' title='bbox 2092 3251 2217 3300; x_wconf 84' lang='lat' dir='ltr'>erat</span> <span class='ocrx_word' id='word_1_484' title='bbox 2238 3242 2663 3301; x_wconf 82' lang='lat' dir='ltr'>Gualterus</span> <span class='ocrx_word' id='word_1_485' title='bbox 2687 3241 2811 3298; x_wconf 92' lang='lat' dir='ltr'>Be-</span> 
     </span>
     <span class='ocr_line' id='line_1_76' title="bbox 1527 3329 2814 3408; baseline -0.002 -19"><span class='ocrx_word' id='word_1_486' title='bbox 1527 3331 2149 3391; x_wconf 84' lang='lat' dir='ltr'>derichwortus</span> <span class='ocrx_word' id='word_1_487' title='bbox 2212 3331 2479 3408; x_wconf 90' lang='lat' dir='ltr'>Anglus,</span> <span class='ocrx_word' id='word_1_488' title='bbox 2558 3329 2814 3405; x_wconf 84' lang='lat' dir='ltr'>scriptor</span> 
     </span>
     <span class='ocr_line' id='line_1_77' title="bbox 1528 3419 2813 3485; baseline -0.002 -6"><span class='ocrx_word' id='word_1_489' title='bbox 1528 3420 2086 3480; x_wconf 85' lang='lat' dir='ltr'>commentariorum</span> <span class='ocrx_word' id='word_1_490' title='bbox 2116 3421 2182 3478; x_wconf 92' lang='lat' dir='ltr'>in</span> <span class='ocrx_word' id='word_1_491' title='bbox 2216 3431 2252 3481; x_wconf 87' lang='lat'>4</span> <span class='ocrx_word' id='word_1_492' title='bbox 2287 3420 2351 3483; x_wconf 91' lang='lat' dir='ltr'>ll.</span> <span class='ocrx_word' id='word_1_493' title='bbox 2381 3419 2813 3485; x_wconf 76' lang='lat' dir='ltr'>sententiarum</span> 
     </span>
     <span class='ocr_line' id='line_1_78' title="bbox 1530 3504 2810 3592; baseline -0.002 -24"><span class='ocrx_word' id='word_1_494' title='bbox 1530 3505 1613 3592; x_wconf 90' lang='lat' dir='ltr'>(fl.</span> <span class='ocrx_word' id='word_1_495' title='bbox 1645 3527 1693 3571; x_wconf 86' lang='lat' dir='ltr'>c.</span> <span class='ocrx_word' id='word_1_496' title='bbox 1733 3504 1951 3591; x_wconf 90' lang='grc'>1360).</span> <span class='ocrx_word' id='word_1_497' title='bbox 2002 3541 2088 3552; x_wconf 90' lang='grc'>--</span> <span class='ocrx_word' id='word_1_498' title='bbox 2138 3509 2405 3584; x_wconf 87' lang='lat' dir='ltr'>Denique</span> <span class='ocrx_word' id='word_1_499' title='bbox 2451 3509 2609 3566; x_wconf 89' lang='lat' dir='ltr'>inter</span> <span class='ocrx_word' id='word_1_500' title='bbox 2652 3526 2810 3566; x_wconf 90' lang='lat' dir='ltr'>com-</span> 
     </span>
     <span class='ocr_line' id='line_1_79' title="bbox 1526 3598 2811 3676; baseline -0.002 -19"><span class='ocrx_word' id='word_1_501' title='bbox 1526 3600 1889 3658; x_wconf 86' lang='lat' dir='ltr'>mentatores</span> <span class='ocrx_word' id='word_1_502' title='bbox 1935 3598 2205 3676; x_wconf 85' lang='lat' dir='ltr'>magistri</span> <span class='ocrx_word' id='word_1_503' title='bbox 2240 3598 2672 3657; x_wconf 88' lang='lat' dir='ltr'>sententiarum</span> <span class='ocrx_word' id='word_1_504' title='bbox 2707 3614 2811 3655; x_wconf 89' lang='lat' dir='ltr'>no·</span> 
     </span>
     <span class='ocr_line' id='line_1_80' title="bbox 1527 3685 2812 3747; baseline -0.002 -1"><span class='ocrx_word' id='word_1_505' title='bbox 1527 3688 1746 3747; x_wconf 89' lang='lat' dir='ltr'>minari</span> <span class='ocrx_word' id='word_1_506' title='bbox 1796 3686 1988 3746; x_wconf 88' lang='lat' dir='ltr'>adhuc</span> <span class='ocrx_word' id='word_1_507' title='bbox 2035 3690 2296 3746; x_wconf 87' lang='lat' dir='ltr'>merent:</span> <span class='ocrx_word' id='word_1_508' title='bbox 2349 3686 2708 3745; x_wconf 90' lang='lat' dir='ltr'>Sibertus</span> <span class='ocrx_word' id='word_1_509' title='bbox 2740 3685 2812 3744; x_wconf 89' lang='lat' dir='ltr'>de</span> 
     </span>
     <span class='ocr_line' id='line_1_81' title="bbox 1527 3771 2811 3860; baseline -0.002 -24"><span class='ocrx_word' id='word_1_510' title='bbox 1527 3776 1574 3836; x_wconf 94' lang='lat' dir='ltr'>B</span> <span class='ocrx_word' id='word_1_511' title='bbox 1591 3796 1625 3836; x_wconf 96' lang='lat' dir='ltr'>o</span> <span class='ocrx_word' id='word_1_512' title='bbox 1642 3798 1680 3854; x_wconf 92' lang='lat' dir='ltr'>p</span> <span class='ocrx_word' id='word_1_513' title='bbox 1694 3797 1735 3854; x_wconf 89' lang='lat' dir='ltr'>p</span> <span class='ocrx_word' id='word_1_514' title='bbox 1756 3797 1791 3836; x_wconf 89' lang='lat' dir='ltr'>a</span> <span class='ocrx_word' id='word_1_515' title='bbox 1805 3796 1837 3835; x_wconf 92' lang='lat' dir='ltr'>r</span> <span class='ocrx_word' id='word_1_516' title='bbox 1851 3777 1923 3835; x_wconf 91' lang='lat' dir='ltr'>di</span> <span class='ocrx_word' id='word_1_517' title='bbox 1943 3797 1977 3835; x_wconf 90' lang='lat' dir='ltr'>a</span> <span class='ocrx_word' id='word_1_518' title='bbox 2010 3772 2112 3860; x_wconf 90' lang='lat' dir='ltr'>(de</span> <span class='ocrx_word' id='word_1_519' title='bbox 2133 3771 2466 3857; x_wconf 84' lang='lat' dir='ltr'>Troistorp)</span> <span class='ocrx_word' id='word_1_520' title='bbox 2501 3774 2811 3850; x_wconf 86' lang='lat' dir='ltr'>episcopus</span> 
     </span>
     <span class='ocr_line' id='line_1_82' title="bbox 1528 3859 2812 3947; baseline -0.002 -22"><span class='ocrx_word' id='word_1_521' title='bbox 1528 3866 1793 3925; x_wconf 85' lang='lat' dir='ltr'>titularis</span> <span class='ocrx_word' id='word_1_522' title='bbox 1826 3866 2230 3925; x_wconf 87' lang='lat' dir='ltr'>malvasiensis</span> <span class='ocrx_word' id='word_1_523' title='bbox 2263 3861 2325 3947; x_wconf 86' lang='lat'>(†</span> <span class='ocrx_word' id='word_1_524' title='bbox 2355 3859 2569 3945; x_wconf 86' lang='lat'>1359),</span> <span class='ocrx_word' id='word_1_525' title='bbox 2602 3868 2664 3922; x_wconf 89' lang='lat' dir='ltr'>et</span> <span class='ocrx_word' id='word_1_526' title='bbox 2693 3863 2732 3922; x_wconf 87' lang='lat' dir='ltr'><strong>J</strong></span> <span class='ocrx_word' id='word_1_527' title='bbox 2749 3883 2812 3923; x_wconf 94' lang='lat' dir='ltr'>o-</span> 
     </span>
     <span class='ocr_line' id='line_1_83' title="bbox 1527 3951 2810 4023; baseline -0.001 -9"><span class='ocrx_word' id='word_1_528' title='bbox 1527 3974 1764 4015; x_wconf 89' lang='lat' dir='ltr'>annes</span> <span class='ocrx_word' id='word_1_529' title='bbox 1827 3956 1899 4013; x_wconf 92' lang='lat' dir='ltr'>de</span> <span class='ocrx_word' id='word_1_530' title='bbox 1928 3951 2409 4015; x_wconf 85' lang='lat' dir='ltr'>&#39;Imenhusen</span> <span class='ocrx_word' id='word_1_531' title='bbox 2459 3955 2810 4023; x_wconf 64' lang='lat' dir='ltr'>Germanus»,</span> 
     </span>
     <span class='ocr_line' id='line_1_84' title="bbox 1527 4039 2811 4125; baseline 0.001 -22"><span class='ocrx_word' id='word_1_532' title='bbox 1527 4043 1732 4105; x_wconf 90' lang='lat' dir='ltr'>doctor</span> <span class='ocrx_word' id='word_1_533' title='bbox 1777 4043 2117 4120; x_wconf 88' lang='lat' dir='ltr'>parisiensis</span> <span class='ocrx_word' id='word_1_534' title='bbox 2161 4044 2244 4124; x_wconf 85' lang='lat' dir='ltr'>(fl.</span> <span class='ocrx_word' id='word_1_535' title='bbox 2296 4039 2512 4125; x_wconf 89' lang='grc'>1360).</span> <span class='ocrx_word' id='word_1_536' title='bbox 2566 4078 2648 4087; x_wconf 94' lang='grc'><strong>-</strong></span> <span class='ocrx_word' id='word_1_537' title='bbox 2694 4042 2734 4102; x_wconf 87' lang='lat' dir='ltr'><strong>J</strong></span> <span class='ocrx_word' id='word_1_538' title='bbox 2750 4062 2811 4104; x_wconf 93' lang='lat' dir='ltr'>o-</span> 
     </span>
     <span class='ocr_line' id='line_1_85' title="bbox 1528 4133 2813 4204; baseline -0.002 -12"><span class='ocrx_word' id='word_1_539' title='bbox 1528 4152 1766 4193; x_wconf 88' lang='lat' dir='ltr'>annes</span> <span class='ocrx_word' id='word_1_540' title='bbox 1797 4134 2262 4204; x_wconf 89' lang='lat' dir='ltr'>Buridanus,</span> <span class='ocrx_word' id='word_1_541' title='bbox 2298 4133 2813 4202; x_wconf 87' lang='lat' dir='ltr'>Gallus,nonerat</span> 
     </span>
     <span class='ocr_line' id='line_1_86' title="bbox 1526 4221 2813 4300; baseline -0.001 -19"><span class='ocrx_word' id='word_1_542' title='bbox 1526 4223 1869 4300; x_wconf 89' lang='lat' dir='ltr'>theologus,</span> <span class='ocrx_word' id='word_1_543' title='bbox 1923 4223 2025 4281; x_wconf 88' lang='lat' dir='ltr'>sed</span> <span class='ocrx_word' id='word_1_544' title='bbox 2078 4222 2462 4298; x_wconf 90' lang='lat' dir='ltr'>philosophus</span> <span class='ocrx_word' id='word_1_545' title='bbox 2513 4221 2670 4281; x_wconf 89' lang='lat' dir='ltr'>haud</span> <span class='ocrx_word' id='word_1_546' title='bbox 2722 4223 2813 4280; x_wconf 91' lang='lat' dir='ltr'>in-</span> 
     </span>
     <span class='ocr_line' id='line_1_87' title="bbox 1527 4311 2813 4390; baseline -0.001 -21"><span class='ocrx_word' id='word_1_547' title='bbox 1527 4312 1702 4371; x_wconf 88' lang='lat' dir='ltr'>fimus</span> <span class='ocrx_word' id='word_1_548' title='bbox 1734 4312 1968 4371; x_wconf 88' lang='lat' dir='ltr'>scholae</span> <span class='ocrx_word' id='word_1_549' title='bbox 1997 4312 2405 4383; x_wconf 88' lang='lat' dir='ltr'>nominalium,</span> <span class='ocrx_word' id='word_1_550' title='bbox 2456 4311 2687 4390; x_wconf 81' lang='lat' dir='ltr'>Occami</span> <span class='ocrx_word' id='word_1_551' title='bbox 2722 4311 2813 4369; x_wconf 89' lang='lat' dir='ltr'>di-</span> 
     </span>
     <span class='ocr_line' id='line_1_88' title="bbox 1529 4400 2815 4478; baseline -0.001 -18"><span class='ocrx_word' id='word_1_552' title='bbox 1529 4401 1813 4477; x_wconf 72' lang='lat' dir='ltr'>scipulae,</span> <span class='ocrx_word' id='word_1_553' title='bbox 1863 4402 2272 4478; x_wconf 88' lang='lat' dir='ltr'>philosophiae</span> <span class='ocrx_word' id='word_1_554' title='bbox 2319 4400 2612 4477; x_wconf 81' lang='lat' dir='ltr'>professor</span> <span class='ocrx_word' id='word_1_555' title='bbox 2656 4401 2815 4476; x_wconf 87' lang='lat' dir='ltr'>pari-</span> 
     </span>
     <span class='ocr_line' id='line_1_89' title="bbox 1527 4490 2814 4567; baseline -0.002 -17"><span class='ocrx_word' id='word_1_556' title='bbox 1527 4491 1745 4550; x_wconf 90' lang='lat' dir='ltr'>siensis</span> <span class='ocrx_word' id='word_1_557' title='bbox 1777 4490 2119 4550; x_wconf 86' lang='lat' dir='ltr'>nominatus</span> <span class='ocrx_word' id='word_1_558' title='bbox 2151 4509 2517 4567; x_wconf 86' lang='lat' dir='ltr'>magnaeque</span> <span class='ocrx_word' id='word_1_559' title='bbox 2558 4490 2814 4548; x_wconf 88' lang='lat' dir='ltr'>auctori-</span> 
     </span>
    </p>
   </div>
   <div class='ocr_carea' id='block_1_14' title="bbox 1529 4612 1849 4621">
    <p class='ocr_par' dir='ltr' id='par_1_14' title="bbox 1529 4612 1849 4621">
     <span class='ocr_line' id='line_1_90' title="bbox 1529 4612 1849 4621; baseline 0 743"><span class='ocrx_word' id='word_1_560' title='bbox 1529 4612 1849 4621; x_wconf 95' lang='lat' dir='ltr'> </span> 
     </span>
    </p>
   </div>
   <div class='ocr_carea' id='block_1_15' title="bbox 2541 4658 2813 4783">
    <p class='ocr_par' dir='ltr' id='par_1_15' title="bbox 2541 4658 2813 4783">
     <span class='ocr_line' id='line_1_91' title="bbox 2544 4658 2813 4712; baseline -0.004 -1"><span class='ocrx_word' id='word_1_561' title='bbox 2544 4658 2813 4712; x_wconf 89' lang='lat' dir='ltr'>istrorum</span> 
     </span>
     <span class='ocr_line' id='line_1_92' title="bbox 2541 4729 2813 4783; baseline -0.007 0"><span class='ocrx_word' id='word_1_562' title='bbox 2541 4729 2707 4783; x_wconf 79' lang='lat' dir='ltr'>em‘fle</span> <span class='ocrx_word' id='word_1_563' title='bbox 2751 4729 2813 4781; x_wconf 85' lang='lat' dir='ltr'>in</span> 
     </span>
    </p>
   </div>
   <div class='ocr_carea' id='block_1_16' title="bbox 1645 4659 2461 4729">
    <p class='ocr_par' dir='ltr' id='par_1_16' title="bbox 1645 4659 2461 4729">
     <span class='ocr_line' id='line_1_93' title="bbox 1645 4659 2461 4729; baseline -0.002 -16"><span class='ocrx_word' id='word_1_564' title='bbox 1645 4664 1680 4729; x_wconf 84' lang='lat'>¹)</span> <span class='ocrx_word' id='word_1_565' title='bbox 1710 4661 1798 4713; x_wconf 88' lang='lat' dir='ltr'>lta</span> <span class='ocrx_word' id='word_1_566' title='bbox 1836 4661 1899 4713; x_wconf 89' lang='lat' dir='ltr'>in</span> <span class='ocrx_word' id='word_1_567' title='bbox 1939 4659 2179 4728; x_wconf 88' lang='lat' dir='ltr'>antiqua</span> <span class='ocrx_word' id='word_1_568' title='bbox 2223 4659 2365 4713; x_wconf 88' lang='lat' dir='ltr'>serie</span> <span class='ocrx_word' id='word_1_569' title='bbox 2411 4677 2461 4711; x_wconf 87' lang='lat' dir='ltr'>m</span> 
     </span>
    </p>
   </div>
   <div class='ocr_carea' id='block_1_17' title="bbox 251 4799 2816 4944">
    <p class='ocr_par' dir='ltr' id='par_1_17' title="bbox 251 4799 2816 4944">
     <span class='ocr_line' id='line_1_94' title="bbox 251 4799 2815 4872; baseline -0.002 -14"><span class='ocrx_word' id='word_1_570' title='bbox 251 4804 297 4841; x_wconf 82' lang='lat'>¹¹¹</span> <span class='ocrx_word' id='word_1_571' title='bbox 327 4804 582 4863; x_wconf 60' lang='lat' dir='ltr'>grmnado</span> <span class='ocrx_word' id='word_1_572' title='bbox 623 4803 966 4859; x_wconf 79' lang='lat' dir='ltr'>erfordiensi</span> <span class='ocrx_word' id='word_1_573' title='bbox 1009 4803 1269 4860; x_wconf 87' lang='lat' dir='ltr'>docuisse</span> <span class='ocrx_word' id='word_1_574' title='bbox 1303 4802 1472 4872; x_wconf 89' lang='lat' dir='ltr'>eique</span> <span class='ocrx_word' id='word_1_575' title='bbox 1527 4802 1737 4856; x_wconf 83' lang='lat' dir='ltr'>Archiv</span> <span class='ocrx_word' id='word_1_576' title='bbox 1772 4802 1833 4867; x_wconf 88' lang='lat' dir='ltr'>V,</span> <span class='ocrx_word' id='word_1_577' title='bbox 1860 4806 1983 4859; x_wconf 85' lang='lat'>376.</span> <span class='ocrx_word' id='word_1_578' title='bbox 2035 4802 2118 4858; x_wconf 88' lang='lat' dir='ltr'>Cf.</span> <span class='ocrx_word' id='word_1_579' title='bbox 2155 4804 2221 4862; x_wconf 85' lang='lat' dir='ltr'>A.</span> <span class='ocrx_word' id='word_1_580' title='bbox 2252 4801 2506 4855; x_wconf 81' lang='lat' dir='ltr'>Parraud</span> <span class='ocrx_word' id='word_1_581' title='bbox 2536 4801 2637 4854; x_wconf 93' lang='lat' dir='ltr'>Vie</span> <span class='ocrx_word' id='word_1_582' title='bbox 2664 4800 2732 4853; x_wconf 86' lang='lat' dir='ltr'>de</span> <span class='ocrx_word' id='word_1_583' title='bbox 2759 4799 2815 4854; x_wconf 88' lang='lat' dir='ltr'>S.</span> 
     </span>
     <span class='ocr_line' id='line_1_95' title="bbox 254 4869 2816 4944; baseline -0 -18"><span class='ocrx_word' id='word_1_584' title='bbox 254 4869 427 4926; x_wconf 70' lang='lat' dir='ltr'>praeter</span> <span class='ocrx_word' id='word_1_585' title='bbox 458 4875 558 4930; x_wconf 81' lang='lat' dir='ltr'>alia</span> <span class='ocrx_word' id='word_1_586' title='bbox 597 4876 808 4931; x_wconf 83' lang='lat' dir='ltr'>tribuit</span> <span class='ocrx_word' id='word_1_587' title='bbox 845 4874 1018 4929; x_wconf 90' lang='lat' dir='ltr'>etiam</span> <span class='ocrx_word' id='word_1_588' title='bbox 1045 4892 1140 4944; x_wconf 91' lang='lat' dir='ltr'>qq.</span> <span class='ocrx_word' id='word_1_589' title='bbox 1167 4875 1472 4930; x_wconf 89' lang='lat' dir='ltr'>sententia·</span> <span class='ocrx_word' id='word_1_590' title='bbox 1531 4874 1590 4927; x_wconf 90' lang='lat' dir='ltr'>P.</span> <span class='ocrx_word' id='word_1_591' title='bbox 1618 4874 1865 4927; x_wconf 80' lang='lat' dir='ltr'>Thomas</span> <span class='ocrx_word' id='word_1_592' title='bbox 1908 4873 1978 4927; x_wconf 88' lang='lat' dir='ltr'>de</span> <span class='ocrx_word' id='word_1_593' title='bbox 2024 4872 2127 4928; x_wconf 88' lang='lat' dir='ltr'>l’O.</span> <span class='ocrx_word' id='word_1_594' title='bbox 2172 4873 2270 4927; x_wconf 89' lang='lat' dir='ltr'>des</span> <span class='ocrx_word' id='word_1_595' title='bbox 2311 4872 2519 4937; x_wconf 86' lang='lat' dir='ltr'>Carms,</span> <span class='ocrx_word' id='word_1_596' title='bbox 2548 4874 2816 4942; x_wconf 86' lang='lat' dir='ltr'>Avignon</span> 
     </span>
    </p>
   </div>
   <div class='ocr_carea' id='block_1_18' title="bbox 256 4944 365 4991">
    <p class='ocr_par' dir='ltr' id='par_1_18' title="bbox 256 4944 365 4991">
     <span class='ocr_line' id='line_1_96' title="bbox 256 4944 365 4991; baseline 0 -4"><span class='ocrx_word' id='word_1_597' title='bbox 256 4944 365 4991; x_wconf 76' lang='lat' dir='ltr'>mm.</span> 
     </span>
    </p>
   </div>
   <div class='ocr_carea' id='block_1_19' title="bbox 1532 4949 1686 5003">
    <p class='ocr_par' dir='ltr' id='par_1_19' title="bbox 1532 4949 1686 5003">
     <span class='ocr_line' id='line_1_97' title="bbox 1532 4949 1686 5003; baseline -0.026 -1"><span class='ocrx_word' id='word_1_598' title='bbox 1532 4949 1686 5003; x_wconf 83' lang='lat'>1895.</span> 
     </span>
    </p>
   </div>
  </div>
 </body>
</html>
