3475 5364
299 411 326 464 1
340 408 376 463 3
388 409 414 461 1
429 408 465 463 3
542 440 545 445 ,
1326 391 1473 459 Aug.
1500 387 1870 442 Giustiniani.
2163 470 2164 473 Ἴ
2507 400 2517 413 ·
2740 407 2764 457 1
2782 405 2904 459 314

294 598 410 654 qua
454 577 655 653 potuit
697 576 824 635 fieri
875 595 1016 634 cura
1063 578 1126 634 et
1169 574 1482 653 diligentia
1533 593 1565 633 e
1624 573 1755 632 cida
1790 576 2087 649 expositio,
2109 572 2472 649 Argentinae
2498 582 2523 633 l
2541 582 2701 644 5193
2735 573 2904 631 Sum-

292 673 504 745 graeco'
545 671 606 726 et
637 665 925 725 hebraicis
970 664 1240 724 dialectis
1282 663 1570 723 latinitati
1625 682 1723 722 ma
1770 663 2014 732 Rosella,
2070 658 2162 743 (cf.
2195 682 2250 739 p.
2296 656 2507 742 1074),
2539 662 2905 739 Argentinae

291 756 609 826 redditum,
632 754 853 830 prodiit
891 756 1199 831 Augustae
1225 762 1413 823 1524,
1434 771 1569 812 cum
1633 763 1834 820 1516;
1880 753 2122 811 Summa
2163 770 2546 828 summarum,
2594 771 2744 827 quae
2777 752 2904 828 Syl-

293 844 777 905 annotationibus
821 844 1177 913 moralibus;
1227 843 1405 902 etiam
1437 860 1567 919 ger·
1624 843 1875 899 vestrim
1891 841 2111 900 dicitur
2128 837 2224 921 (de
2239 861 2357 916 qua
2371 841 2526 899 infra
2546 836 2904 921 loquemur),

294 935 552 994 manice:
601 934 723 992 Der
754 931 981 991 Psalter
1026 933 1129 991 des
1172 932 1400 1009 Konigs
1445 931 1570 989 und
1623 930 1702 988 ib.
1744 939 1909 994 1518
1945 934 2054 989 etc.

292 1024 627 1099 Propheten
679 1021 912 1090 Davida,
962 1021 1041 1079 ib.
1101 1031 1302 1092 15243
1352 1020 1572 1079 nititur

294 1132 338 1172 s,
394 1111 762 1187 Scripturam
812 1129 916 1186 per
962 1110 1154 1186 ipsam
1203 1109 1571 1185 scripturam

290 1202 607 1261 illustrare.
644 1200 967 1277 Alleqoriae
990 1200 1363 1273 psalmorum
1382 1199 1567 1258 Davi-

294 1293 388 1350 dis
396 1291 706 1365 prophetae
721 1288 1043 1347 secundum
1077 1288 1383 1347 literarum
1415 1287 1571 1346 ordi-

294 1400 427 1438 nem
492 1381 809 1447 tractatae,
881 1378 1102 1452 quibus
1164 1376 1573 1452 subjiciuntur

292 1470 507 1545 plectra
557 1468 621 1526 jn
669 1467 936 1543 singulos
971 1468 1240 1543 pealmee,
1277 1485 1430 1541 quae
1481 1466 1568 1523 rei
1624 1430 2009 1505 parentibus,
2060 1429 2165 1504 qui
2212 1429 2411 1530 omnia
2454 1428 2520 1486 in
2564 1447 2702 1529 eum
2749 1446 2906 1487 com-
2969 1474 2972 1481 .

294 1559 487 1617 toffiug
519 1576 806 1616 summam
850 1557 975 1614 eive
1017 1561 1433 1632 argumentum
1467 1574 1572 1629 ap·
1626 1522 1960 1590 moverunt,
2015 1519 2241 1577 dimitti
2274 1537 2341 1576 ex
2374 1537 2443 1576 eo
2475 1518 2685 1576 debuit
2728 1520 2908 1591 atque

294 1648 516 1724 pellam
548 1644 781 1714 1109b1t3
814 1647 875 1702 et
908 1644 1123 1719 Serapi
1140 1644 1407 1720 psalterii
1439 1644 1572 1703 vul-
1626 1609 2140 1709 ipseUmeroaturae
2173 1626 2234 1666 se
2268 1607 2477 1676 dicare,
2510 1606 2760 1708 ideoque
2793 1605 2906 1664 Va-

294 1740 465 1813 gatae
497 1734 773 1794 editionis
817 1734 852 1791 i·
887 1753 933 1791 e·
967 1734 1383 1810 explicationes
1415 1734 1572 1792 1000-
1628 1698 1873 1756 lentiam
1906 1698 2023 1755 fmt
2053 1716 2289 1756 missus.
2351 1697 2484 1754 Jam
2519 1696 2746 1754 delicus
2779 1714 2908 1756 coe-

295 1845 428 1884 rum
462 1825 846 1884 obscurorum
875 1824 968 1881 vel
1001 1842 1121 1883 non
1153 1824 1297 1881 satis
1327 1823 1478 1881 bene
1506 1822 1574 1880 in
1626 1786 1717 1862 pst*
1767 1786 2069 1855 diffluere’
2123 1806 2258 1845 Cum
2309 1784 2512 1844 morbo
2561 1784 2908 1862 gl’RViSSimO

1627 1875 1900 1945 afflictus,
1945 1876 2051 1950 qui
2083 1894 2219 1934 eum
2248 1874 2321 1932 ad
2353 1877 2613 1932 extrema
2643 1874 2906 1944 deduxit,

1626 1964 1699 2023 ad
1721 1965 1919 2040 priora
1951 1969 2014 2023 et
2032 1965 2266 2023 saniora
2286 1962 2469 2022 rediit
2483 1963 2747 2035 consilia,
2781 1963 2907 2021 vix·-

1629 2072 1745 2128 que
1796 2054 2209 2112 convalescens
2270 2053 2494 2111 frustra
2556 2052 2906 2128 parentibus

1628 2142 2041 2201 obnitentibus
2116 2141 2376 2201 ordinem
2450 2144 2541 2199 est
2601 2141 2906 2218 ingressus

1627 2231 1943 2306 dictusque
1973 2231 2367 2307 AugustinuS,
2420 2249 2551 2289 cum
2599 2235 2773 2289 antea
2803 2248 2904 2288 vo-

1628 2323 1866 2379 caretur
1886 2321 2179 2380 Pantaleo.
2227 2320 2448 2379 Pietati
2470 2319 2678 2378 exinde
2710 2317 2905 2377 indul·

1629 2410 1710 2468 sit
1741 2412 1803 2468 et
1833 2410 2051 2484 literis,
2098 2410 2320 2486 linguis
2351 2409 2533 2468 etiam
2565 2426 2906 2484 comparan-

1629 2498 1721 2557 dis
1741 2517 1999 2575 graecae,
2022 2498 2348 2567 hebraicae,
2380 2497 2650 2557 arabicae
2670 2501 2730 2556 et
2748 2497 2906 2555 chal-

1628 2588 1845 2647 daicae.
1890 2587 2081 2647 Annis
2110 2599 2184 2651 18
2208 2587 2447 2664 legendi
2466 2605 2617 2646 onus
2648 2587 2713 2644 in
2733 2586 2909 2645 variis

1628 2676 1953 2761 gymnasiis
1987 2677 2175 2737 subiit
2215 2697 2350 2736 cum
2381 2676 2584 2736 fructu
2614 2676 2910 2751 laudeque

1627 2785 1747 2826 non
1779 2768 2032 2844 vulgari.
2078 2770 2130 2826 A
2164 2768 2353 2826 Leone
2385 2763 2451 2824 X.
2484 2771 2789 2842 promotus
2820 2768 2911 2824 est

1627 2856 1700 2914 ad
1733 2856 1930 2915 sedem
1950 2857 2289 2915 nebiensem
2321 2856 2386 2913 in
2404 2855 2639 2915 Corsica
2660 2849 2907 2937 (1514);

1627 2965 1662 3003 a
1692 2945 2002 3004 Francisco
2034 2946 2080 3003 Ι.
2128 2944 2349 3004 Galliae
2381 2963 2516 3022 rege
2549 2944 2773 3003 accitus
2805 2943 2907 3003 Pa-

1626 3034 1822 3100 risios.
1873 3038 1945 3093 ut
1990 3035 2107 3093 sibi
2153 3051 2307 3093 esset
2355 3054 2390 3092 a
2419 3033 2665 3093 consilio
2697 3037 2759 3092 et
2789 3033 2907 3091 ele·

1627 3125 1924 3200 emosynis
1956 3128 2134 3199 atque
2178 3123 2239 3182 in
2276 3123 2664 3182 universitate
2696 3121 2907 3180 ludum

1627 3214 1887 3288 aperiret
1918 3213 2158 3289 linguae
2191 3213 2512 3271 hebraicae.
2557 3211 2909 3270 Professoris

1626 3302 1776 3376 regii
1798 3321 2041 3359 munere
2073 3303 2306 3378 integro
2328 3301 2512 3359 ferme
2542 3299 2784 3359 functus
2816 3304 2909 3358 est

1627 3390 2053 3464 quinquennio
2131 3390 2214 3448 Ea
2278 3390 2579 3448 occasione
2627 3388 2909 3446 lustravit

1626 3477 1899 3554 Belgium
1945 3481 2006 3536 et
2036 3479 2315 3554 Angliam
2357 3478 2431 3536 ab
2462 3478 2717 3536 Henrico
2754 3476 2907 3534 VIII.

294 3604 580 3680 martyrio
612 3603 1025 3678 supplicioque
1056 3601 1284 3669 dedere,
1330 3605 1569 3678 Augus·
1628 3566 1943 3668 honf'rffioe
1973 3573 2271 3667 ‘'JOEPWS·
2333 3567 2579 3667 {nterim
2597 3584 2779 3666 ‘SD-8111
2813 3583 2906 3623 ec-

292 3696 389 3752 tae
415 3705 441 3757 1
458 3702 530 3756 51
548 3704 574 3756 1
603 3692 667 3750 in
690 3703 759 3762 43
792 3691 1121 3750 doctissimi
1154 3692 1256 3750 Ha
1269 3712 1305 3767 ἃ,
1325 3712 1385 3749 m
1399 3711 1434 3750 ο
1452 3690 1527 3749 ni
1544 3710 1571 3749 S
1627 3657 1866 3715 clesiam
1898 3674 2155 3715 revisere
2188 3658 2435 3714 statuit:
2488 3655 2722 3713 rediens
2768 3672 2907 3712 vero

294 3783 545 3851 Saxonis,
598 3800 689 3857 ep,
734 3781 1257 3840 halberstadiensis
1305 3777 1365 3862 (†
1415 3776 1567 3861 353)
1628 3746 2050 3846 Gen-naamam
2082 3744 2297 3805 civitas
2329 3744 2524 3803 turbis
2555 3743 2817 3820 graviter
2849 3747 2908 3800 et

291 3873 356 3930 i„
386 3873 441 3932 d,
474 3872 649 3931 Paul,-
678 3888 765 3944 ep·
810 3889 943 3929 eum
974 3870 1172 3929 brevis
1202 3873 1335 3928 tum
1365 3868 1570 3946 pedu·
1625 3835 1802 3935 bellis
1821 3837 2171 3935 agitaretur,
2194 3834 2527 3934 catapultae
2542 3832 2757 3933 glande
2772 3851 2907 3933 gra-

1625 3928 1780 3982 viter
1810 3923 1927 3982 fmt
1958 3923 2325 3982 vulneratus.
2375 3922 2629 3981 Sanitat1
2661 3925 2905 3995 restitu-

1626 4015 1726 4071 tus
1760 4011 2074 4072 dioecesim
2108 4030 2276 4071 suam
2306 4011 2570 4082 accessit,
2605 4030 2783 4087 quam
2815 4029 2905 4068 se-

1718 1084 1863 1136 611.
1885 1073 2379 1150 Augustinus
2413 1072 2905 1131 Giustiniani

1621 1162 1820 1239 patria
1897 1162 1937 1221 J
1939 1162 2218 1223 anuensis
2286 1181 2318 1219 e
2380 1161 2748 1221 nobilissima
2820 1162 2904 1219 fa-

1623 1250 1790 1310 milia
1829 1255 2160 1328 prognatus
2212 1263 2237 1313 1
2252 1260 2330 1312 47
2344 1263 2399 1321 0,
2446 1269 2598 1325 puer
2636 1262 2658 1313 1
2677 1261 2713 1313 4
2756 1270 2806 1308 a.
2840 1250 2905 1311 Ο.

1624 1340 2103 1400 Praedicatorum
2136 1359 2197 1399 se
2226 1339 2452 1398 addixit
2464 1333 2532 1419 ¹),
2569 1339 2671 1397 sed
2704 1338 2908 1398 invitis

294 1914 564 1973 versione
625 1929 1036 1987 expressorum
1065 1907 1112 1993 ²)
1132 1957 1145 1983 ,
1210 1913 1290 1971 ib.
1370 1919 1571 1981 1524;

294 2004 669 2079 Evanyelicae
698 2002 975 2059 historiae
1004 2019 1074 2059 ex
1107 2004 1365 2076 quatuor
1394 2020 1570 2059 evan·

294 2092 526 2170 gelistis
546 2094 834 2167 perpetuo
853 2093 1057 2150 tenore
1078 2094 1411 2149 continuata
1432 2108 1571 2148 nar-

293 2184 448 2240 ratio
468 2200 534 2239 ex
557 2182 609 2238 A
623 2200 680 2237 m
699 2199 732 2239 0
748 2179 863 2237 nii
893 2181 1035 2238 alex.
1057 2179 1405 2256 fragmentis
1441 2179 1574 2253 qui-

293 2270 544 2329 busdam
579 2288 610 2327 e
641 2286 869 2345 graec0,
904 2268 980 2326 ib.
1011 2277 1194 2339 1523,
1229 2268 1404 2327 etiam
1440 2286 1573 2344 ger-

296 2359 521 2417 manice
536 2359 649 2415 Die
667 2358 1044 2432 evanyelische
1059 2357 1302 2433 Hystori
1313 2401 1327 2415 .
1352 2402 1365 2414 .
1388 2402 1402 2416 .
1420 2359 1574 2415 samt

296 2449 460 2506 ainer
504 2448 888 2521 erleuterung
935 2445 1040 2505 der
1084 2446 1384 2505 schweren
1416 2449 1576 2504 orter

296 2536 420 2595 und
452 2540 655 2612 gutem
687 2534 922 2594 bericht
962 2554 1054 2593 wo
1100 2536 1211 2593 alle
1255 2535 1406 2611 ding
1436 2534 1569 2593 hin·

296 2625 568 2696 dienend,
614 2624 693 2684 ib.
736 2632 919 2688 1525.
998 2624 1128 2684 Etsi
1161 2623 1313 2684 forte
1343 2624 1407 2684 in
1437 2623 1573 2684 doc-

294 2716 455 2774 trina
495 2715 567 2774 de
605 2713 1032 2791 justificatione
1077 2715 1329 2789 aliisque
1372 2713 1573 2773 minus

296 2807 450 2865 clare
495 2808 557 2864 et
600 2822 738 2863 sane
783 2802 1051 2874 disserat,
1098 2822 1220 2862 non
1263 2805 1575 2879 propterea

293 2894 370 2953 iis
402 2894 692 2953 accenseri
723 2896 936 2968 potest,
971 2893 1079 2968 qui
1110 2892 1570 2970 protestantium

293 2984 595 3043 erroribus
626 2982 898 3053 faverint,
943 2981 1165 3040 nedum
1196 3001 1399 3042 eorum
1434 3000 1570 3057 pro-

292 3073 567 3131 baverint
606 3070 1011 3130 desectionem.
1090 3071 1361 3129 Aliorum
1406 3088 1574 3146 prae-

294 3164 643 3235 tereaopera
655 3159 1007 3232 edidit2),ut
1022 3159 1386 3218 Ulbertini
1407 3159 1503 3218 Tu
1515 3177 1572 3216 s-

296 3249 458 3306 culi
508 3247 828 3306 Brixiensis
878 3249 939 3309 Il.
993 3257 1027 3307 2
1084 3248 1440 3323 Symondos:
1504 3249 1574 3304 de

294 3337 659 3395 Judaeorum
680 3337 955 3411 perfidia,
989 3336 1281 3410 quomodo
1299 3336 1355 3397 J.
1377 3335 1570 3394 Chris-

293 3430 424 3485 tum
457 3424 892 3494 orucifixerunt,
940 3424 995 3482 d.
1030 3424 1383 3483 Richardum
1416 3424 1571 3500 pari-

294 3516 563 3584 siensem,
586 3513 881 3573 Simonem
898 3513 1294 3571 tridentinum
1313 3512 1572 3571 afflixere

296 4166 306 4175 .
369 4098 407 4164 ¹)
436 4094 510 4176 Iste
556 4095 715 4162 Long
758 4093 1047 4164 geminum
1091 4092 1143 4145 ei
1182 4093 1389 4146 tribuit
1425 4111 1570 4163 opus

291 4168 858 4305 {galegpguungriilllggffi
875 4184 958 4291 311¹?
987 4167 1571 4305 ἕὲἵὲἕξὶῗτξεοζῗξέρῑζὲἔ
1702 4239 1742 4306 ¹)
1768 4235 1856 4288 Ab
1907 4251 1971 4290 eo
2026 4234 2307 4305 distingui
2358 4235 2528 4288 debet
2587 4236 2641 4290 b.
2692 4233 2908 4288 Paulus

292 4308 663 4377 depromptae
707 4312 765 4361 et
806 4309 868 4361 in
914 4308 1171 4361 ordinem
1207 4307 1461 4377 digestae
1502 4323 1569 4361 ex
1625 4306 1979 4362 Giustiniani
2042 4311 2279 4361 venetus
2341 4306 2641 4361 institutor
2681 4321 2908 4375 congre-

293 4378 975 4448 operibus30auotorum,
1003 4378 1233 4432 Parisiis
1250 4382 1408 4437 1550:
1431 4383 1569 4435 1574
1624 4378 1876 4449 gationis
1916 4380 1978 4433 O.
2006 4376 2161 4434 Cam.
2200 4379 2270 4433 de
2298 4377 2491 4433 Monte
2519 4379 2738 4432 Corona
2783 4377 2908 4448 (qui

291 4450 354 4503 in
381 4454 432 4505 8.
1623 4451 1748 4531 ejus
1774 4453 1860 4503 est
1884 4449 2046 4504 velut
2073 4449 2228 4503 locus
2250 4449 2514 4505 centralis
2536 4465 2712 4519 prope
2738 4447 2909 4502 Peru·

364 4527 407 4584 ²)
431 4521 512 4574 Cf.
540 4521 799 4574 Schmidt
838 4520 981 4575 Hist.
1017 4520 1191 4574 litter.
1233 4521 1301 4574 de
1328 4521 1567 4574 l’AIsace
1623 4524 1793 4592 sium)
1810 4520 2188 4590 rigidissimae
2205 4519 2600 4576 observantiae
2617 4520 2906 4591 (†28.Jun.

292 4597 448 4650 1879.
475 4593 542 4654 11.
571 4595 868 4649 124—208.
896 4593 953 4644 et
975 4596 1278 4652 412—418.
1321 4592 1416 4645 ubi
1444 4592 1569 4645 dili-
1626 4596 1803 4658 1528),
1844 4593 1946 4660 qui
1988 4592 2215 4661 scripsit
2242 4597 2342 4648 122
2383 4594 2453 4645 tr.
2480 4591 2683 4662 lingua
2707 4592 2904 4656 latina,

291 4665 1002 4732 genterejusrecensentur
1017 4662 1569 4733 operacoll.Schroe-
1624 4667 1683 4718 et
1703 4669 1776 4721 49
1803 4664 2001 4733 lingua
2044 4664 2244 4733 patria,
2287 4681 2430 4732 quos
2475 4663 2781 4733 diligenter
2823 4678 2905 4715 re-

290 4735 392 4789 der
418 4734 547 4790 hist.
574 4735 771 4790 Jahrb.
811 4739 952 4791 1893
992 4753 1047 4804 p.
1073 4739 1335 4799 83-106,
1379 4735 1478 4802 qui
1506 4734 1567 4788 in
1622 4738 1815 4790 censet
1857 4734 2222 4804 Ziegelbauer
2264 4736 2324 4788 in
2354 4734 2657 4789 Centifolio
2703 4733 2906 4786 camal-

292 4806 552 4878 pluribus
602 4806 869 4861 emendat
908 4806 1184 4870 Schmidt,
1227 4809 1287 4860 et
1334 4805 1568 4860 Lusanii
1623 4806 1742 4862 dul.
1792 4805 1875 4861 Cf.
1946 4806 2072 4859 lura
2099 4806 2167 4859 de
2195 4823 2259 4860 eo
2287 4806 2443 4876 apud
2470 4804 2622 4860 Fiori
2652 4805 2784 4858 Vita
2812 4804 2906 4858 del

292 4878 683 4932 orthodoxiam
712 4877 892 4947 magis
922 4880 1145 4935 tuetur:
1195 4881 1253 4931 et
1278 4877 1389 4932 KL.
1421 4878 1566 4942 VIII,
1622 4879 1675 4934 b.
1704 4878 1765 4931 P.
1793 4877 1857 4939 G,
1899 4825 2110 4932 Romae
2137 4882 2308 4938 1724;
2356 4877 2755 4947 Wolfsgruber
2792 4874 2904 4928 KL.

290 4954 425 5010 306;
452 4949 593 5003 Lud.
620 4949 824 5019 Geiger
849 4949 903 5004 d.
932 4949 1015 5002 Bi.
1044 4949 1183 5014 XIX,
1213 4953 1518 5006 655—65‘7.
1625 4951 1690 5014 11,
1721 4953 1878 5007 1748.

503 5048 692 5104 Hurter,
722 5048 1046 5094 N··1nonclator
1072 5048 1112 5094 II
1142 5048 1213 5096 ed.
1246 5049 1291 5097 3.
2478 5041 2547 5092 42
