3475 5364
610 348 728 401 311

1374 335 1743 386 mol-1275.
1772 329 2081 399 Theologia
2109 330 2462 384 scholastica..

3155 339 3289 393 :312

607 533 768 573 nunc
843 515 1170 590 possidere:
1249 516 1590 592 ibidemque
1652 517 1887 575 tertiam
1945 516 2277 581 merwel-it,
2323 516 2503 591 idque
2546 532 2613 574 eo
2646 515 2839 591 magis
2871 512 3290 577 mirandum,

609 623 872 662 summae
917 609 1147 678 partem
1193 610 1428 664 tantum
1475 606 1547 664 ad
1595 626 1647 681 q.
1683 617 1783 669 90.
1817 606 1889 665 de
1944 623 2077 663 cum
2113 606 2210 662 vix
2244 606 2325 663 sit
2346 604 3058 680 disciplinatheologica,
3086 620 3293 676 quam

608 693 976 768 poenitentia
1007 688 1290 769 perduxit
1320 695 1727 770 imperfectam
1761 715 1886 753 eam

608 782 978 856 relinquens:
1000 802 1193 858 neque
1210 784 1363 842 enim
1381 804 1414 842 a
1431 784 1581 843 festo
1598 805 1640 842 8.
1660 784 1888 843 Nicolai

609 882 664 933 6.
702 872 831 930 Dec.
874 880 1054 939 1273,
1109 878 1180 929 ut
1223 873 1385 932 ultra
1418 874 1719 943 scriberet,
1755 893 1887 949 per·

607 961 840 1019 suaderi
875 963 1086 1036 potuit.
1121 961 1447 1021 Convocato
1474 964 1805 1039 aGregorio
1821 963 1886 1020 X.

608 1049 855 1108 concilio
888 1050 1250 1127 lugdunensi
1284 1072 1331 1109 a.
1365 1062 1529 1116 1274
1564 1056 1807 1110 vocatus
1828 1056 1890 1109 et

607 1139 735 1215 ipse
767 1139 882 1197 iter
901 1140 1154 1216 arripuit
1173 1159 1375 1199 mense
1395 1141 1434 1199 J
1437 1142 1696 1199 anuari0.
1732 1142 1884 1199 Atti-

607 1227 698 1304 git
729 1234 990 1286 castrum
1041 1230 1370 1305 Magentiae
1405 1226 1690 1312 (Maenza)
1724 1230 1887 1289 dioe-

606 1317 754 1375 cesis
784 1316 1203 1376 terracinensis
1245 1319 1551 1378 invisurus
1584 1323 1885 1396 cognatm,

607 1404 810 1481 ibique
843 1406 1056 1465 incidit
1086 1407 1148 1465 in
1168 1409 1459 1475 morbum,
1494 1428 1612 1483 quo
1633 1410 1887 1467 invales-

607 1500 774 1554 cente
837 1495 1015 1571 petiit
1064 1496 1276 1554 deferri
1338 1499 1407 1555 ad
1462 1499 1884 1556 monasterium

606 1585 1014 1642 Fossaenovae
1036 1585 1098 1642 O.
1126 1586 1263 1643 Cist.
1281 1605 1401 1644 non
1418 1588 1622 1662 procul
1640 1588 1886 1656 distanS,

606 1673 713 1730 ubi
747 1672 865 1731 fere
886 1692 989 1748 per
1009 1693 1269 1732 mensem
1290 1681 1602 1753 aegrotans
1636 1682 1884 1735 mortem

607 1763 722 1821 sibi
756 1763 977 1820 instare
1010 1764 1319 1837 praevidit,
1371 1766 1762 1840 munitusque
1795 1786 1885 1824 sa-

606 1852 922 1909 cramentis
956 1851 1356 1927 placidissime
1389 1859 1450 1913 et
1481 1855 1746 1927 piissime
1784 1855 1886 1912 ob-

606 1940 948 2019 dormivit1)
996 1941 1057 1999 in
1104 1943 1305 2001 osculo
1340 1944 1574 2002 Domini
1630 1955 1681 2005 7.
1717 1946 1886 2002 Mart.

613 2038 796 2092 1274.
833 2031 996 2088 Inter
1028 2036 1259 2089 sanctos
1305 2033 1530 2089 relatus
1563 2033 1680 2090 fuit
1719 2042 1884 2095 1323

605 2138 640 2176 a
670 2118 898 2177 Joanne
931 2118 1127 2188 XXII„
1172 2121 1276 2195 qui
1311 2120 1419 2179 hac
1449 2122 1754 2180 occasione
1788 2123 1885 2179 de-

604 2207 878 2266 claravit:
917 2207 1094 2282 „Ipse
1142 2206 1211 2289 (s.
1245 2210 1520 2289 Thomas)
1567 2212 1702 2287 plus
1751 2211 1887 2269 illu-

604 2296 856 2354 minavit
905 2297 1226 2356 Ecclesiam
1290 2318 1465 2373 quam
1519 2319 1722 2358 omnes
1786 2300 1887 2357 alii

606 2386 890 2453 doctores,
940 2386 1000 2443 in
1051 2390 1223 2462 cujus
1271 2388 1442 2446 libris
1486 2390 1621 2464 plus
1654 2389 1889 2465 proficit

607 2475 778 2533 homo
811 2493 929 2532 uno
963 2494 1116 2533 anno
1150 2496 1323 2551 quam
1370 2479 1432 2535 in
1464 2478 1716 2537 aliorum
1752 2479 1887 2535 doc·

605 2564 763 2621 trina
795 2568 922 2621 toto
954 2568 1221 2641 tempore
1246 2567 1400 2623 vitae
1436 2576 1637 2625 suae.‘
1675 2569 1886 2626 Docto·

606 2652 689 2711 ris
721 2653 962 2729 anyelici
992 2672 1209 2713 nomen
1245 2658 1340 2713 est
1359 2656 1630 2732 adeptus,
1666 2656 1887 2716 eidem-

606 2761 722 2816 que
755 2742 1108 2801 auctoritate
1141 2763 1182 2802 s.
1219 2745 1309 2802 Pii
1345 2744 1408 2803 V.
1445 2765 1492 2802 a.
1536 2757 1696 2809 1567
1750 2765 1887 2806 con-

606 2832 935 2899 firmatum;
1000 2833 1238 2891 demum
1289 2853 1336 2891 a.
1401 2845 1562 2897 1880
1619 2855 1653 2894 a
1697 2837 1888 2893 Leone

606 2919 759 2978 XIII.
795 2920 1063 2980 coelestis
1094 2927 1384 2998 patronus
1407 2925 1740 2984 scholarum
1764 2943 1888 2982 om-

605 3010 771 3067 nium
794 3009 1215 3070 catholicarum
1233 3017 1325 3070 est
1346 3012 1680 3072 declaratus
1702 3017 1765 3072 et
1796 3015 1888 3072 in-

607 3099 857 3156 stitutus
869 3094 937 3180 2).

710 3286 843 3338 172.
907 3276 1225 3337 Innumera
1284 3281 1530 3355 reliquit
1574 3299 1769 3356 opera,
1821 3284 1892 3338 ut

610 3385 744 3425 vere
777 3366 996 3424 mirum
1027 3368 1124 3434 sit,
1146 3369 1440 3443 quomodo
1462 3370 1566 3427 illa
1586 3370 1891 3445 concipere

609 3459 670 3513 et
700 3455 952 3514 scribere
1003 3458 1284 3531 potuerit.
1338 3476 1472 3517 cum
1523 3463 1759 3517 tantum
1809 3467 1888 3522 48

609 3545 703 3602 vel
737 3546 805 3602 ad
842 3563 1139 3604 summum
1178 3558 1255 3609 50
1310 3549 1525 3606 aetatis
1559 3567 1746 3606 annos
1778 3567 1891 3606 nu-

688 3687 722 3750 1)
753 3681 834 3734 Cf.
863 3680 1312 3735 illustrissimum
1340 3682 1660 3736 encomium
1678 3683 1750 3735 ab
1769 3681 1891 3736 uni·

613 3752 880 3806 versitate
907 3752 1238 3806 artistzirum
1268 3753 1571 3823 parisiensi
1596 3755 1650 3807 ei
1677 3754 1890 3807 exhibi-

610 3828 730 3877 tum
760 3824 818 3876 in
852 3824 1031 3877 literis
1069 3825 1142 3877 ad
1184 3825 1506 3893 capitulum
1543 3826 1808 3895 generale
1836 3827 1892 3880 ff.

610 3895 1069 3950 Praedicatorum
1097 3896 1263 3960 datis,
1300 3897 1511 3963 quibus
1537 3898 1660 3966 ejus
1688 3915 1893 3965 corpus

611 3969 669 4019 et
729 3965 951 4033 aliquos
1014 3967 1266 4036 ejusdem
1329 3968 1388 4020 ll.
1465 3968 1894 4039 philosophicos

611 4044 660 4093 2.
691 4037 821 4106 Maj.
853 4043 988 4093 1:274
1014 4038 1269 4106 expet-iit,
1297 4039 1452 4108 apud
1484 4039 1697 4093 Deuifle
1727 4041 1893 4093 Char·

613 4108 811 4162 tularii
840 4108 1008 4179 paris,
1037 4111 1078 4173 1,
1107 4115 1210 4166 1304
1237 4128 1291 4164 n.
1318 4117 1440 4167 447.

688 4185 727 4251 ²)
753 4180 994 4241 „Doctor
1038 4181 1386 4235 communis·-
1437 4182 1735 4235 dicebatur
1773 4183 1892 4250 jam

613 4267 716 4304 sec.
745 4253 888 4307 XIV.
919 4253 998 4305 De
1015 4255 1138 4320 ejus
1156 4254 1496 4308 auctoritate
1519 4256 1588 4309 cf.
1607 4253 1894 4324 Kleutgen

614 4323 808 4376 Theol.
849 4323 947 4376 der
991 4325 1149 4378 Vorz.
1193 4325 1292 4378 Bd.
1318 4331 1353 4380 4
1379 4343 1434 4394 p.
1476 4331 1507 4381 2
1536 4325 1681 4396 disp.
1711 4332 1739 4382 1
1789 4342 1834 4378 c.
1862 4332 1895 4381 6

611 4400 725 4462 §22
773 4395 962 4450 Theol.
1009 4397 1193 4465 dogm.
1241 4397 1435 4466 Comp.
1481 4414 1514 4448 a
1555 4397 1718 4451 nobis
1759 4397 1893 4450 edit.

615 4470 653 4520 t.
683 4472 708 4523 1
756 4485 808 4520 u.
839 4471 956 4522 139.
1009 4468 1246 4521 Decreta
1296 4473 1489 4522 autem
1543 4468 1631 4521 vel
1677 4471 1895 4522 statuta

612 4538 827 4593 ordinis
871 4556 974 4608 pro
1021 4540 1251 4604 tuenda,
1293 4540 1761 4602 commendanda,
1808 4557 1895 4593 ur·

611 4612 799 4680 genda
845 4610 1105 4665 doctrina.
1150 4611 1397 4666 doctoris
1438 4612 1686 4682 angelici
1725 4612 1786 4664 in
1814 4629 1894 4666 so-

611 4681 829 4737 dalium
870 4682 1076 4737 scholis
1116 4684 1182 4737 ef.
1225 4684 1379 4752 apud
1423 4683 1589 4736 Ehrle
1619 4683 1895 4736 Stimmen

612 4770 716 4807 aus
733 4754 908 4808 Maria
926 4754 1287 4811 Laach1880.
1322 4759 1403 4810 18.
1436 4761 1531 4811 311
1558 4773 1658 4813 ss.;
1686 4760 1791 4811 395
1808 4773 1894 4820 ss.‚

613 4827 714 4879 ubi
763 4830 821 4881 et
863 4826 1107 4881 aliorum
1155 4827 1378 4879 decreta
1421 4845 1523 4897 pro
1564 4845 1604 4880 s,
1648 4827 1895 4881 Thomae

613 4897 875 4951 doctrina
900 4899 1090 4952 habes,

1947 694 2182 769 scriptis
2218 694 2343 752 suis
2374 713 2493 752 non
2513 694 2948 752 illustraverit:
2988 692 3291 768 sagacis-

1946 784 2131 841 simus
2165 783 2322 842 enim
2368 787 2494 842 erat
2533 783 2950 859 philosophus,
2994 781 3292 857 profun-

1946 873 2226 931 dissimus
2261 873 2669 941 scholasticus,
2691 872 2966 929 invictus
2990 870 3293 947 polemi·

1944 980 2065 1031 cue,
2100 961 2498 1020 solidissimus
2519 962 2843 1025 moralista,
2867 962 3201 1018 cordatus
3224 962 3294 1014 et

1945 1069 2118 1127 sagax
2133 1055 2390 1127 exegeta,
2396 1051 2626 1126 jurium
2640 1050 2935 1108 Ecclesiae
2950 1054 3290 1108 strenuus

1946 1141 2156 1198 vindex
2174 1138 2241 1209 1'),
2276 1140 2340 1198 in
2372 1140 2650 1215 operibus
2686 1143 2924 1215 patrum
2950 1140 3287 1197 versatis·

1944 1229 2146 1288 simus,
2183 1229 2459 1288 Doctrina
2471 1230 2522 1305 ej
2532 1248 2600 1287 us
2616 1229 2853 1287 excellit
2865 1228 3284 1287 eruditionis

1945 1319 2238 1388 vastitate,
2274 1317 2538 1377 idearum
2571 1318 2904 1387 nobilitate,
2958 1318 3284 1393 specula·

1943 1408 2124 1465 tionis
2156 1409 2490 1477 securitate,
2512 1407 2879 1483 probationis
2901 1406 3277 1473 soliditate,

1943 1498 2335 1573 expositionis
2356 1496 2648 1565 methodo,
2662 1496 3100 1571 dispositionis
3115 1515 3275 1554 con·

1943 1587 2248 1655 cinnitate,
2297 1586 2712 1645 declarationis
2745 1586 2960 1644 nitore.
3014 1587 3274 1643 Nume-

1942 1680 2153 1734 rantur
2182 1676 2311 1750 ejus
2329 1694 2511 1751 opera
2529 1694 2573 1733 c.
2597 1684 2679 1736 60
2702 1674 2987 1751 genuina,
3011 1676 3149 1732 aiia
3178 1685 3216 1736 7
3227 1686 3265 1735 0

1944 1765 1997 1823 ei
2031 1765 2261 1823 tributa
2294 1771 2437 1823 sunt
2458 1765 2547 1822 vel
2570 1762 2751 1822 dubia
2771 1765 2865 1822 vel
2886 1764 3266 1839 supposita:

1944 1873 2011 1912 ea
2043 1855 2285 1912 seorsim
2310 1854 2655 1928 saepissime
2679 1853 2971 1929 prodiere,
3011 1854 3260 1929 septies

1946 1944 2157 2001 saltem
2220 1944 2480 2011 collecta,
2546 1943 2668 2001 scil.
2732 1944 2948 2001 Romae
3034 1942 3260 2000 studio

1946 2032 2245 2091 Vincentii
2267 2034 2305 2091 J
2313 2032 2602 2090 ustiniani
2633 2035 2695 2089 et
2714 2032 2971 2089 Thomae
3008 2030 3253 2089 Manri-

1944 2141 2091 2196 quez
2134 2133 2313 2184 1570.
2346 2132 2499 2184 1571
2536 2126 2578 2176 t.
2607 2129 2703 2188 18,
2739 2139 2873 2178 cum
2906 2120 3248 2187 indicibus,

1944 2230 2095 2285 quae
2128 2212 2214 2270 ed.
2249 2210 2489 2269 maximi
2520 2210 2896 2275 aestimatum
2961 2208 3245 2268 venetiis

1952 2310 2293 2362 1594—98
2330 2300 2404 2358 ad
2438 2318 2738 2358 romanam
2771 2317 3080 2374 expressa;
3128 2300 3245 2357 Co·

1944 2389 2133 2447 loniae
2186 2387 2577 2469 (Antverpiae
2625 2387 2729 2445 alii
2762 2384 3000 2467 dicunt)
3065 2396 3239 2449 1612

1944 2482 1984 2535 t.
2050 2487 2139 2547 18,
2193 2480 2362 2553 cujus
2411 2482 2451 2533 t..
2513 2486 2606 2539 18.
2670 2476 2873 2551 spuria
2936 2476 3237 2550 quaedam

1946 2569 2231 2643 opuscula
2263 2567 2705 2643 complectitur-3
2743 2566 2990 2624 Parisiis
3035 2576 3235 2628 1636·

1946 2666 2017 2721 41
2062 2677 2181 2716 cur.
2214 2656 2253 2715 J
2256 2676 2304 2716 o.
2326 2656 2570 2725 Nicolai,
2593 2655 2800 2714 Cosma
2820 2655 3099 2714 Morelles
3120 2659 3231 2715 etc.

1944 2753 1986 2803 t.
2026 2756 2138 2817 ‘233
2187 2746 2452 2805 Venetiis
2492 2756 2655 2808 1745
2705 2748 2747 2800 t.
2787 2754 2866 2807 28
2918 2747 2981 2803 in
3016 2755 3056 2808 4
3089 2763 3232 2802 cura

1945 2837 2009 2894 B.
2063 2838 2135 2894 Μ.
2187 2836 2260 2894 de
2308 2835 2543 2902 RubeiS,
2609 2853 2760 2910 quae
2809 2835 3231 2909 complectitur

1944 2929 2182 2982 tantum
2216 2925 2435 3000 scripta
2452 2923 2801 3001 theologica,
2836 2924 2936 2981 sed
2972 2925 3232 2998 pretiosa

1944 3018 2038 3072 est
2068 3015 2142 3072 ob
2175 3014 2316 3072 diss.
2350 3014 2584 3072 criticas
2618 3008 2754 3092 (30)
2790 3018 2851 3070 et
2870 3013 3228 3071 admonitio·

1947 3121 2048 3161 nes
2062 3104 2349 3179 praevias,
2373 3104 2435 3160 in
2451 3102 2673 3178 quibus
2690 3121 2934 3177 operum
2953 3101 3228 3179 genuini·

1947 3195 2132 3251 tatem
2162 3195 2387 3260 tuetur,
2422 3191 2747 3250 doctrinam
2794 3210 2838 3248 s.
2871 3190 3125 3249 Thomas
3158 3191 3226 3248 il·

1948 3282 2168 3340 lustrat
2217 3286 2397 3357 atque
2448 3280 2712 3338 vindicat
2763 3280 2861 3360 (cf.
2894 3281 2984 3338 ed.
3021 3289 3077 3342 2.
3111 3280 3227 3338 No-

1946 3372 2153 3430 mencl.
2204 3369 2310 3440 111,
2373 3366 2506 3449 13);
2573 3371 2814 3427 Parmae
2890 3378 3225 3432 1852—73

1947 3463 1989 3518 t.
2028 3469 2107 3523 25
2144 3459 2209 3518 in
2244 3470 2313 3529 4;
2348 3459 2589 3517 Parisiis
2633 3468 3067 3524 1871—1882
3092 3464 3226 3520 t.34

1947 3549 2011 3606 in
2046 3560 2120 3619 4.,
2176 3567 2328 3623 quae
2374 3548 2524 3606 duae
2574 3548 2661 3606 ed.
2713 3565 2832 3605 non
2885 3549 3030 3606 adeo
3093 3551 3230 3605 sunt

1949 3638 2186 3696 criticae
2202 3642 2265 3696 et
2281 3638 2427 3696 satis
2445 3636 2776 3695 mendosae.
2810 3637 3060 3695 Demum
3079 3654 3231 3694 nova

1948 3730 2153 3803 coepta
2196 3730 2290 3787 est
2333 3727 2611 3802 auspiciis
2655 3726 2873 3784 Leonis
2907 3723 3084 3786 XIII..
3130 3725 3229 3800 qui

2030 3973 2064 4039 Ι)
2094 3967 2327 4022 Schulte
2369 3969 2404 4023 l.
2432 3986 2478 4022 c.
2506 3967 2572 4032 11,
2600 3972 2668 4023 28
2711 3973 2940 4022 annot-z
2996 3966 3227 4023 Obwohl

1950 4057 2008 4093 er
2070 4040 2238 4093 keine
2316 4038 2701 4109 cigentlichen
2773 4040 3227 4093 canonistischen

1950 4111 2158 4165 Werke
2199 4113 2419 4165 versut
2456 4110 2573 4174 hat,
2617 4109 2691 4163 ist
2730 4127 2789 4163 cr
2830 4111 3014 4164 durch
3043 4111 3225 4164 seinen

1950 4183 2173 4237 Einfluss
2213 4184 2319 4236 auf
2355 4182 2444 4236 die
2485 4185 2794 4252 gesamuite
2821 4181 3233 4236 Wissenschast

1950 4256 2047 4308 des
2093 4259 2353 4323 spateren
2397 4253 2760 4307 Mittelalters
2804 4255 2956 4308 auch
3002 4253 3094 4306 fiir
3136 4254 3230 4306 das

1950 4327 2298 4380 kanonischc
2341 4325 2521 4378 Recht
2563 4342 2674 4379 von
2716 4324 2872 4378 einer
2900 4324 3229 4378 unermessli·

1950 4399 2093 4451 chen
2145 4397 2503 4466 Bedeutung.
2569 4397 2680 4449 Das
2731 4395 3002 4450 Studium
3055 4397 3230 4450 seiner

1951 4469 2237 4523 Schriften
2267 4469 2341 4521 ist
2368 4469 2642 4538 fnrjeden
2664 4467 2862 4521 Punkt
2885 4468 2984 4521 des
3012 4466 3229 4524 canoni·

1952 4541 2122 4593 schen
2174 4540 2396 4604 Rechts,
2450 4540 2548 4593 det·
2598 4539 2658 4592 in
2710 4539 2912 4608 irgend
2966 4540 3227 4593 welchem

1951 4613 2150 4665 Zusam
2159 4613 2363 4665 menha
2372 4628 2479 4681 nge
2498 4610 2603 4664 mit
2618 4610 2718 4664 der
2734 4610 3051 4681 Theologie
3069 4611 3228 4672 steht,

1952 4683 2393 4738 unentbehrlich
2407 4701 2506 4735 zur
2520 4682 2872 4735 Erkenntnift
2887 4682 3228 4736 detinueren

1953 4754 2410 4824 Entwickelung.
2465 4754 2731 4808 Dasselbe
2769 4754 2880 4823 gilt
2903 4753 2999 4807 fur
3024 4754 3118 4807 die
3144 4753 3225 4806 Er·

1952 4827 2229 4881 kenntni‘'
2267 4827 2368 4879 der
2393 4825 3056 4895 Rechtsanschauuugen
3085 4827 3229 4879 uber-

1955 4899 2158 4968 haupt
