3475 5364
300 359 423 411 833
1082 341 1166 393 J0.
1195 339 1263 395 de
1292 339 1541 411 Ragusio
1569 346 1625 396 et
1649 342 1734 398 do,
1764 341 1832 396 de
1861 341 2119 411 Segovia.
2786 358 2818 410 g
2830 357 2863 410 3
2874 357 2909 407 4

296 529 425 600 eins
472 523 798 602 disputatio
845 532 1051 584 contra
1100 527 1450 603 magistrum
1485 527 1522 585 J
1529 544 1576 585 o.
1635 529 1877 588 ticensis
1940 527 2268 586 academiae
2331 526 2568 585 nomine
2629 529 2692 584 et
2743 527 2923 601 jussu

296 616 370 675 de
387 616 705 692 Rokytana
724 615 1046 674 Bohemum
1087 617 1157 674 dc
1188 618 1581 675 communione
1635 617 1887 676 *Ioannis
1920 617 1992 675 ΙΙ.
2026 617 2202 693 regis.
2239 616 2509 692 Magnam
2545 615 2608 673 in
2629 633 2698 672 eo
2715 615 2923 674 habuit

294 705 400 763 aab
415 712 660 780 uimque
674 707 853 780 specie
870 704 1036 763 laicis
1054 723 1172 763 non
1189 705 1577 772 concedenda,
1635 707 2047 766 auctoritatem
2081 705 2373 779 stetitque
2405 723 2511 780 pro
2531 703 2764 764 concilii
2785 722 2922 780 prae

297 811 448 869 qnae
498 794 674 853 etiam
727 799 920 853 exstat
952 795 1012 851 in
1042 793 1263 853 Canisii
1312 794 1579 869 antiquis
1635 796 1912 871 pontifice
1974 794 2416 870 superioritate.
2490 794 2630 852 Post
2692 792 2922 852 concilii

297 882 655 943 lectionibus
719 883 848 952 1V2,
917 893 1297 952 467—5655
1393 884 1579 941 Mansi
1635 886 1710 943 ab
1730 885 1999 962 Eugenio
2014 883 2110 942 IV.
2132 884 2475 942 scissionem
2499 882 2767 944 adhaesit
2786 893 2923 941 con·

297 973 464 1031 Conc.
484 971 682 1040 XXIX,
699 972 1391 1042 ‹399—-8683Hardouin
1404 972 1577 1040 VIlI.‚
1636 974 1920 1033 ciliabulo
1954 972 2349 1042 schismatico,
2382 987 2663 1046 unusque
2696 976 2824 1030 erat
2853 990 2922 1032 ex

302 1069 734 1124 1655-1760
819 1060 961 1136 Ejus
994 1061 1340 1121 relationem
1371 1062 1440 1120 de
1472 1080 1582 1120 sua
1637 1063 1764 1121 illis
1826 1063 2180 1132 triumviris,
2232 1062 2454 1137 quibus
2504 1061 2768 1136 synodus
2824 1061 2924 1136 jus

294 1152 568 1227 leyauane
612 1150 691 1208 ad
736 1145 937 1208 aulam
972 1149 1082 1208 GP.
1125 1150 1293 1209 dedit
1336 1151 1579 1210 Mansi
1635 1152 1856 1210 detulit
1874 1151 2129 1228 eligendi
2150 1163 2269 1221 eos,
2291 1150 2398 1225 qui
2417 1149 2698 1226 suffragia
2716 1151 2925 1208 darent

293 1240 359 1297 in
391 1242 686 1313 postrema
705 1239 1028 1313 appendice
1055 1251 1193 1298 suae
1214 1239 1580 1300 collectionis
1636 1242 1697 1300 in
1716 1241 2006 1300 electione
2034 1241 2365 1316 antipapae.
2399 1239 2617 1297 Missus
2637 1237 2756 1296 fuit
2773 1257 2922 1313 quo-

297 1329 465 1387 Oonc.
518 1332 580 1387 et
625 1328 824 1388 Haller
885 1328 1053 1390 Conc.
1111 1329 1274 1387 basil.
1328 1329 1370 1394 1,
1423 1339 1579 1392 331·
1636 1347 1753 1405 que
1771 1330 2007 1408 legatus
2038 1350 2074 1388 a
2105 1328 2373 1398 concilio,
2407 1317 2811 1387 deinaFelice
2832 1327 2915 1395 V„

300 1427 444 1480 364.
513 1417 797 1476 Recenter
842 1435 962 1476 cur.
1010 1418 1100 1475 Fr.
1154 1418 1403 1494 Palacky
1446 1436 1578 1493 pro-
1635 1420 1908 1494 quicum
1939 1435 2073 1479 mox
2103 1418 2455 1482 cardinalem
2488 1421 2550 1475 et
2580 1417 2925 1493 episcopum

296 1507 540 1565 dierunt
601 1507 719 1565 duo
781 1507 1000 1582 scripta
1048 1507 1249 1583 magni
1295 1507 1580 1566 momenti
1636 1509 2059 1568 caesariensem
2093 1512 2410 1575 creaverat,
2454 1505 2527 1573 ad
2572 1523 2922 1581 promoven-

296 1613 404 1671 pro
435 1595 670 1654 concilii
702 1595 978 1654 historia:
1025 1596 1268 1655 Initium
1302 1604 1352 1654 et
1374 1615 1578 1671 procc-
1636 1598 1770 1656 dam
1793 1616 1961 1656 suam
1982 1615 2237 1666 eausam,
2261 1595 2364 1654 sed
2383 1595 2609 1670 absque
2630 1612 2920 1654 successu.

296 1686 448 1743 calio
481 1684 812 1743 basileensis
855 1686 1078 1743 concilii
1126 1680 1228 1766 (ad
1259 1703 1310 1743 a.
1354 1680 1578 1766 1431)3
1639 1687 1959 1762 Postquam
2020 1685 2181 1744 Felix
2246 1702 2308 1743 se
2362 1684 2712 1760 pontificatu
2773 1684 2925 1741 male

296 1779 357 1832 et
387 1778 461 1832 tr.
496 1774 775 1850 quamodo
820 1771 1039 1832 bohemi
1085 1776 1308 1833 reducti
1337 1782 1472 1834 sunt
1502 1776 1580 1833 ad
1635 1781 1927 1851 usurpato
1959 1774 2258 1833 abdicavit
2290 1768 2538 1852 (1449),
2585 1777 2646 1831 et
2676 1773 2804 1848 ipse
2834 1772 2925 1831 di-

298 1865 576 1923 unitatem
607 1862 897 1921 Ecclesiae
926 1864 989 1921 in
1008 1863 1408 1922 Monumentis
1440 1882 1579 1922 con—
1636 1864 1802 1923 misit
1833 1863 2147 1922 cardinalis
2180 1862 2431 1921 titulum
2465 1862 2707 1920 secessit
2752 1875 2826 1920 ue
2862 1863 2922 1920 ln

297 1951 566 2011 ciliorum
614 1970 725 2010 sec.
758 1951 879 2010 XV.
926 1952 1102 2011 editis
1147 1973 1183 2010 a
1227 1952 1401 2011 sociis
1432 1971 1577 2012 caes.
1637 1951 2720 2025 monasterium:ubiveroetquandoo
2765 1945 2919 2019 lei-it,

297 2041 642 2109 academiae,
695 2040 955 2100 Viennae
997 2052 1181 2111 1857,
1217 2041 1260 2108 Ι,
1307 2051 1576 2105 1-286,
1636 2062 1755 2101 non
1790 2045 2040 2105 constat.
2075 2041 2229 2100 Haec
2260 2043 2389 2116 eJus
2422 2059 2632 2116 opera:
2668 2033 2755 2099 De
2786 2058 2923 2099 auc—

296 2130 718 2188 Memorandus
764 2149 999 2206 qnoque
1046 2138 1139 2189 est
1170 2134 1412 2207 propter
1443 2150 1580 2190 suos
1635 2135 1865 2190 lot-itate
1916 2131 2200 2190 Ecclesiae
2260 2148 2367 2189 seu
2427 2130 2496 2187 de
2544 2129 2925 2205 insuperabili

296 2220 527 2278 labores
558 2219 713 2277 circa
742 2219 1184 2279 concordantias
1231 2238 1444 2278 vocum
1486 2219 1580 2278 in·
1635 2224 1938 2280 sanctitate
1967 2224 2028 2279 et
2057 2239 2289 2278 summa
2307 2218 2661 2277 auctoritate
2680 2237 2923 2295 genera-

296 2307 760 2367 declinabilium.
812 2308 957 2367 Cum
988 2309 1145 2368 enim
1177 2328 1392 2385 magna
1421 2314 1581 2367 esset
1635 2310 1786 2368 lium
1834 2308 2215 2367 conciliorum
2258 2307 2352 2367 vel
2395 2311 2469 2366 tr.
2504 2307 2551 2365 X
2594 2308 2922 2366 avisamen-

296 2414 364 2455 eo
397 2401 661 2472 tempore
707 2415 840 2456 cum
874 2398 1105 2457 Graecis
1150 2395 1223 2456 de
1272 2396 1580 2473 particulis
1635 2400 1835 2458 torum
1872 2394 1943 2480 (c.
1983 2395 2196 2480 1539).
2259 2397 2611 2471 Explanatio
2642 2398 2713 2454 dc
2742 2396 2926 2454 tribus

296 2505 385 2563 ex,
419 2505 544 2564 per,
576 2504 706 2544 cum
739 2490 847 2544 etc.
881 2487 1257 2557 concertatiO,
1299 2487 1581 2564 cogitavit
1637 2488 1973 2546 veritatibus
2010 2487 2148 2560 fidei
2196 2485 2452 2545 decretis
2516 2504 2623 2561 pei·
2685 2503 2729 2548 s,
2791 2504 2922 2562 gen.

296 2575 557 2634 Joannes
590 2574 662 2633 de
695 2575 1028 2651 colligenda
1072 2576 1362 2651 eiusmodi
1391 2576 1580 2653 parti-
1637 2576 1935 2654 synodum
1971 2577 2365 2644 basiliensem,
2398 2575 2541 2633 item
2575 2574 2728 2633 etde
2747 2574 2922 2649 quiu-

297 2663 565 2725 cularum
597 2665 1025 2736 concordantia,
1057 2665 1153 2726 cui
1173 2665 1337 2742 operi
1354 2665 1582 2726 institit
1636 2665 2264 2742 queconclusionibus‚
2292 2684 2360 2722 ex
2379 2664 2601 2740 quibus
2618 2663 2923 2741 Eugenius

296 2755 468 2813 annis
519 2754 786 2829 quinque
836 2772 982 2813 usus
1030 2756 1095 2813 in
1143 2756 1354 2832 primis
1405 2774 1582 2832 opera
1636 2756 1931 2831 quondam
1963 2766 2116 2831 'papa
2147 2754 2242 2813 lv.
2281 2755 2560 2831 arguitur
2593 2753 2923 2812 haereticus

296 2843 337 2901 J
350 2862 538 2902 onae
583 2843 759 2912 Scoti,
805 2844 1076 2921 magistri
1119 2845 1179 2902 in
1226 2846 1458 2904 artibus
1489 2847 1579 2903 at·
1635 2846 1857 2905 iterum
1902 2846 1963 2903 in
2008 2850 2306 2904 revocatos
2351 2856 2578 2902 errores
2609 2844 2923 2918 prolapsus

297 2951 414 3008 que
432 2932 751 3009 theologia,
775 2934 1059 3009 capellani
1081 2931 1254 3014 sui1).
1278 2967 1362 2976 -—
1383 2933 1581 3010 Ipsius
1639 2930 1901 3017 (1439);
1937 2933 2097 2992 dicta
2126 2936 2286 2992 circa
2307 2934 2613 2992 materiam
2645 2933 2922 2991 nemu-ali-

298 3022 498 3081 labore
528 3040 676 3080 usus
722 3026 812 3085 est
859 3021 898 3079 J
913 3040 1196 3081 oannes
1243 3023 1478 3082 Alfonsi
1509 3023 1580 3081 de
1636 3027 1776 3083 tatis
1828 3026 2173 3100 principum
2236 3018 2481 3102 (1439).
2570 3021 2926 3094 Justificatio

300 3110 490 3188 Sego
510 3111 644 3179 via,
679 3112 783 3185 qui
804 3112 1019 3170 tertius
1040 3114 1133 3169 est
1153 3112 1393 3187 speciali
1415 3120 1580 3170 men·
1637 3112 1969 3172 sententiae
2001 3113 2155 3170 latae
2187 3116 2397 3169 contra
2416 3110 2752 3170 Gabrielem
2783 3111 2922 3169 olim

297 3200 461 3259 tione
505 3200 938 3259 memorandus.
1001 3201 1112 3260 Hic
1164 3201 1376 3270 omnia,
1430 3219 1581 3276 quae
1639 3202 1976 3278 Eugenium
2025 3219 2238 3276 papam
2285 3200 2383 3259 IV.
2433 3218 2469 3257 a
2518 3218 2560 3258 s.
2610 3199 2923 3258 basileensi

299 3289 559 3347 Joannes
603 3289 675 3347 de
707 3290 967 3366 Ragusio
1013 3291 1328 3367 collegerat
1378 3290 1580 3348 ordine
1637 3291 1914 3360 tonci1i03
1965 3291 2034 3348 dc
2076 3306 2290 3367 magna
2335 3291 2681 3347 auctoritate
2711 3290 2921 3363 cpisco-

299 3378 667 3454 alphabetico
688 3379 979 3453 disposuit
998 3384 1059 3437 et
1078 3379 1304 3454 adiecto
1335 3380 1579 3455 prologo
1630 3399 1848 3455 porum
1893 3380 1955 3437 in
2002 3378 2251 3437 concilio
2296 3378 2562 3455 generali
2581 3373 2641 3455 ¹).
2691 3410 2778 3419 —
2811 3377 2923 3435 Sed

299 3468 362 3526 in
394 3468 585 3525 lucem
636 3466 826 3525 dedit:
880 3467 1016 3526 hinc
1064 3469 1242 3527 etiam
1292 3468 1404 3526 sub
1454 3468 1581 3542 ejus
1638 3487 1786 3544 opus
1834 3469 1962 3543 ejus
1996 3467 2381 3542 praecipuum
2429 3469 2546 3525 eat:
2579 3467 2756 3524 Gesta
2787 3483 2924 3524 con-

299 3556 535 3615 nomine
567 3556 801 3631 prodiit,
837 3558 1099 3616 Basileae
1138 3567 1338 3626 1496;
1382 3562 1579 3624 15253
1638 3556 1763 3615 cilii
1793 3555 2139 3615 basileensis
2172 3555 2245 3613 ad
2276 3575 2324 3613 a.
2353 3563 2553 3625 14443
2587 3556 2749 3612 ultra
2769 3554 2924 3611 hunc

300 3645 579 3721 Lugduni
610 3654 792 3708 1526.
831 3645 1047 3704 Verum
1066 3646 1162 3704 hic
1181 3646 1442 3705 «Ioannes
1458 3645 1581 3703 sive
1637 3667 1686 3705 a.
1739 3664 1858 3704 nen
1908 3645 2147 3703 videtur
2196 3647 2363 3721 gesta
2424 3661 2552 3703 esse
2596 3647 2921 3717 prosecuta.

300 3754 336 3792 a
365 3734 572 3809 patria,
607 3734 730 3793 sive
762 3736 999 3811 proprio
1019 3736 1215 3811 gentis
1235 3734 1582 3813 cognomine
1638 3735 1859 3794 Eorum
1892 3753 2027 3810 pars
2059 3735 2247 3808 major
2291 3732 2365 3791 ad
2397 3753 2446 3792 a.
2487 3742 2653 3795 1439
2700 3730 2925 3806 prodiit

303 3822 676 3900 Segoviensis
721 3824 902 3900 vulgo
946 3822 1329 3900 nuncupatus
1363 3825 1487 3882 suis
1520 3824 1582 3881 in
1638 3825 1702 3882 in
1733 3823 1888 3882 Mon.
1922 3841 2079 3882 conc.
2111 3840 2309 3898 gener.
2344 3826 2455 3881 sec.
2478 3820 2577 3879 XV
2600 3825 2642 3878 t.
2666 3820 2722 3878 II
2742 3820 2921 3879 etIlL

301 3912 547 3972 concilio
594 3912 911 3971 basileensi
954 3914 1139 3989 gestis
1185 3914 1376 3992 magis
1407 3913 1581 3972 inno-
1638 3922 1784 3972 cura
1800 3913 2043 3981 E.Birk,
2077 3910 2360 3987 quamed.
2383 3910 2757 3970 continuavit
2776 3910 2921 3968 Rud.

301 4002 436 4060 tuit.
479 4002 562 4060 De
593 4002 724 4077 ejus
755 4005 893 4060 ante
925 4002 1242 4061 concilium
1277 4004 1429 4062 illud
1459 4002 1583 4061 vita
1640 4003 1790 4062 Beer
1819 3996 2227 4083 (Vindobonae
2268 3996 2669 4079 1873—96):
2722 3999 2826 4057 sed
2857 4019 2924 4057 ea

300 4091 421 4149 fere
451 4090 605 4149 nihil
636 4096 884 4161 constat,
935 4092 1051 4151 nisi
1084 4092 1242 4168 quod
1273 4092 1457 4151 fuerit
1486 4109 1580 4150 ca·
2724 4138 2725 4145 ,

302 4180 549 4240 nonicus
610 4180 930 4250 toletanus,
995 4181 1448 4240 archidiaconus
1511 4181 1583 4240 de
1720 4197 1755 4262 ¹)
1802 4190 1883 4244 De
1925 4189 2155 4261 gemino
2202 4192 2542 4259 argumento
2585 4188 2923 4257 opusculum

302 4268 679 4328 Villavitiosa
710 4269 771 4327 in
802 4270 1047 4329 ecclesia
1077 4271 1342 4329 ovetensi
1364 4275 1426 4329 et
1445 4269 1582 4328 doc·
1641 4261 1920 4332 praelegit
1961 4261 2022 4315 5¹²
2062 4277 2215 4316 00³⁰·
2257 4259 2553 4315 baffileenssi
2597 4260 2624 4312 J
2647 4272 2925 4313 ΟΜῙΠΕΒ

303 4364 398 4417 tor
427 4357 758 4435 theologiae
795 4359 1276 4425 salmanticensis,
1327 4359 1432 4434 qui
1462 4359 1584 4417 dis·
1641 4334 1875 4415 mmmm
1917 4332 2131 4395 Gallu&
2172 4333 2335 4413 cujus
2375 4348 2581 4413 nomen
2621 4332 2729 4384 Sub
2755 4330 2925 4411 ὕδωρ

1641 4406 2003 4475 patriarchae
2066 4404 2394 4459 antiocheni
2457 4414 2624 4473 saepe
2685 4403 2927 4455 recurrit

304 4447 675 4524 putationem
694 4446 766 4505 de
786 4448 1076 4506 Trinitate
1098 4452 1160 4507 et
1177 4448 1585 4507 incarnatione
1640 4477 1812 4529 etiam
1864 4476 1926 4529 in
1977 4475 2216 4530 coneilio
2280 4473 2707 4535 congmnffiengi4
2770 4472 2925 4540 quod

304 4555 439 4596 cum
471 4537 676 4596 Mauro
706 4537 961 4611 quodam
1004 4538 1292 4596 habuerit.
1355 4537 1585 4594 Indicto
1641 4548 1815 4601 habes
1841 4546 2207 4629 apud-Manui
2230 4546 2425 4611 xxm,
2445 4550 2709 4628 als—34,
2731 4543 2791 4597 in
2810 4560 2923 4625 qap

303 4626 569 4684 Basileae
600 4625 847 4685 concilio
868 4642 935 4685 eo
956 4643 1015 4685 se
1036 4628 1296 4685 contulit
1327 4626 1584 4684 salman·
1643 4621 1839 4672 tuetur
1863 4618 2089 4699 eonvllll,
2118 4635 2289 4687 super
2329 4618 2659 4698 Ρθῦὓῑᾷῦίῗῑῑῑ
2687 4622 2923 4698 “00091'35

1643 4693 1838 4753 tatem,
1867 4689 1981 4744 fmt
2000 4706 2153 4742 emm
2190 4689 2491 4743 vehemens
2510 4688 2670 4741 illius
2696 4686 2923 4739 concilu

383 4764 420 4832 ¹)
445 4760 528 4815 Cf.
558 4760 721 4814 Feret
746 4761 840 4825 IV,
860 4765 1123 4824 sev—31,
1152 4761 1252 4828 qui
1273 4762 1394 4831 ejus
1416 4776 1586 4830 opera
1642 4763 1871 4815 assecla.
1923 4761 1988 4814 In
2015 4777 2168 4815 conc.
2197 4776 2329 4814 vero
2356 4758 2763 4814 constantiensi
2789 4757 2925 4810 alte·

305 4832 524 4886 inedita
567 4832 635 4885 de
679 4832 919 4886 concilio
973 4832 1148 4896 basil„
1198 4832 1266 4886 de
1318 4832 1585 4897 Ecclesia,
1642 4833 1761 4886 rius
1789 4832 1904 4885 fuit
1927 4832 2259 4885 sententiae.
2289 4828 2433 4884 Hinc
2460 4848 2493 4883 a
2526 4831 2579 4884 P.
2608 4830 2676 4882 de
2705 4828 2924 4882 Alliaco

304 4906 503 4959 centra
530 4904 888 4957 manichaeos
913 4906 1017 4958 etc.
1045 4907 1312 4957 recenset.
1644 4903 1758 4958 fuit
1782 4903 2173 4974 impugnatus.
2225 4904 2306 4955 Ol.
2335 4903 2403 4956 de
2432 4901 2613 4955 Hardt
2640 4901 2731 4965 Vl,
2760 4903 2829 4956 63
2855 4916 2922 4953 ss.

520 5002 708 5055 Hurtcr,
738 5003 1069 5050 Nomenclator
1093 5003 1132 5048 11
1163 5004 1235 5050 ed.
1269 5004 1315 5052 3.
2536 4996 2603 5047 27
