3475 5364
445 4504 459 4516 ·
534 4486 631 4540 ein
658 4486 912 4541 Versuch
954 4489 1408 4557 pragmatuscher
1448 4486 1819 4556 Darstellung

551 371 632 425 39
1002 359 1375 412 1109-1141.
1399 350 1547 408 Hist.
1574 352 1807 410 cruciat.
1836 352 2208 418 Romualdus,
2236 352 2424 418 Falco,
2450 351 2736 418 Alberius,
3086 372 3169 424 40

549 539 968 600 Continuatum
1001 541 1155 600 illud
1171 542 1338 600 suita
1366 542 1407 600 J
1423 560 1667 601 oanne
1700 559 1825 599 mo·
1882 539 2224 609 interfuere,
2258 539 2360 599 sed
2392 539 2521 598 sine
2543 539 2774 615 judicio
2821 541 2883 596 et
2927 555 3173 597 accura-

547 629 732 687 nacho
752 628 825 686 ad
846 648 896 688 a.
927 640 945 690 1
971 640 1111 692 140.
1143 631 1374 690 Prodiit
1404 631 1663 707 primum
1685 648 1827 689 cura
1880 629 2048 688 tione
2097 629 2316 699 critica,
2371 628 2509 687 stilo
2558 632 2758 687 tamen
2809 626 3042 687 ardenti
3106 631 3178 687 et

548 717 704 776 Guil.
737 717 1015 776 Howardi
1044 719 1300 778 Londini
1339 731 1365 784 1
1381 729 1504 783 592
1528 741 1540 787 ;
1572 720 1825 778 Franco·
1882 719 2002 777 fere
2035 718 2282 794 poetico,
2304 719 2608 777 historiam
2627 718 3175 793 hierosolymitanae

536 805 696 865 furti
727 802 1060 890 (mendose)
1104 818 1256 872 1601
1285 830 1298 878 ;
1333 809 1622 884 quaedam
1654 827 1725 867 ex
1758 826 1827 867 eo
1883 808 2261 884 expeditionis
2291 808 2416 867 sive
2447 807 2521 865 de
2551 806 2827 883 passagio
2849 805 3172 866 Godofredi

546 894 725 954 habes
769 896 833 954 in
877 896 1003 958 ΜΘ.
1051 898 1145 957 SS.
1177 897 1245 968 V,
1283 907 1619 966 564—683
1666 896 1826 968 XIII,
1884 897 1956 955 de
1988 897 2266 956 Ballione
2298 902 2360 955 et
2389 897 2637 955 aliorum
2691 895 3029 972 principum
3060 913 3172 954 us-

554 993 889 1055 1-24—30;
936 1002 1070 1043 cum
1116 986 1562 1046 continuatione
1606 985 1828 1045 ibidem
1883 1005 2000 1062 que
2031 986 2103 1045 ad
2136 1005 2186 1045 a.
2221 994 2282 1050 2.
2315 985 2596 1044 Balduini
2622 986 2695 1043 11.
2727 978 3169 1066 (1095-1121)

550 1083 858 1137 130-134.
920 1076 1147 1133 Auctor
1196 1076 1376 1135 etiam
1418 1078 1508 1135 est
1568 1075 1733 1134 Vitae
1782 1094 1827 1133 s.
1882 1076 1945 1136 ll.
1965 1075 2214 1151 Xll,qui
2229 1074 2606 1134 sinenomine
2623 1074 2883 1133 auctoris
2903 1074 3169 1150 primum

534 1162 849 1222 ‘Wulstani
882 1157 943 1244 (†
970 1162 1162 1246 1095)
1194 1164 1256 1223 in
1278 1167 1406 1223 Act.
1440 1165 1539 1223 SS.
1576 1175 1675 1227 19.
1693 1164 1828 1226 Jan.
1883 1163 2031 1223 editi
2090 1168 2239 1222 sunt
2298 1182 2434 1222 cum
2495 1163 2877 1240 chronologia
2924 1162 3169 1221 Henrici

534 1248 623 1322 ·II,
650 1260 1014 1315 239—242.
1045 1286 1134 1297 --
1165 1253 1638 1313 Romualdus
1670 1253 1826 1312 Lar·
1883 1253 2186 1312 Meibomii
2232 1273 2266 1311 a
2310 1252 2559 1311 Reinero
2607 1252 2917 1311 Reineccio
2956 1252 3164 1310 Helm-

533 1339 961 1417 ›chiepiscopus
995 1341 1388 1401 salernitanus
1422 1340 1828 1423 (1121—36)
1884 1342 2063 1401 stadii
2115 1350 2281 1406 1584
2313 1342 2376 1400 in
2411 1352 2467 1405 4.
2516 1341 2629 1400 sub
2672 1342 2858 1401 titulo
2903 1340 3168 1400 chronici

546 1433 756 1488 auctor
787 1434 881 1488 est
911 1431 1171 1489 chronici
1184 1427 1232 1513 1)
1252 1432 1325 1490 ab
1341 1451 1393 1497 ο.
1409 1431 1614 1490 cada.
1639 1440 1823 1501 1125,
1883 1431 2393 1507 hierosolymitani
2423 1431 2492 1489 de
2522 1431 2659 1489 bello
2677 1449 2864 1500 sacro,
2898 1430 3036 1489 dein
3054 1448 3165 1488 suo

547 1517 707 1593 quod
776 1518 916 1578 dein
984 1520 1361 1580 continuavit
1420 1521 1493 1579 ad
1556 1540 1604 1579 a.
1658 1531 1823 1584 1178
1882 1520 2112 1579 auctori
2172 1520 2451 1579 restituti
2524 1520 2590 1578 in
2649 1519 2690 1579 J
2692 1538 2773 1581 ac.
2849 1518 3164 1595 Bongarsii

534 1607 1015 1667 -Romualdus
1046 1607 1123 1667 H.
1154 1609 1299 1667 item
1345 1609 1827 1685 archiepiscopus
1881 1609 2068 1686 gestis
2099 1609 2208 1668 Dei
2253 1627 2359 1685 per
2405 1608 2661 1667 Francos
2708 1608 2753 1676 Ι,
2802 1617 3163 1678 184-381,

548 1696 946 1756 salernitanus
993 1693 1213 1779 (1153,
1259 1696 1297 1766 †
1350 1710 1402 1763 1.
1435 1702 1573 1775 Apr.
1612 1693 1825 1780 1181),
1883 1698 2225 1758 Hanoverae
2266 1708 2423 1761 1611
2464 1698 2530 1756 in
2559 1698 2628 1766 f.;
2691 1697 2891 1775 Migne
2923 1696 3162 1768 CLXVI,

547 1785 774 1843 editum
820 1805 854 1843 a
903 1787 1227 1846 Muratorio
1277 1806 1413 1847 cum
1463 1787 1619 1846 Saxii
1665 1787 1825 1846 notis
1886 1796 2269 1856 389-716;
2345 1787 2559 1863 gallice
2637 1787 2794 1845 versi
2856 1806 2890 1845 a
2950 1785 3165 1845 Guizot

546 1874 704 1933 inter
735 1874 1052 1949 scriptores
1067 1895 1261 1935 rerum
1281 1876 1620 1936 italicarum
1635 1879 1680 1936 t.
1698 1876 1825 1935 VII.
1880 1876 2123 1935 Parisiis
2145 1885 2332 1940 1824.
2354 1875 2709 1935 ——Eandem
2729 1874 3165 1952 expeditionem

545 1975 695 2039 p.'1,
735 1973 993 2026 7-244
1025 1967 1087 2022 et
1117 1965 1183 2023 in
1215 1965 1341 2024 ΜΘ.
1375 1965 1472 2027 SS.
1493 1963 1642 2037 XIX,
1669 1973 1824 2028 387-
1881 1965 1946 2023 in
1978 1984 2120 2024 suae
2150 1966 2425 2024 historiae
2457 1966 2995 2042 hierosolymitanae
3022 1963 3087 2027 ll.
3123 1973 3161 2026 4

549 2061 693 2117 461.
739 2086 829 2097 -—-
871 2054 956 2111 De
1005 2053 1183 2112 rebus
1235 2059 1428 2113 aetate
1478 2073 1585 2113 sua
1632 2055 1823 2132 gestis
1881 2054 2548 2125 aconc.clarimontan0,
2572 2053 3030 2130 quoeadecreta
3045 2052 3166 2111 fuit

536 2137 1043 2221 ·(1102—-1140)
1077 2142 1207 2202 fuse
1238 2146 1299 2202 et
1329 2145 1599 2203 accurate
1643 2144 1829 2202 refert
1879 2162 2073 2219 usque
2104 2143 2178 2202 ad
2211 2146 2442 2219 captam
2462 2143 2671 2202 urbem
2690 2141 3165 2219 hierosolymita·

544 2225 856 2313 Falco2)‚
893 2231 1150 2290 scribas.
1170 2231 1374 2309 palatii
1396 2233 1729 2293 Innocentii
1748 2232 1825 2295 11.
1880 2251 2018 2291 nam
2048 2235 2268 2291 tractat
2301 2229 2646 2314 (1095·98)
2695 2231 2928 2291 Balde
2947 2230 3162 2290 ricus

532 2321 609 2377 ·et
631 2319 816 2394 judex
834 2319 1302 2393 beneventanus,
1324 2323 1484 2396 quod
1504 2322 1825 2380 chronicon
1878 2315 2230 2405 (Bandrius)
2278 2321 2723 2380 Aurelianensis
2772 2316 2944 2403 (quia
2989 2339 3048 2379 n.
3099 2319 3164 2378 in

542 2407 772 2484 prodiit
801 2409 959 2468 inter
977 2412 1235 2484 quatuor
1266 2410 1543 2487 antiquos
1574 2412 1824 2469 chrono·
1881 2410 2099 2486 oppido
2132 2412 2352 2487 Menny
2391 2429 2574 2487 prope
2595 2411 2993 2469 ‘Aurelianum
3026 2427 3075 2467 c.
3106 2427 3161 2468 a.

542 2497 707 2574 logos
738 2497 931 2556 editos
963 2498 1037 2556 ab
1060 2500 1197 2556 Ant.
1218 2499 1550 2570 Caraccioli,
1573 2499 1823 2575 Neapoli
1890 2496 2080 2580 1047)
2111 2501 2438 2559 monachus
2471 2499 2631 2562 OSB.
2652 2499 2791 2558 dein
2812 2499 2994 2558 abbas
3016 2499 3161 2557 bur-

533 2594 716 2648 Δ1626
751 2587 815 2644 in
850 2596 919 2657 43
967 2585 1055 2645 ed.
1090 2587 1334 2646 Camsio
1381 2588 1446 2646 in
1490 2588 1638 2653 bibl.
1682 2589 1823 2647 hist.
1880 2581 2152 2665 gulensis
2199 2585 2601 2672 (Bourgueil)‚
2653 2588 2891 2648 demum
2936 2587 3162 2646 archie-

541 2674 655 2734 Sic.
702 2675 746 2746 Ι,
798 2685 1101 2740 302-98
1150 2695 1284 2737 cum
1330 2676 1823 2755 castigationibus
1878 2677 2157 2755 piscopus
2191 2678 2450 2738 dolensis
2502 2675 2563 2757 (†
2599 2688 2654 2742 7.
2686 2678 2822 2737 Jan.
2862 2688 3028 2742 1130
3063 2676 3160 2736 vel

544 2764 897 2841 Pellegrini3
946 2767 1008 2822 et
1049 2765 1113 2823 in
1158 2767 1440 2825 thesauro
1489 2767 1676 2842 antiq.
1731 2767 1822 2826 ed.
1886 2779 1907 2830 1
1932 2761 2101 2848 131).
2154 2767 2268 2826 Sed
2316 2787 2452 2826 cum
2503 2767 2812 2826 indomitis
2862 2770 3165 2843 praeesset

544 2853 868 2912 Burmanni
886 2858 930 2917 t.
949 2853 1046 2912 IX.
1068 2858 1195 2926 etc,
1218 2855 1417 2932 Migne
1458 2866 1597 2926 173,
1627 2869 1649 2918 1
1673 2866 1823 2920 145-
1881 2857 2246 2927 Britonibus,
2279 2876 2534 2932 quorum
2583 2856 3033 2932 perversitatem
3065 2858 3161 2915 to-

551 2951 740 3016 1262,
763 2961 911 3018 opus
934 2962 1037 3019 pro
1052 2944 1307 3004 historia
1326 2944 1534 3005 Italiae
1552 2964 1821 3021 praeser-
1878 2946 2068 3005 lerare
2097 2962 2218 3003 non
2236 2948 2490 3022 poterat,
2510 2949 2825 3021 protervos
2847 2949 2908 3004 et
2926 2945 3164 3022 exleges

530 3030 655 3089 tim
686 3032 984 3090 inferioris
1016 3033 1217 3109 gravis
1248 3034 1565 3094 momenti.»
1878 3053 2052 3110 saepe
2086 3034 2392 3094 deserebat
2421 3037 2483 3094 et
2512 3034 2578 3093 in
2609 3033 3032 3094 Normanniam
3064 3033 3162 3092 fu·

1877 3122 2095 3201 giebat,
2159 3123 2264 3183 ubi
2325 3123 2587 3183 dolensis
2650 3123 2899 3183 ecclesia
2941 3122 3160 3183 fundos

639 3219 735 3272 19.
769 3209 976 3269 Plures
1037 3207 1408 3287 scripserunt
1468 3213 1541 3271 de
1581 3212 1822 3289 expedi·
1877 3212 2149 3273 habebat.
2199 3213 2524 3272 Historiam
2571 3231 2740 3272 suam
2784 3212 3162 3273 concinnavit

539 3297 808 3357 tionibus
854 3299 1082 3359 bellicis
1129 3300 1202 3359 ad
1248 3303 1656 3378 recuperanda
1691 3303 1822 3361 loca
1877 3321 1945 3360 ex
1978 3320 2157 3378 opere
2206 3320 2561 3378 annonymo,
2605 3319 2802 3377 neque
2835 3302 2993 3360 enim
3024 3301 3160 3376 ipse

542 3405 722 3448 sacra.
752 3387 848 3446 Ita
892 3389 1264 3449 Alberius
1309 3384 1677 3472 (Albericus)
1725 3410 1820 3450 ec·
1876 3390 2155 3450 interfuit
2188 3390 2347 3450 bello
2380 3409 2563 3462 sacro,
2580 3392 2993 3450 concinnatam
3009 3388 3161 3449 testi

541 3475 753 3535 clesiae
787 3479 1066 3553 aquensis
1101 3479 1165 3536 in
1197 3479 1406 3550 Gallia,
1439 3480 1817 3555 probabilius
1875 3481 2111 3540 oculato
2159 3480 2540 3539 revidendam
2583 3480 2835 3539 tradidit
2878 3480 3022 3538 adeo
3067 3481 3158 3546 ut,

540 3565 976 3643 Aquisgraniin
998 3569 1309 3627 Germania
1328 3570 1660 3638 canonicae,
1676 3587 1832 3626 nar-⁷
1876 3569 1957 3627 sit
2016 3568 2132 3627 fide
2193 3568 2390 3646 digna.
2451 3570 2661 3628 Exstat
2719 3569 2785 3628 in
2844 3567 3162 3646 Bongarsii

538 3654 692 3734 rat⁸)
743 3675 813 3714 ex
858 3656 972 3715 fide
1035 3676 1256 3729 eorum,
1320 3658 1426 3734 qui
1476 3661 1817 3734 praesentes
1875 3657 2065 3734 gestis
2098 3661 2207 3717 etc.
2238 3658 2284 3728 I,
2322 3666 2625 3722 84-138
2661 3661 2723 3717 et
2752 3658 2816 3717 in
2836 3658 3035 3735 Migne
3053 3677 3160 3733 pa-

1829 3801 1832 3806 .
1875 3748 2013 3806 trol.
2064 3747 2301 3818 CLXVI,
2365 3757 2817 3819 1057—-1152,
2878 3746 2984 3806 ubi
3039 3747 3161 3806 alia

655 3851 689 3910 ¹)
717 3843 962 3898 Dubitat
1011 3847 1201 3898 tamen
1248 3844 1580 3899 Tiraboschi
1630 3845 1821 3900 Storia
1875 3836 2140 3911 ejusdem
2192 3837 2412 3912 scripta
2459 3835 2736 3913 reperies,
2786 3839 2859 3895 ut
2901 3838 3080 3895 vitam
3110 3855 3158 3897 s.

540 3913 691 3969 della
731 3915 876 3969 Lett.
903 3915 968 3969 it.
994 3916 1089 3968 III.
1116 3917 1152 3970 l.
1178 3922 1213 3971 4
1253 3931 1297 3972 c.
1325 3921 1359 3972 3
1385 3934 1442 3970 n.
1470 3922 1552 3981 15,
1595 3917 1698 3986 qui
1739 3921 1819 3970 to·
1878 3925 2142 4004 Huqom’g
2172 3926 2599 4003 rotomagensis
2629 3944 2738 4000 ep„
2773 3944 2924 4002 quae
2953 3929 3158 3984 tamen

539 3989 885 4130 tunifffiffig
906 3986 1357 4122 {gzepffioffifflgg
1383 3987 1499 4126 ἔξω
1527 4059 1801 4130 egimusl
1876 4014 2070 4090 pretio
2117 4014 2322 4073 critico
2385 4016 2548 4073 caret
2607 4015 2841 4091 fideque
2891 4033 3012 4073 non
3064 4016 3159 4072 est

540 4135 697 4186 1074·
1804 4102 1818 4126 '
1876 4103 2086 4180 digna:
2149 4103 2340 4162 Vitam
2390 4104 2436 4164 b.
2470 4104 2707 4162 Roberti
2755 4104 2827 4163 de
2859 4103 3158 4163 Arbisello

648 4208 688 4266 ³)
718 4200 799 4254 Cf.
841 4199 1225 4255 wattenbach
1266 4204 1305 4254 t.
1341 4201 1393 4254 11
1420 4211 1445 4267 ς
1472 4206 1570 4262 24ς
1622 4200 1821 4255 Pastor
1877 4189 1939 4272 (†
1999 4188 2226 4272 1117);
2298 4192 2679 4252 [cinerarium
2742 4194 2866 4253 sive
2925 4212 3018 4267 ep.
3082 4191 3156 4251 ad

536 4272 679 4328 ΚΙι.ἱ
706 4277 757 4335 1,
780 4277 916 4353 411;
957 4272 1185 4353 Αμκιτεε
1209 4270 1405 4353 VVerk,
1446 4272 1633 4354 dasin
1662 4279 1729 4330 12
1759 4273 1820 4327 B·
1876 4282 2302 4340 Fiscannenses
2350 4277 2683 4364 (Fecamp);
2729 4285 2995 4342 carmina
3038 4288 3087 4339 et
3119 4282 3158 4343 l.

538 4343 777 4425 zerffiuta
825 4346 901 4397 ¹⁸¹³
942 4346 1047 4425 φή
1096 4344 1346 4425 ῙΡΨἛΘΓ
1389 4345 1820 4469 Βῗὲθῑδῦθωῃῗ
1875 4372 1944 4428 de
1973 4373 2295 4429 visitatione
2325 4373 2693 4445 infirmorum
2750 4372 2854 4447 qui
2880 4371 2984 4430 diu
3015 4371 3155 4429 Au-

536 4417 675 4470 aber
698 4418 804 4468 mit
824 4432 1012 4485 wemg
1031 4414 1609 4496 Kritikgeschrieben
1633 4437 1644 4474 ;
1671 4432 1779 4469 auc
1874 4479 1970 4537 gu
1989 4478 2015 4518 S
2031 4460 2148 4518 tin
2168 4480 2202 4519 o
2235 4460 2631 4533 tribuebatur,
2665 4416 2804 4520 h’inc
2834 4460 2996 4520 inter
3026 4461 3155 4535 ejus

536 4557 682 4611 wird
722 4558 782 4610 in
819 4559 1143 4613 demselben
1182 4558 1347 4613 nicht
1380 4560 1662 4628 gemacht.
1713 4557 1819 4612 Die

535 4630 1042 4700 chronologischen
1088 4631 1365 4700 Angaben
1411 4631 1641 4685 Alberts
1686 4629 1819 4683 sind
3119 4675 3130 4686 .

535 4717 825 4782 ungenau3
865 4702 956 4755 die
984 4701 1205 4755 Namen
1246 4702 1346 4755 der
1369 4701 1654 4756 Personeu
1698 4702 1817 4783 und
1877 4701 2054 4757 Farbe
2108 4703 2224 4784 und
2277 4702 2482 4756 Leben.
2558 4701 2883 4756 Secundum
2938 4700 3156 4770 Kugler

535 4772 1821 4926 {mass}ssszssmfffiss
1875 4775 2640 4904 ω..
2662 4773 3155 4899 assas

535 4915 779 4977 Gla-nze;
807 4916 898 4970 die
920 4915 1290 4986 Darstellung
1315 4918 1392 4970 ist
1416 4914 1672 4981 bullam,
1700 4916 1820 4971 voll
1876 4932 1985 4970 von
2012 4917 2246 4970 Aachen
2273 4916 2372 4969 XII
2400 4919 2599 4986 (1887),
2628 4921 2928 4972 545--557.
