3475 5364
352 372 473 425 769
1319 344 1521 410 Petrus
1549 357 1620 412 de
1641 325 2006 412 *Ancharanm

2848 380 2968 430 770

343 541 501 616 apud
534 541 751 600 Schard
770 541 843 602 de
855 542 1278 617 jurisdictione
1314 543 1624 618 imperiali,
1683 544 2040 618 obsequium
2075 541 2320 624 (1407),
2369 548 2429 604 et
2462 545 2534 603 ab
2581 546 2972 605 universitate

353 632 1627 705 1566‚p.688-711;cum'l¹heodoricode
1684 633 1759 694 ad
1810 632 2123 692 concilium
2175 634 2476 708 pisanum,
2527 635 2585 692 in
2638 654 2756 709 quo
2806 637 2973 696 stetit

344 718 552 795 Nyem,
590 721 972 795 Argentorati
1011 730 1213 790 16093
1259 731 1454 784 1629:
1509 740 1627 796 quo
1683 727 1889 784 contra
1920 722 2266 799 Gregorium
2301 723 2446 793 XII.,
2482 724 2758 798 votisque
2789 728 2850 785 et
2878 745 2969 783 ar·

343 809 406 866 in
438 815 509 866 tr.
546 827 680 867 cum
712 809 844 868 aliis
876 810 1170 886 theologis
1201 810 1365 869 illius
1399 815 1625 887 tempo·
1683 810 1990 890 gumentis
2053 830 2189 871 vere
2251 812 2550 871 debilibus
2599 813 2971 889 desperatam

343 897 426 956 ris
488 897 940 957 difficultatibus
991 900 1325 959 schismatis
1375 899 1625 959 nimium
1684 901 1850 961 illius
1898 900 2361 976 pseudoconcilii
2413 920 2643 961 causam
2678 903 2974 962 sustinuit

343 991 582 1063 pressus
603 987 851 1045 concilio
880 989 1013 1063 plus
1034 990 1193 1060 iusto
1214 989 1445 1059 tribuit,
1469 988 1628 1064 quod
1685 988 1902 1072 (Mansi
1935 989 2164 1059 XXVII,
2215 992 2610 1068 367-:39⁴).
2658 991 2802 1050 Cum
2836 1010 2971 1051 vero

344 1076 549 1134 stricte
595 1079 898 1151 sumptum
944 1077 1134 1152 ipsam
1166 1078 1459 1138 Ecclesiae
1510 1078 1626 1136 lae-
1683 1079 1923 1140 interim
1958 1078 2269 1138 defecisset
2300 1080 2561 1138 Bononia
2592 1080 2666 1141 ad
2687 1079 2971 1142 Benedic-

341 1165 509 1223 deret
583 1166 1099 1236 constitutionem3
1162 1175 1408 1242 propter
1468 1165 1627 1241 quod
1680 1174 1814 1228 tum
1848 1167 2024 1238 1111„
2058 1169 2185 1243 ipse
2216 1170 2453 1230 nomine
2475 1169 2709 1228 concilii
2732 1189 2973 1244 respon-

339 1254 541 1329 inepte
588 1273 623 1311 a
667 1254 970 1314 nonnullis
1002 1256 1488 1331 praecursoribus
1535 1275 1621 1314 re-
1683 1259 1821 1317 dere
1846 1259 2055 1332 jussus
2100 1261 2190 1316 est
2236 1258 2387 1332 parti
2434 1258 2782 1318 adhaerenti
2828 1259 2971 1319 Gre-

341 1342 711 1402 formationis
744 1347 1174 1404 annumeratus
1210 1350 1304 1404 est
1321 1341 1383 1424 ¹).
1421 1346 1626 1404 Notat-i
1682 1347 1850 1423 gorio
1883 1346 2027 1414 X11.‚
2064 1345 2355 1421 nisusque
2376 1351 2468 1406 est
2488 1346 2797 1406 ostendere
2831 1366 2967 1406 con-

343 1432 501 1490 enim
547 1431 740 1501 debet,
788 1433 1096 1509 theologos
1143 1435 1307 1493 illius
1339 1435 1625 1509 temporis
1682 1436 1885 1496 cilium
1919 1435 2191 1514 legitime
2206 1436 2389 1494 fuisse
2406 1439 2794 1495 convocatum
2812 1437 2969 1495 ideo·

343 1525 570 1580 statum
602 1540 741 1594 prae
773 1523 962 1581 oculis
982 1522 1266 1583 habuisse
1285 1524 1626 1583 abnormem
1683 1544 1800 1600 que
1825 1526 1962 1601 jure
1978 1524 2040 1582 in
2059 1543 2166 1583 sua
2180 1527 2386 1584 contra
2408 1525 2719 1601 pontifices
2738 1526 2970 1585 actione

342 1610 653 1678 Ecclesiae,
687 1629 805 1684 quo
839 1617 984 1671 tunc
1015 1612 1090 1671 ob
1111 1613 1364 1672 schisma
1392 1613 1622 1672 labora-

1683 1614 2058 1688 processisse.
2132 1613 2462 1674 convocato
2525 1614 2768 1674 concilio
2831 1633 2967 1675 con·
3082 1666 3090 1674 .

343 1698 462 1766 bat,
496 1718 618 1758 non
634 1703 860 1758 statum
881 1700 1040 1776 pacis
1061 1702 1175 1760 sub
1195 1702 1470 1779 pontifice
1490 1703 1622 1761 abs·

343 1807 458 1862 que
489 1786 674 1847 dubio
718 1789 1005 1866 legitimo,
1068 1791 1339 1850 Ceterum
1391 1793 1519 1866 qius
1552 1793 1624 1850 tr.

342 1877 414 1936 de
446 1878 760 1937 schismate
792 1879 1018 1938 relatus
1060 1883 1152 1939 est
1181 1880 1246 1939 in
1277 1880 1529 1939 indicem
1563 1881 1624 1939 ll.

340 1967 771 2042 prohibitorum
804 2007 830 2035 ,
845 1967 1030 2026 donec
1047 1970 1407 2045 corrigatur:
1425 1979 1451 2007 ‘
1472 1988 1624 2044 quae

343 2056 609 2115 clausula
639 2060 780 2114 sane
811 2057 1054 2132 respicit
1098 2059 1275 2117 etiam
1308 2059 1624 2135 praefatio-

342 2163 475 2203 nem
508 2146 573 2203 in
603 2146 691 2205 ed.
724 2145 798 2204 ab
829 2145 1138 2206 haereticis
1157 2149 1399 2208 curatis.
1430 2149 1501 2207 In
1519 2167 1624 2206 no-

341 2235 582 2293 vissima
611 2239 811 2294 tamen
856 2235 1076 2296 Indicis
1128 2237 1271 2298 edit.
1314 2237 1455 2296 haec
1488 2257 1623 2312 pro·

343 2323 551 2382 hibitio
584 2342 703 2382 non
749 2325 1005 2398 amplius
1056 2326 1294 2401 legitur.
1359 2326 1626 2400 Reliquit

340 2413 559 2487 scripta
589 2413 768 2471 etiam
789 2413 1218 2489 philosophica:
1253 2416 1342 2474 De
1352 2416 1626 2488 felicitate

340 2502 400 2562 ll.
439 2511 473 2564 3
509 2502 738 2561 Patavii
782 2512 964 2565 1655.
1029 2503 1233 2562 Plures
1264 2506 1533 2579 epistolas
1564 2509 1625 2562 et

1683 1703 2001 1762 stantiensi
2046 1703 2266 1762 missus
2314 1706 2404 1762 est
2437 1724 2469 1760 a
2501 1704 2729 1764 Joanne
2761 1703 2967 1762 XXIII.

1681 1792 1754 1850 ad
1787 1790 1940 1850 illud
1970 1810 2215 1850 munere
2248 1791 2514 1852 advocati
2549 1793 2784 1852 concilii
2816 1797 2876 1851 et
2907 1794 2970 1851 in

1682 1882 1877 1956 prima
1908 1882 2169 1941 sessione
2190 1883 2412 1940 electus
2435 1883 2591 1940 inter
2607 1886 2969 1941 scrutatores

1681 1975 1973 2031 votorum.
2036 1972 2167 2029 Mox
2235 1989 2371 2029 vero
2420 1971 2744 2030 Bononiam
2794 1970 2971 2029 rediit

1682 2059 2056 2133 decessitque
2095 2069 2191 2123 13.
2226 2060 2356 2133 Maj.
2402 2069 2580 2121 1416.
2616 2059 2705 2119 Ob
2740 2062 2968 2119 vastam

1682 2148 2103 2208 eruditionem·
2139 2152 2200 2207 et
2259 2149 2559 2224 insignem
2621 2149 2682 2206 in
2734 2148 2969 2226 legibus

1679 2238 1956 2313 peritiam
1975 2238 2375 2311 omnibusque
2388 2241 2750 2313 perspectam
2759 2237 2971 2313 judicii

1682 2327 2043 2401 aequitatem
2092 2325 2287 2385 dictus
2333 2326 2452 2384 fuit
2499 2345 2736 2394 ,ancora
2762 2327 2966 2401 juris‘3

1681 2416 1949 2489 undique
1982 2414 2097 2473 fuit
2128 2416 2441 2474 consultus
2472 2417 2623 2474 vela
2654 2416 2968 2490 magistra-

1679 2504 1865 2574 tibus,
1917 2504 2340 2573 cardinalibus,
2395 2505 2665 2581 regibus:
2719 2505 2968 2579 ejusque

1680 2612 1877 2668 opera,
1926 2594 2189 2662 consilia,
2238 2594 2584 2669 praesertim
2633 2614 2667 2653 a
2713 2593 2967 2668 posteris

1680 2682 2019 2750 canonistis,
2034 2684 2273 2743 maximi
2286 2682 2487 2743 habita
2497 2689 2641 2743 sunt
2659 2679 2718 2763 ¹).
2738 2685 2969 2743 Potiora

1681 2776 1853 2831 sunt:
1889 2771 2146 2833 Consilia
2177 2772 2302 2832 sive
2327 2772 2485 2848 juris
2517 2791 2815 2847 responsa.
2853 2773 2964 2831 Ro-

1677 2880 1807 2921 mae
1866 2870 2029 2924 1474
2055 2883 2067 2926 ;
2120 2861 2336 2937 Papiae
2399 2872 2596 2931 14963
2647 2862 2966 2921 Mediolani

432 2958 574 3011 386.
610 2948 944 3007 Zabarellae
990 2949 1207 3025 dignus
1255 2950 1475 3026 collega
1508 2950 1619 3009 fuit
1689 2961 1884 3019 1515;
1938 2950 2203 3011 Venetiis
2260 2960 2453 3021 15683
2510 2961 2708 3019 1573;
2772 2961 2966 3019 157⁴3

340 3038 620 3095 Petrus
657 3038 730 3095 ab
762 3056 895 3096 arce
927 3042 1237 3098 Ancarano
1267 3038 1331 3097 in
1367 3039 1619 3108 Etruria,
1686 3049 1849 3103 1585
1903 3057 2039 3099 cum
2091 3039 2502 3100 additionibus
2538 3040 2696 3099 Hier.
2733 3040 2964 3108 Zanchi,

340 3126 442 3184 ubi
477 3131 651 3185 natus
697 3130 863 3185 estc.
897 3147 944 3185 a.
987 3137 1171 3197 1330,
1221 3127 1293 3186 de
1338 3129 1618 3188 Ancha-
1693 3138 1884 3197 15893
1927 3129 2441 3203 15993quaedam
2463 3128 2967 3188 eorumcumaliis

339 3235 525 3274 rano
560 3216 1029 3292 cognominatus.
1050 3217 1254 3292 Rhegii
1279 3218 1391 3276 sub
1406 3217 1621 3276 celebri
1679 3217 1926 3294 collegis
1958 3217 2153 3287 dedit;
2202 3218 2635 3277 commentaria
2680 3221 2741 3277 in
2773 3219 2965 3277 decre-

339 2609 627 2649 sermones
658 2592 916 2665 primum
949 2591 1139 2650 edidit
1171 2594 1381 2654 Kneer.
1436 2594 1622 2652 Colle-

340 2680 498 2757 gisse
560 2700 797 2755 quoque
861 2681 1083 2758 legitur
1132 2685 1279 2741 Acta
1341 2684 1404 2742 in
1466 2702 1621 2742 conc.

338 2770 546 2845 pisano
579 2789 640 2827 ac
674 2770 1180 2851 constantiensi2).

339 3304 1091 3378 Baldojuricivilistuduit.
1120 3301 1623 3386 Primum(1385)
1678 3308 1837 3381 tales,
1873 3305 2193 3365 admodum
2224 3307 2469 3381 prolixa,
2506 3307 2569 3364 in
2588 3307 2810 3382 quibus
2834 3308 2966 3365 lite·
3067 3301 3074 3307 ’

340 3393 544 3453 docuit
578 3394 800 3452 Patavii
846 3398 1177 3469 auctusque
1226 3394 1346 3453 fuit
1378 3413 1621 3453 munere
1677 3400 1883 3454 ratura
1915 3395 1990 3453 ad
2022 3414 2197 3454 suum
2230 3414 2421 3470 usque
2462 3400 2701 3470 tempus
2736 3397 2967 3470 copiose

340 3482 693 3541 consultoris
741 3483 1133 3558 reipublicae;
1187 3485 1323 3542 inde
1383 3485 1624 3542 transiit
1677 3485 1891 3553 utitur,
1936 3483 2217 3561 Lugduni
2259 3494 2601 3547 1535-43
2636 3486 2678 3541 t.
2718 3494 2750 3546 5
2788 3485 2968 3542 simul

340 3572 520 3631 Senas
552 3572 622 3629 ad
655 3573 1030 3646 exponendas
1053 3570 1414 3652 decretales(
1425 3584 1447 3635 1
1467 3582 1621 3634 393-
1678 3591 1813 3632 cum
1848 3573 2078 3633 lectura
2107 3590 2285 3646 super
2318 3573 2487 3631 Sexto
2520 3570 2699 3652 (quae
2722 3572 2963 3631 seorsim

344 3656 471 3740 96).
507 3661 718 3719 Docuit
749 3664 810 3719 et
842 3662 1154 3731 Bononiae,
1191 3663 1348 3721 unde
1387 3672 1553 3725 1402
1591 3682 1623 3720 a
1678 3662 1758 3723 ib.
1807 3661 2031 3737 prodiit
2069 3658 2283 3742 1517);
2335 3662 2567 3721 lectura
2614 3681 2790 3736 super
2844 3662 2964 3720 Cle·

339 3750 581 3809 Nicolao
601 3750 674 3807 11.
697 3751 1037 3809 marchione
1056 3752 1274 3810 estensi
1298 3751 1620 3809 Ferrariam
1678 3752 1969 3809 mentinas
2001 3746 2275 3832 (seorsim
2308 3749 2574 3809 Venetiis
2616 3758 2800 3818 1483,
2848 3751 2964 3808 Me-

337 3840 455 3898 fuit
497 3843 775 3898 evocatus
822 3858 956 3901 cum
1003 3842 1262 3900 Antonio
1308 3840 1379 3898 de
1413 3840 1622 3899 Butrio
1678 3839 1902 3898 diolani
1946 3849 2107 3901 1594
2155 3843 2216 3897 et
2263 3840 2408 3899 alibi
2456 3836 2651 3920 saepe)
2699 3843 2761 3899 et
2806 3857 2964 3897 com-

339 3928 410 3987 ad
444 3928 714 3986 studium
762 3928 928 3987 illius
979 3930 1240 3988 civitatis
1272 3928 1620 3988 ornandum.
1679 3929 1968 3988 mentario
2004 3931 2065 3987 in
2094 3930 2325 4007 reyulas
2332 3929 2517 4005 juris,
2556 3928 2881 4005 repertorio
2903 3928 2964 3986 in

341 4018 552 4093 Elapso
572 4018 738 4076 brevi
776 4022 1041 4093 tempore
1078 4020 1400 4078 Bononiam
1424 4018 1618 4087 rediit,
1677 4019 1739 4076 ll.
1774 4019 2165 4077 decretalium
2212 4023 2353 4087 etc.;
2402 4018 2620 4077 iterum
2667 4018 2965 4077 Bononiae

338 4127 373 4165 a
402 4126 521 4182 qua
552 4107 698 4165 urbe
732 4106 949 4165 missus
979 4110 1074 4166 est
1108 4108 1339 4184 legatus
1375 4107 1450 4167 ad
1482 4109 1621 4167 Gre-
1691 4117 1870 4172 1581.
1920 4117 2078 4171 1583
2113 4114 2154 4164 t·
2181 4118 2214 4168 6
2239 4108 2304 4166 in
2327 4110 2359 4164 f-
2394 4126 2529 4166 cum
2561 4107 2964 4166 additionibus

337 4197 568 4273 gorium
591 4195 717 4253 XII.
739 4195 812 4253 ad
829 4197 1220 4255 exhibendum
1238 4198 1368 4269 ejus
1385 4198 1623 4256 nomine
1677 4197 1768 4256 Jo.
1803 4197 2148 4256 Ferrarii
2199 4197 2495 4267 Montani3
2528 4198 2760 4256 selectae
2789 4215 2964 4273 quae-

1678 4289 1887 4345 stiones
1918 4287 2183 4345 omnium
2204 4287 2637 4361 praestantium
2654 4285 2807 4361 juris
2827 4302 2963 4343 con·

1680 4375 1993 4444 sultorum,
2024 4376 2397 4437 Franeofurti
2438 4385 2623 4437 1581.

418 4422 454 4488 ¹)
483 4418 563 4473 Cf.
618 4418 916 4489 Rattinger
965 4419 1237 4474 Stimmen
1289 4437 1391 4474 aus
1443 4420 1624 4473 Maria

340 4490 525 4544 Laach
554 4494 709 4547 1889.
740 4492 806 4554 ΙΙ,
832 4495 939 4547 424
968 4509 1036 4545 ss.

413 4566 453 4629 ²)
483 4561 606 4614 Von
634 4562 734 4615 der
755 4562 940 4615 Hardt
958 4564 1010 4618 ei
1032 4563 1237 4617 tribuit
1258 4567 1449 4632 Capita
1467 4583 1623 4633 nyen-

336 4636 529 4687 dorum
555 4632 617 4687 in
644 4650 798 4688 conc,
834 4634 1089 4703 generali
1116 4636 1526 4688 constantiensi
1554 4636 1623 4688 de

1760 4639 1795 4707 ¹)
1824 4635 1905 4690 cf.
1933 4636 2204 4690 Fantuzzi
2231 4636 2419 4691 Scritt.
2454 4636 2584 4690 bolo
2630 4678 2641 4690 .
2671 4636 2711 4699 I,
2738 4639 2963 4691 23043:

339 4704 740 4761 reformatione
793 4705 1091 4769 Ecclesiae,
1130 4723 1276 4775 quae
1328 4706 1557 4762 exhibet
1600 4707 1624 4759 Ι
1680 4707 1909 4762 Schulte
1952 4707 2017 4771 11,
2060 4710 2332 4765 278—83:
2376 4707 2605 4761 Mazzuc
2647 4706 2740 4761 elli
2777 4705 2962 4760 Scritt.

339 4794 393 4845 p.
426 4777 498 4829 IX
524 4795 578 4847 p.
607 4780 905 4833 501—530.
959 4777 1224 4846 Reperies
1258 4777 1336 4831 ib.
1364 4797 1418 4848 p.
1447 4782 1610 4835 537—
1679 4777 1904 4835 d'Italia
1932 4779 1998 4832 11.
2026 4784 2128 4847 p.⁸2
2148 4795 2276 4848 pag.
2293 4784 2399 4835 674
2414 4796 2515 4836 ss.;
2543 4775 2876 4832 Tiraboschi
2902 4776 2961 4829 Υ.

338 4852 442 4904 552
469 4848 784 4919 elegantem
811 4849 896 4903 J0.
927 4851 1017 4903 Fr.
1041 4848 1244 4919 Poggii
1270 4856 1327 4902 et
1353 4850 1624 4917 anonymi
1679 4849 1717 4904 l.
1745 4867 1790 4904 c.
1820 4854 1852 4905 2
1880 4867 1926 4905 c.
1954 4855 1987 4905 ὁ
2014 4867 2069 4903 n.
2097 4855 2164 4906 15
2192 4868 2261 4909 s.;
2316 4849 2521 4905 Wernz
2572 4850 2605 4903 J
2610 4866 2673 4900 us
2718 4847 2963 4901 decreta-

338 4918 634 4989 cujusdam
664 4919 977 4973 orationem
1014 4921 1081 4973 de
1109 4923 1303 4974 nostro
1322 4920 1622 4975 cardinali.
1680 4920 1838 4983 lium,
1866 4920 2076 4974 Romae
2104 4926 2243 4977 1898
2272 4926 2309 4975 t.
2340 4926 2365 4976 1
2400 4924 2438 4974 t.
2470 4926 2534 4976 15
2562 4932 2587 4984 ς’,
2615 4924 2647 4973 3
2674 4937 2729 4987 p.
2757 4923 2877 4973 379.

551 5018 746 5073 Hui-ter,
788 5018 1130 5066 Nomenclator
1157 5019 1198 5065 11
1230 5020 1305 5066 ed.
1336 5020 1383 5064 3.
2574 5013 2641 5062 25
