3475 5364
609 392 685 462 67
1264 398 1637 450 1109-1141.
1664 392 1863 449 Theol.
1891 394 2156 463 practica.
2186 393 2470 447 Paschalis
2496 394 2566 447 11.
3138 410 3231 465 53

607 577 1065 655 mythologice‘.
1106 579 1352 638 Carmen
1384 579 1677 639 ineditum
1710 580 1880 638 Gem·
1942 598 2178 656 quoque
2224 585 2491 656 poemate
2537 579 2858 639 celebravit
2886 582 3232 655 passionem

604 667 758 728 blaci
785 667 1064 737 viderunt
1083 669 1347 727 Andreas
1368 671 1429 726 et
1450 668 1743 738 Miraeus;
1778 668 1885 728 ubi
1940 677 2277 728 sanctorum
2347 669 2730 728 Thebaeorum
2745 665 2810 750 ¹),
2874 669 3032 744 quod
3079 687 3232 728 cum

594 757 722 832 jam
757 756 835 815 sit
865 756 1149 818 nescitur.
1210 757 1396 816 Aliud
1428 775 1578 833 opus
1626 757 1699 816 de
1730 761 1882 816 tem·
1940 758 2244 817 rarissima
2258 758 2527 834 ejusdem
2546 757 2822 817 Pas-sione
2840 776 2884 819 8.
2900 758 3119 817 Luciae
3158 758 3232 816 V.

604 864 814 921 porum
861 846 1306 922 computatione
1349 846 1647 905 ineditum
1690 846 1884 905 adhuc
1940 845 2126 930 (inter
2165 849 2314 906 Acta
2359 848 2587 905 sincera
2631 865 2677 904 8.
2722 847 2935 906 Luciae
2966 848 3054 917 V„
3106 847 3234 905 Pa-

605 935 768 994 latet.
801 934 932 993 Alia
963 954 1201 1011 quoque
1223 934 1534 1011 Sigeberto
1556 935 1658 994 sed
1679 936 1879 994 imme·
1939 937 2132 995 normi
2164 944 2325 1000 1758
2360 956 2416 1011 p.
2441 933 2774 1019 61—107)
2810 937 3068 1012 primum
3088 935 3233 995 edi·

603 1024 721 1083 rito
752 1024 1125 1093 tribuuntur,
1180 1027 1250 1083 ut
1281 1042 1581 1084 sermones
1613 1021 1881 1106 (excepto
1939 1026 2029 1083 dit
2060 1026 2298 1103 egregie
2345 1025 2652 1083 Dfimmler
2694 1025 2755 1084 iu
2790 1025 3081 1088 Abhandl.
3113 1026 3238 1085 der

603 1130 875 1171 sermone
907 1116 968 1170 in
998 1134 1042 1171 s.
1076 1110 1369 1192 Luciam),
1390 1113 1693 1189 epistolae,
1722 1115 1882 1173 vitae
1939 1115 1994 1172 k.
2029 1114 2137 1172 Ak.
2173 1114 2278 1173 der
2309 1115 2396 1176 W.
2429 1133 2500 1172 zu
2534 1115 2754 1185 Berlin,
2807 1114 2950 1190 phil.
2983 1133 3042 1172 u.
3077 1114 3233 1177 hist.

602 1220 748 1260 rom.
767 1203 1133 1277 pontificum,
1168 1203 1487 1261 chronicon
1518 1203 1881 1264 s.Vincentii
1938 1204 2117 1266 Abth.
2159 1213 2324 1266 1893
2360 1223 2417 1279 1).
2456 1213 2733 1267 1—125.

603 1294 775 1357 met.;
816 1290 1015 1366 passio
1048 1309 1126 1350 ss.
1159 1291 1432 1351 undecim
1466 1291 1726 1350 millium
1759 1293 1879 1350 vir·

602 1379 831 1456 ginum.
909 1380 1206 1439 Hactenus
1281 1380 1440 1439 edita
1514 1380 1772 1455 reperies
1817 1381 1881 1439 in
2799 1417 2810 1427 ·

603 1468 803 1545 Migne
836 1470 898 1528 P.
932 1470 993 1528 L.
1029 1469 1189 1540 CLX,
1235 1478 1512 1533 9—832.
1576 1470 1883 1528 Praeclaro
1908 1432 1914 1538 Ι
2056 1484 2090 1549 ¹)
2119 1479 2199 1533 De
2229 1498 2341 1547 quo
2370 1480 2439 1540 cf,
2470 1479 2647 1533 Pertz.
2677 1478 2889 1533 Archiv
2913 1479 3004 1539 XI,
3027 1484 3234 1536 1-17.

1320 1766 1468 1864 IV.
1535 1764 2025 1887 Theologia
2090 1767 2520 1885 practica.

608 2024 615 2031 ⁸
697 2013 796 2066 40.
828 2002 1069 2061 Juverit
1103 2001 1306 2078 paucis
1352 2002 1559 2061 saltem
1625 2003 1877 2077 ponti·
1903 2000 1908 2035 l
1934 2002 2226 2061 Eccledae
2267 2004 2407 2077 jura
2457 2005 2518 2060 et
2567 2003 2979 2061 investituram
3033 2019 3225 2060 usur-

601 2092 630 2149 f
639 2091 896 2167 icum¹)
929 2091 1109 2166 hujus
1132 2091 1722 2161 meminisse·aetati8‚
1745 2111 1879 2150 cum
1936 2091 2102 2167 panti
2148 2092 2368 2162 cedere,
2415 2091 2489 2149 ab
2535 2091 2741 2150 eodem
2785 2091 3091 2150 custodiae
3123 2095 3224 2149 est

601 2181 973 2259 gravissimis
1003 2180 1404 2238 laboraverint
1422 2179 1880 2239 difficultatibus
1933 2180 2190 2238 traditus
2235 2183 2413 2255 atque
2457 2180 2519 2237 in
2552 2200 2621 2239 ea
2650 2200 2756 2257 per
2786 2198 3017 2239 menses
3072 2178 3232 2240 duos

603 2275 664 2329 et
695 2270 851 2330 curis
894 2268 956 2327 in
998 2268 1418 2345 componendis
1463 2269 1880 2328 controversiis
1936 2269 2231 2328 detentus.
2283 2269 2399 2328 Tot
2430 2268 2841 2328 vexationibus
2872 2269 3123 2328 attritus
3156 2274 3226 2328 et

601 2360 673 2418 de
707 2361 1043 2418 investitura
1074 2358 1327 2433 aliisque
1360 2357 1432 2416 ad
1465 2357 1760 2417 Ecclesiae
1784 2378 1878 2417 re·
1936 2357 2321 2425 familiarium
2385 2357 2659 2434 precibus
2721 2360 2918 2416 motus
2980 2362 3226 2417 coactus

600 2449 799 2526 gimen
822 2446 1229 2523 spectantibus
1244 2446 1516 2523 negotiis
1549 2446 1786 2506 Urbano
1805 2448 1880 2510 11.
1906 2432 1910 2465 ¹
1936 2451 2045 2517 est,
2080 2451 2150 2505 ut
2181 2447 2308 2522 ipse
2342 2447 2563 2505 fatetur
2597 2465 2747 2522 ,pro
2762 2445 3058 2506 Ecclesiae
3078 2466 3228 2524 pace

600 2538 737 2597 fatis
758 2537 965 2595 functo
988 2529 1214 2617 (1099)
1236 2536 1459 2594 electus
1489 2540 1582 2594 est
1609 2547 1704 2600 13.
1725 2538 1881 2612 Aug.
1937 2539 1998 2594 et
2030 2536 2381 2595 liberatione
2413 2536 2620 2604 facere,
2663 2535 2824 2611 quod
2856 2555 2931 2595 ne
2963 2540 3223 2612 paterer,

600 2624 912 2685 Rainerius
944 2619 1251 2709 (Reginer)
1284 2624 1620 2700 cardinalia,
1643 2625 1747 2701 qui
1785 2643 1879 2684 as·
1907 2658 1910 2673 ι
1936 2625 2121 2684 vitam
2142 2643 2379 2702 quoque
2398 2644 2535 2685 cum
2552 2626 2841 2703 sanguine
2859 2624 3227 2701 profundere

602 2714 1254 2774 sumsitPaschalis
1287 2715 1361 2772 11.
1381 2732 1615 2773 nomen.
1647 2715 1706 2774 Is
1742 2716 1879 2774 Ble·
1906 2680 1910 2832 1
1938 2717 2179 2790 paratus
2223 2722 2446 2774 eram.‘
2510 2714 2732 2774 Verum
2779 2718 3092 2791 propterea
3123 2715 3223 2774 in·

601 2806 707 2863 dae
740 2804 803 2862 in
835 2803 1048 2862 Tuscia
1093 2809 1261 2862 ortus
1295 2824 1328 2861 a
1358 2822 1545 2878 puero
1576 2804 1641 2862 in
1674 2822 1877 2863 mona·
1937 2804 2125 2863 currit
2174 2804 2505 2863 multorum
2567 2804 3096 2880 reprehensionem
3157 2807 3225 2863 et

597 2894 779 2953 sterio
811 2891 1174 2951 cluniacensi
1204 2893 1326 2951 Deo
1359 2910 1421 2951 se
1442 2891 1699 2951 devovit.
1729 2893 1878 2952 Nec·
1937 2893 2252 2952 concilium
2285 2891 2652 2952 lateranense
2685 2913 2735 2956 a.
2777 2905 2842 2956 11
2870 2905 2932 2955 11
2987 2893 3220 2971 ,privi-

599 2983 740 3041 dum
773 2981 1048 3040 vicennio
1094 2982 1280 3056 maJ'or
1310 2981 1383 3039 ab
1415 2980 1628 3041 abbate
1659 2982 1722 3040 in
1755 3001 1878 3040 mo·
1936 2981 2158 3058 legium
2192 2980 2363 3053 illud,
2398 2982 2555 3058 quod
2570 3001 2689 3041 non
2706 2985 2799 3041 est
2813 2983 3219 3060 privilegium,

599 3070 848 3130 nasterii
882 3088 1060 3129 causa
1090 3070 1332 3129 Romam
1382 3073 1474 3129 est
1502 3070 1721 3129 missus
1756 3074 1816 3129 et
1847 3091 1881 3128 a
1905 3029 1909 3154 1
1937 3070 2039 3129 sed
2073 3087 2211 3129 vere
2244 3070 2361 3131 dici
2381 3071 2555 3129 debet
2572 3072 3014 3148 pravilegium‘
3049 3071 3217 3130 dam-

599 3159 885 3237 Gregorio
916 3159 1043 3218 VII.
1092 3159 1331 3235 cognita
1365 3159 1610 3234 juvenis
1654 3159 1878 3235 pietate
1904 3159 1909 3276 Ι
1935 3162 2041 3218 nat
2088 3159 2448 3236 irritumque
2495 3160 2879 3236 pronunciat:
2927 3179 3110 3235 quare
3157 3164 3221 3219 et

597 3253 659 3308 et
706 3248 769 3307 in
814 3249 993 3307 rebus
1039 3248 1315 3324 gerendis
1366 3248 1608 3307 solertia
1654 3249 1877 3307 ibidem
1936 3248 2197 3324 pontifex
2214 3249 2690 3308 illudrevocavit.
2710 3250 2979 3309 Decessit
2993 3250 3217 3329 ¹)sum-

596 3340 884 3408 retentus,
936 3340 1138 3413 postea
1188 3338 1263 3396 ab
1308 3338 1513 3396 eodem
1562 3338 1878 3415 presbyter
1935 3355 2067 3395 mus
2128 3337 2400 3413 pontifex
2467 3347 2566 3401 21.
2629 3338 2762 3396 Jan.
2821 3348 3007 3402 1118.
3069 3339 3216 3414 Ejus

595 3426 914 3486 cardinalis
960 3429 1055 3485 est
1098 3426 1442 3485 ordinatus:
1490 3426 1705 3485 deinde
1736 3444 1876 3485 vero
1932 3426 2211 3502 epistolas
2277 3426 2598 3503 diligenter
2643 3431 2912 3487 recenset
2956 3427 3106 3487 Jaffe
3152 3428 3219 3486 in

595 3516 774 3574 abbas
822 3515 897 3574 ad
944 3535 989 3579 s.
1021 3514 1269 3574 Paulum
1319 3518 1487 3574 extra
1536 3533 1735 3574 muros
1784 3519 1878 3574 est
1933 3515 2072 3592 Reg.
2120 3518 2285 3591 pont.
2336 3535 2480 3579 rom.
2532 3516 2576 3586 Ι,
2634 3525 2979 3580 702-’782
3028 3519 3090 3575 et
3137 3516 3214 3586 II,

594 3606 835 3664 electus.
882 3602 1250 3664 Tristissima
1294 3603 1506 3663 incidit
1552 3606 1680 3679 eJus
1726 3623 1874 3680 pon·
1936 3615 1967 3666 7
1980 3614 2059 3668 53
2084 3622 2148 3676 8.,
2171 3604 2451 3663 exhibent
2469 3605 2664 3663 Labbe
2688 3599 2874 3689 (107)
2902 3605 3033 3669 coll.
3055 3622 3216 3665 conc.

592 3695 857 3753 tificatus
904 3696 1201 3769 tempora:
1248 3696 1509 3770 quatuor
1557 3694 1714 3753 enim
1760 3693 1876 3752 sibi
1930 3693 1999 3763 X,
2038 3701 2407 3765 622—713,
2442 3694 2640 3770 Migne
2661 3694 2907 3764 CLXIII,
2946 3704 3213 3758 31-448.

593 3783 849 3842 invicem
901 3783 1285 3841 succedentes
1330 3781 1641 3858 antipapae
1689 3782 1874 3841 susti·
1930 3782 2098 3841 Inter
2127 3801 2245 3855 eas,
2277 3800 2429 3858 quae
2461 3802 2735 3860 magnam
2769 3783 3214 3842 solicitudinem

594 3890 733 3930 nere
794 3871 1019 3942 debuit,
1085 3871 1240 3929 unde
1301 3870 1500 3928 omnia
1562 3871 1876 3930 schismate
1931 3890 2041 3947 pro
2085 3871 2241 3931 bono
2285 3874 2348 3930 et
2391 3889 2532 3947 pace
2580 3872 2887 3931 ecclesiam
2930 3872 3214 3949 produnt,

593 3960 759 4018 fuere
792 3959 1048 4022 turbata.
1112 3960 1258 4018 Cum
1299 3959 1490 4018 nollet
1520 3959 1777 4018 Henrico
1808 3960 1875 4023 V.
1933 3962 2134 4036 plures
2166 3960 2510 4019 referuntur
2539 3960 2612 4018 ad
2634 3961 3042 4032 investituras,
3064 3980 3215 4037 quas

710 4100 744 4150 η
773 4065 1018 4147 PrB‘Gre
1061 4093 1180 4146 orio
1207 4091 1329 4146 VH.
1356 4093 1464 4145 hac
1497 4094 1683 4146 aetate
1719 4109 1876 4162 prae·
1931 4051 2279 4150 praesertim
2313 4049 2484 4108 initio
2537 4050 2632 4108 sui
2662 4050 3045 4151 pontificatus
3081 4070 3215 4128 gra-

728 4155 735 4164 ’
990 4112 1091 4218 αξξ,
1120 4164 1245 4234 jam
1284 4162 1665 4228 laudavimus,
1716 4164 1878 4218 stetit
1932 4142 2088 4198 viter
2103 4139 2368 4208 damnat,
2407 4157 2529 4197 una
2548 4142 2641 4197 est
2655 4158 2855 4215 gravis
2869 4143 2930 4198 et
2948 4139 3216 4217 prudens

991 4234 1280 4289 iennensis
1306 4235 1365 4288 in
1395 4236 1741 4289 monasterio
1763 4236 1876 4289 clu·
1935 4228 2139 4287 Alexio
2203 4227 2349 4303 imp.
2427 4227 2717 4304 inscripta
2786 4247 2892 4303 pro
2955 4228 3218 4288 curanda

593 4166 680 4218 ter
740 4164 902 4228 alios,

592 4233 909 4290 Jarento
936 4182 988 4288 θ

592 4307 842 4360 niacensi
871 4306 1193 4371 institutus,
1238 4309 1369 4376 post
1393 4306 1667 4360 laxiorem
1695 4307 1874 4361 vitam
1933 4318 2153 4376 unione
2216 4314 2495 4375 000103530
2541 4336 2783 4394 gramme
2829 4336 2962 4377 eum
3008 4318 3215 4388 lating,

592 4380 905 4433 ¹¹¹⁰¹m⁰h¹¹⁸
932 4379 1267 4459 exemplaris
1283 4382 1339 4433 ⁹¹⁵
1354 4378 1875 4459 abbfflmfflmfltffl'fi
1931 4406 2030 4465 cui
2089 4410 2288 4464 tamen
2337 4405 2587 4465 consilio
2638 4407 2844 4465 nullus
2906 4407 3217 4483 respondit

592 4468 632 4503 s.
662 4449 800 4503 Beni
844 4450 902 4502 ni
946 4450 1311 4514 divionensm,
1351 4449 1505 4519 quod
1544 4449 1878 4504 reformavit

593 4525 638 4592 (ψ
666 4527 751 4578 1⁶2.
826 4523 939 4575 ειη.
968 4525 1144 4584 1112).
1196 4521 1436 4591 Scripsit
1474 4521 1546 4575 ad
1574 4521 1874 4575 Theoderi-
1931 4494 2194 4554 0ff00ss08·

592 4610 719 4647 cum
750 4593 800 4646 11
827 4594 916 4662 (cf,
945 4594 987 4657 I,
1017 4599 1154 4649 1076
1181 4597 1251 4664 a)
1280 4596 1570 4660 epistolam,
1600 4609 1715 4660 qua
1743 4609 1874 4647 eum

589 4665 662 4718 ad
689 4665 1075 4719 constantiam
1123 4665 1180 4716 in
1223 4662 1722 4733 persecutionibus
1750 4664 1875 4718 hor·
2023 4682 2123 4736 41,
2156 4673 2425 4732 paschali
2447 4673 2734 4732 successit
2752 4673 2798 4731 G
2816 4675 2936 4733 013
2950 4691 2979 4732 3
2996 4672 3014 4731 i
3032 4692 3075 4731 u
3090 4691 3119 4732 3
3137 4674 3215 4732 11,

588 4735 1195 4867 ssfflgnfgggffltssffi?
1232 4752 1504 4874 3250113133
1520 4735 1874 4874 ssissiffissssiffi
1932 4759 2063 4841 (24.
2096 4762 2229 4825 san.
2272 4759 2485 4844 1118),
2538 4763 2644 4837 qui
2695 4767 2894 4822 amen
2917 4763 3045 4837 jm
3075 4765 3218 4838 post

589 4880 676 4949 git
691 4879 994 4934 coloribus.
1066 4879 1200 4932 abes
1218 4894 1340 4931 eam
1360 4894 1447 4947 ep.
1465 4877 1527 4930 in
1548 4876 1875 4932 Mabillonii

588 4951 781 5007 annal.
806 4949 957 5005 OSB.
985 4951 1052 5014 V,
1080 4949 1329 5018 append.
1357 4968 1411 5019 p.
1440 4953 1562 5006 669.
2013 4956 2046 5019 ¹)
2074 4948 2156 5003 Cf.
2187 4948 2335 5004 Hist.
2362 4947 2446 5005 lit.
2473 4950 2541 5016 X,
2567 4954 2866 5007 216-251.
