3475 5364
535 370 656 422 987

538 538 770 596 addidit
832 538 1034 596 Gallus
1068 538 1297 607 Miiller,
1346 538 1584 596 Parisiis
1628 547 1810 603 1521,

529 625 766 686 Brixiae
804 636 970 690 1574
1003 630 1045 684 t.
1071 638 1103 690 5
1129 627 1193 684 in
1219 636 1289 693 4:
1322 627 1587 686 Basileae
1615 636 1810 695 15123

539 725 736 786 1588;
786 715 1067 792 Lugduni
1110 726 1306 785 1514;
1358 716 1530 775 Sacri
1577 717 1813 777 canonis

530 807 736 863 missae
767 807 1041 877 expositio
1089 804 1528 864 resolutissima
1559 804 1810 863 literalis

528 901 589 952 et
650 893 919 970 mystica,
981 893 1159 952 etiam
1208 894 1499 969 inscripta
1558 894 1812 952 Lectura

527 1001 705 1059 super
765 1000 1045 1041 canonem
1107 982 1337 1051 Missae,
1418 983 1546 1058 ipso
1623 982 1809 1041 inscio

525 1071 785 1147 primum
822 1071 896 1129 ab
934 1072 1063 1147 ejus
1110 1071 1403 1147 discipulo
1441 1071 1524 1128 W.
1563 1071 1807 1129 Stein-

526 1160 712 1218 bach
744 1159 831 1218 ed.
865 1160 1215 1237 Reutlingae
1260 1169 1444 1229 14883
1499 1159 1809 1237 Tubingae

535 1258 734 1319 14993
766 1249 1032 1308 Basileae
1057 1260 1254 1319 151ος
1299 1259 1495 1319 1515;
1531 1248 1807 1325 Lugduni

534 1347 731 1408 15143
790 1346 987 1408 15273
1049 1346 1246 1403 1542;
1316 1348 1514 1410 1612·;
1576 1338 1807 1397 Brixiae

533 1435 717 1498 1576,
752 1427 1017 1486 Venetiis
1058 1437 1218 1490 1567
1256 1430 1364 1486 etc.
1387 1427 1618 1485 fructus
1635 1447 1806 1503 prae·

526 1516 851 1575 lectionum
903 1534 1099 1575 coram
1160 1517 1454 1575 auditorio
1504 1517 1806 1591 frequenti

523 1604 827 1682 Tubingae
874 1605 1229 1675 habitarum,
1263 1606 1326 1664 in
1368 1606 1587 1681 quibus
1633 1623 1806 1682 saepe

524 1693 732 1753 ducem
785 1695 1063 1770 sequitur
1105 1690 1521 1774 Egeling1),
1555 1697 1615 1753 et
1648 1695 1805 1753 haud

525 1801 662 1841 raro
697 1783 896 1842 utitur
926 1783 1161 1859 scriptis
1192 1784 1509 1842 Alexandri
1531 1783 1677 1855 Hal,
1698 1784 1803 1842 Al-

521 1872 679 1929 berti
735 1873 826 1937 M„
880 1872 1210 1932 Innocentii
1260 1872 1362 1930 111.
1410 1877 1470 1933 et
1520 1872 1801 1931 Durandi.

521 1960 731 2036 Neque
763 1961 955 2020 solum
987 1980 1270 2020 canonem
1300 1962 1586 2029 illustrat,
1622 1961 1722 2019 sed
1745 1965 1805 2019 et

520 2048 664 2108 alias
696 2051 908 2109 missae
953 2055 1168 2126 parteS,
1217 2053 1413 2110 locum
1459 2056 1518 2109 et
1567 2056 1804 2126 tempus

520 2139 807 2209 sacrificii,
841 2141 1033 2198 vestes
1066 2143 1127 2198 et
1159 2157 1293 2198 vasa
1323 2139 1618 2216 liturgica.
1683 2139 1801 2198 Im-

519 2228 727 2287 miscet
777 2228 955 2287 etiam
1007 2229 1385 2302 quaestiones
1435 2228 1801 2305 dogmaticas

453 2389 470 2400 ⁶
518 2317 589 2375 de
622 2317 1284 2386 transubstantiatione,
1319 2318 1569 2376 materia
1599 2322 1662 2375 et
1680 2318 1801 2376 for-

517 2426 628 2475 ma,
665 2410 1001 2464 sanctorum
1037 2408 1223 2475 cultu,
1253 2407 1521 2482 reliquiis
1562 2410 1622 2465 et
1653 2408 1800 2465 ima-

515 2494 757 2571 ginibus
820 2500 928 2553 etc.
992 2494 1452 2572 Significationis
1514 2497 1800 2571 mysticae

517 2585 807 2642 rationem
842 2583 1020 2641 habet
1051 2585 1291 2643 innixus
1313 2585 1611 2643 sententia
1641 2589 1801 2643 certa

518 2672 720 2748 ‚quod
770 2673 981 2749 passio,
1036 2674 1391 2733 resurrectio
1441 2678 1503 2733 et
1533 2674 1797 2734 ascensio

514 2763 748 2821 Domini
797 2765 858 2820 et
905 2766 1098 2821 cetera
1149 2763 1222 2821 ad
1268 2764 1513 2822 humani
1559 2764 1797 2838 generis

514 2851 774 2932 salutem
836 2855 965 2910 acta
1025 2870 1146 2910 non
1197 2852 1369 2910 modo
1432 2852 1645 2921 verbis,
1697 2853 1796 2911 sed

512 2941 701 3017 gestis
735 2943 797 2997 et
828 2940 1016 3018 signis
1048 2941 1111 2998 in
1141 2942 1325 3000 missa
1354 2945 1796 3015 repraesenta-n-

511 3025 734 3108 tur2).·=
768 3028 853 3086 Ex
885 3029 1113 3104 prolixo
1146 3029 1255 3088 hoc
1285 3048 1375 3104 op.
1406 3030 1678 3088 derivata
1707 3033 1799 3088 est

515 3118 785 3191 Epitoma
845 3120 1216 3191 eapositionis
1272 3121 1509 3177 canonis
1569 3122 1794 3193 missae,

511 3207 814 3282 'l'ubingae
846 3225 889 3265 s.
924 3227 971 3265 a.
1009 3205 1269 3288 (51499);
1303 3208 1578 3267 Coloniae
1609 3218 1790 3276 1532;

512 3296 871 3371 Antverpiae
912 3307 1071 3361 1565
1099 3318 1111 3366 ;
1145 3298 1423 3373 Bergomi
1464 3306 1628 3360 1574
1662 3301 1793 3366 etc„

510 3389 569 3444 et
604 3385 905 3459 &positio
937 3386 1121 3445 brevis
1141 3390 1201 3445 et
1222 3386 1621 3446 interlinearis
1642 3387 1793 3446 sacri

509 3474 747 3534 canonis
780 3475 1009 3544 missae,
1045 3493 1089 3533 s.
1114 3475 1152 3533 l.
1173 3496 1222 3534 a.
1253 3481 1314 3533 et
1345 3481 1470 3552 typ.
1494 3476 1795 3534 Sermones

508 3563 580 3623 de
612 3563 1040 3623 festivitatibus
1075 3563 1310 3634 Christi,
1362 3566 1416 3623 b.
1453 3565 1671 3624 Mariae
1704 3566 1790 3634 V„

506 3653 579 3712 de
612 3653 847 3720 sanctis,
883 3673 924 3712 s.
960 3654 996 3711 l.
1032 3651 1389 3736 (Tubingae)
1435 3664 1633 3724 14993
1665 3672 1791 3713 ser-

508 3761 705 3801 mones
736 3740 1109 3802 dominicales
1140 3742 1213 3802 de
1244 3747 1528 3819 tempore,
1564 3742 1789 3802 Tubin·

505 3851 615 3907 gae
659 3841 841 3900 1500,
875 3833 1095 3906 quibus
1143 3832 1329 3890 additi
1375 3835 1580 3892 contra
1611 3831 1790 3907 pesti·

507 3920 753 3978 lentiam
817 3939 1114 3980 sermones
1166 3923 1547 3996 medicinales,
1612 3925 1673 3980 et
1718 3922 1789 3978 de

587 4131 620 4196 Ι)
675 4125 1000 4197 Egeling
1052 4125 1331 4180 Becker
1384 4142 1482 4179 seu
1535 4127 1788 4195 Angelus

505 4200 651 4252 Saxo
689 4198 759 4252 de
800 4196 1111 4252 Brunsvico
1154 4199 1435 4267 professor
1476 4202 1598 4250 erat
1629 4216 1787 4267 gym-

506 4270 653 4324 nasii
670 4268 1050 4334 erfordiensis,
1069 4269 1436 4323 concionator
1453 4268 1787 4338 Moguntiae

504 4345 561 4395 et
589 4340 957 4411 Argentorati
986 4349 1032 4411 (ἡ
1060 4345 1238 4406 1481),
1267 4344 1440 4408 atque
1469 4339 1639 4410 plura
1664 4341 1788 4395 reli·

503 4415 634 4482 quit
658 4412 895 4477 inedita,
924 4412 1075 4466 inter
1102 4429 1248 4481 quae
1276 4415 1334 4466 et
1360 4413 1396 4467 l.
1423 4411 1485 4465 in
1513 4429 1785 4466 canonem

505 4484 706 4538 missae
736 4483 1034 4551 prolixum,
1061 4484 1123 4537 in
1152 4501 1267 4552 quo
1294 4483 1630 4555 dogmatice,
1672 4501 1787 4538 mo-

500 4556 697 4611 raliter
724 4558 782 4609 et
806 4555 1042 4612 ascetice
1069 4557 1139 4610 de
1168 4556 1367 4609 missae
1389 4555 1659 4609 sacrificio
1676 4554 1787 4609 dis-

504 4628 655 4683 serit.
684 4627 829 4682 Eum
856 4644 970 4682 non
999 4645 1202 4696 parum
1231 4627 1436 4681 laudat
1480 4626 1657 4680 Franz
1694 4644 1786 4696 op.

501 4701 595 4755 cit.
624 4718 680 4770 p.
708 4701 1006 4756 539—550.

575 4775 615 4843 ²)
644 4771 726 4826 cf.
754 4769 1059 4825 Thalhofer
1076 4770 1301 4823 Handb.
1330 4770 1430 4823 der
1445 4770 1501 4824 k.
1520 4769 1785 4838 Liturgik

500 4843 524 4895 Ι
551 4853 577 4910 5
604 4849 637 4901 6
707 4885 719 4899 .
746 4847 859 4900 92².
901 4842 1080 4895 Franz
1123 4841 1216 4895 die
1242 4842 1421 4895 Messe
1450 4859 1505 4910 p.
1533 4845 1785 4905 ebo-555,

499 4915 601 4982 qui
630 4914 669 4967 il
700 4914 776 4968 ud
808 4915 961 4968 haud
989 4931 1185 4983 parum
1220 4912 1435 4970 laudat.

1081 357 1454 409 1476—1500.
1481 351 1793 421 Theologia
1821 350 2177 405 scholastica..
2208 351 2440 406 Gabriel
2467 351 2608 417 Biel,

3024 371 3153 427 988

1869 554 1990 595 non
2039 537 2303 596 timendo
2350 548 2598 596 mortem
2646 542 2912 615 tempore
2942 541 3151 616 pestiS,

1869 628 1930 683 et
1945 644 1997 701 q.
2020 625 2092 685 de
2108 626 2251 704 fuga
2263 626 2465 703 pestis,
2496 646 2724 687 necnon
2744 628 3152 688 Defensorium

1868 715 2241 775 obedientiae
2302 716 2661 792 apostolicae
2726 717 2801 777 ad
2851 718 3024 776 Pium
3074 719 3150 776 ΙΙ.

1867 804 2233 883 destinatum
2280 808 2340 863 et
2391 805 2466 863 ab
2498 806 2703 865 eodem
2736 807 3151 883 approbatum.

1866 893 2010 968 Ejus
2059 911 2355 953 sermones
2407 894 2761 971 prodierunt
2804 895 2984 954 etiam
3028 897 3149 955 Ha-

1866 1000 2088 1058 genoae
2129 992 2327 1053 1510;
2373 983 2640 1042 Basileae
2693 994 2891 1056 15193
2948 994 3150 1055 1520;

1864 1071 2097 1129 Brixiae
2137 1081 2336 1142 1583;
2381 1072 2580 1131 Sermo
2609 1074 2944 1144 historialis,
2978 1077 3151 1133 nota—

1865 1158 2004 1218 bilis
2038 1162 2218 1235 atque
2250 1162 2592 1236 praeclarus
2634 1164 2932 1238 passionis
2961 1164 3118 1223 domi
3126 1197 3148 1205 -

1865 1252 2026 1307 nicae
2042 1245 2108 1329 ¹),
2160 1269 2201 1307 s.
2236 1250 2273 1307 l.
2308 1253 2370 1307 et
2400 1269 2449 1308 a.
2500 1248 2877 1333 (Reutlingae
2920 1249 3148 1332 1498);

1864 1338 2213 1397 emendatus
2245 1356 2392 1397 cura
2421 1339 2570 1398 Flor.
2605 1341 2748 1409 Diel,
2802 1341 3149 1418 Moguntiae

1877 1436 2070 1496 15093
2103 1428 2372 1486 Basileae
2400 1438 2565 1491 1519
2590 1450 2602 1495 ;
2634 1434 2707 1488 tr.
2727 1431 2795 1487 de
2805 1438 3151 1505 pote-stataet

1861 1517 2105 1575 utilitate
2120 1525 2495 1591 namtarum,
2515 1536 2557 1575 s.
2577 1518 2612 1576 1.
2632 1538 2680 1577 a.
2707 1521 2768 1577 et
2782 1521 2927 1595 typ„
2945 1539 3145 1596 recep-

1861 1608 1962 1663 tus
1988 1605 2145 1664 inter
2179 1625 2359 1681 opera
2388 1608 2613 1682 majora
2654 1607 3145 1686 numismatica2).

1861 1693 2169 1752 Immerito
2201 1699 2400 1753 autem
2435 1695 2682 1772 scripsit
2731 1696 2800 1754 Η.
2838 1696 2983 1775 Wig.
3017 1698 3146 1757 Biel

1864 1782 2007 1844 diss,
2040 1784 2108 1841 de
2141 1783 2209 1841 G.
2244 1784 2371 1841 Biel
2401 1785 3016 1862 celeberrimopopista
3035 1807 3141 1845 an·

1861 1873 2158 1948 tipapista,
2224 1872 2653 1950 Witembergae
2726 1885 2905 1938 1719.
3014 1876 3145 1934 Etsi

1863 1961 2017 2019 enim
2052 1965 2404 2036 sequeretur
2454 1981 2586 2020 cum
2619 1967 2713 2021 tot
2745 1964 2879 2022 aliis
2913 1965 3143 2024 theolo-

1859 2050 1949 2125 gis
1980 2050 2144 2108 illius
2175 2051 2460 2125 temporis
2508 2051 2811 2128 opiniones
2860 2053 2933 2111 de
2966 2070 3142 2129 supe·-

1859 2138 2128 2198 rioritate
2160 2154 2317 2198 conc.
2350 2141 2717 2216 generalium
2766 2160 2948 2218 supra
2995 2161 3139 2201 rom.

1858 2228 2208 2303 pontificem,
2262 2230 2580 2305 primatum
2632 2233 2836 2289 tamen
2899 2231 3147 2308 agnovit

1858 2319 2330 2393 potestatemque
2391 2319 2537 2393 ejus,
2615 2337 2807 2395 neque
2868 2320 2932 2378 in
3008 2320 3144 2379 aliis

1857 2406 2236 2480 opinionibus
2270 2407 2519 2465 descivit
2569 2427 2603 2465 a
2647 2407 2916 2468 doctrina
2936 2409 3141 2469 ‘Eccle-

1857 2513 1992 2553 siae.

1947 2682 1983 2734 4
1994 2682 2087 2736 75.
2124 2673 2255 2733 Non
2299 2672 2519 2734 desunt
2563 2694 2631 2733 ex
2677 2676 2825 2734 clero
2870 2677 3138 2753 secutam)

1854 2763 1957 2836 qui
1968 2766 2211 2821 strenue
2221 2763 2554 2840 theologiae
2569 2765 2878 2824 incubueri
2886 2770 2956 2824 nt
2970 2766 3141 2825 scho-

1854 2851 2109 2910 lasticae.
2196 2853 2292 2910 Ita
2368 2853 2652 2911 Gerard
2672 2874 2711 2911 u
2730 2872 2756 2912 s
2833 2854 2927 2912 Te
2949 2859 3138 2914 rste-

1933 3064 1966 3123 ι)
1996 3057 2320 3112 Florentius
2382 3061 2427 3113 D
2451 3059 2555 3113 iel
2617 3060 2803 3129 patria
2853 3059 3139 3129 Spirensis

1854 3129 2038 3183 factus
2064 3133 2151 3182 est
2175 3129 2587 3201 Heidelbergae
2627 3131 2839 3185 artium
2868 3131 3138 3202 magister

1853 3204 1909 3253 et
1924 3201 2244 3269 theologiae
2261 3201 2603 3256 licentiatus.
2632 3201 2884 3257 Docendi
2902 3220 3137 3258 munere

1850 3270 1910 3324 in
1941 3273 2211 3327 facultate
2238 3272 2450 3326 artium
2492 3274 2852 3344 moguntina,
2894 3274 3029 3328 dein
3074 3275 3131 3327 in

1852 3343 2170 3414 theologica
2202 3345 2433 3397 functus
2462 3347 2547 3399 est
2571 3348 2744 3413 atque
2773 3345 2949 3399 simul
2975 3363 3135 3415 paro·

1851 3414 2021 3467 chum
2062 3415 2184 3484 egit
2220 3415 2291 3468 ad
2331 3432 2370 3470 s.
2400 3414 2826 3485 Christophum.
2879 3415 3137 3485 Reliquit

1851 3489 2076 3554 praeter
2109 3484 2224 3538 alia,
2262 3491 2294 3539 Ι.
2326 3490 2758 3542 σοπειιεωάἰπιυη
2788 3492 3137 3559 (1495·1518)

1850 3574 1891 3611 s.
1908 3557 2224 3626 parochiae,
2244 3556 2343 3625 qui
2362 3575 2477 3611 non
2495 3558 2618 3613 sine
2636 3559 2817 3627 pretio
2834 3563 2920 3612 est
2935 3575 3036 3628 pro
3047 3575 3132 3612 ac·

1849 3628 2120 3683 curatiori
2174 3627 2507 3698 cognitione
2559 3629 2713 3684 vitae
2766 3630 3133 3698 parochialis.

1850 3698 2028 3752 Periit
2052 3700 2283 3767 quidem
2329 3700 2419 3754 hic
2450 3702 2505 3764 l.‚
2545 3701 2641 3755 sed
2687 3701 2917 3770 copiosa
2956 3720 3021 3754 ex
3067 3718 3139 3756 eo

1848 3771 2157 3838 specimina
2170 3771 2440 3840 collegit-1
2452 3789 2501 3826 o.
2515 3771 2761 3825 Gema-ns
2775 3773 2826 3830 S.
2840 3773 2888 3825 J.
2910 3779 2958 3842 (ἡ
2972 3776 3131 3842 1684)

1847 3858 1949 3909 pro
1977 3842 2310 3896 adornanda
2337 3859 2440 3896 sua
2457 3842 2754 3911 Metropoli
2774 3843 3136 3912 Moguntina.

1848 3912 1928 3965 Ea
1957 3914 2135 3967 latine
2172 3916 2230 3966 et
2266 3914 2588 3982 germanice
2630 3915 2735 3967 sub
2758 3912 3133 3983 inscriptione

1844 3987 1927 4038 d‘e
1958 3989 2411 4066 pfurramtliohen
2437 3988 2772 4054 Aufzeiclmu
2846 4004 2909 4038 en
2951 4002 3021 4039 zu
3049 3986 3138 4041 St.

1848 4055 2102 4109 Christos
2121 4055 2181 4108 in
2202 4056 2389 4109 Mainz
2416 4056 2598 4111 edidit
2625 4056 2680 4109 F.
2702 4055 2801 4108 Fal
2847 4098 2858 4120 ‚
2883 4055 3134 4129 Feiburg

1847 4132 2006 4183 1904.

1918 4201 1959 4268 ²)
1989 4197 2071 4251 Cf.
2120 4198 2371 4279 Keppler
2414 4198 2545 4253 hist.
2586 4197 2780 4253 Jahrb.
2813 4199 2888 4252 111
2931 4203 3135 4271 (188222,

1844 4274 2143 4333 290-296,
2175 4271 2274 4323 ubi
2301 4270 2484 4323 fusius
2510 4271 2579 4324 de
2606 4270 2713 4324 hoc
2739 4285 2996 4325 sermone
3024 4272 3131 4325 di·-

1844 4340 1983 4393 serit
2008 4340 2440 4411 plurimumque
2481 4343 2859 4397 commendat.
2911 4342 3131 4396 lbidem

1845 4412 2047 4465 laudat
2072 4431 2126 4481 p.
2144 4416 2265 4468 287.
2294 4412 2606 4468 Reinhardi
2636 4413 2705 4467 de
2726 4414 3130 4484 Laudenburg,

1845 4487 1911 4536 ut
1936 4482 2166 4537 videtur
2191 4484 2463 4551 aequalis,
2510 4485 2584 4537 ob
2621 4484 2879 4539 idearum
2907 4485 3127 4556 copiam

1845 4558 2147 4609 Passionem
2183 4559 2243 4608 Ι).
2274 4558 2339 4607 N.
2368 4559 2424 4610 J.
2453 4558 2578 4609 Chr.
2606 4572 2707 4626 per
2733 4558 2963 4611 modum
2993 4573 3133 4624 qua·

1843 4626 2235 4696 dragesimalis
2286 4626 2690 4695 praedicatam,
2755 4628 3129 4695 Nurnbergae

1845 4702 2001 4754 1501.

1916 4771 1957 4840 ³)
1986 4767 2070 4822 Cf.
2132 4769 2298 4837 plura
2361 4769 2515 4838 apud
2582 4770 2924 4824 Linsemann
2984 4768 3131 4823 Tub.

1843 4839 2081 4903 Qtlschr.
2112 4843 2249 4895 1865
2277 4857 2331 4909 p,
2363 4845 2466 4896 195
2494 4858 2593 4900 ss.;
2638 4846 2743 4898 449
2772 4859 2871 4898 ss:
2922 4844 3022 4896 601
3054 4855 3135 4896 ss.

1842 4915 1900 4964 et
1943 4911 2174 4977 KL.11⁹,
2203 4915 2433 4966 801--8,
