3475 5364
1678 1608 1935 1692 XIII.

709 1771 1292 1943 Theologi
1383 1811 1979 1904 annorum
2095 1767 2902 1903 1426—1450.

1189 2144 1250 2239 Ῐ.
1321 2142 1809 2263 Theologia
1874 2140 2451 2240 scholastica.

596 2390 738 2443 397.
820 2380 1100 2438 Omnium
1178 2380 1591 2455 theologorum
1678 2379 1813 2452 hac}
1842 2380 1903 2437 in
1937 2379 2275 2455 episcopum
2312 2379 2667 2438 aniciensem
2702 2375 2944 2458 (1395),
2986 2396 3121 2437 suc-

500 2469 721 2546 epocha
740 2468 1246 2528 celebratissimus
1269 2468 1783 2537 estGersoniu8‚
1810 2465 1813 2560 ]
1844 2468 2020 2526 cessit
2054 2469 2180 2544 ipse
2213 2469 2273 2525 in
2308 2467 2586 2527 cathedra
2617 2473 2678 2527 et
2709 2487 2953 2527 munere
2985 2486 3123 2526 can·

499 2559 697 2617 dictus
718 2557 963 2626 ,doctor
979 2557 1579 2616 christianissimus‘:
1603 2575 1785 2632 quare
1843 2557 2066 2615 cellarii
2116 2557 2550 2616 universitatis,
2616 2557 2840 2616 Exinde
2875 2575 3123 2634 magnas

501 2648 724 2724 abipso
744 2647 989 2706 initium
1010 2647 1313 2713 ducemus,
1337 2646 1609 2720 quamvis
1629 2645 1784 2705 forte
1843 2649 2043 2722 partes
2090 2646 2303 2706 habuit
2354 2646 2417 2704 in
2463 2647 2880 2707 controversiis
2927 2651 2988 2705 et
3018 2665 3123 2705 ne-

499 2738 690 2816 magis
722 2738 788 2795 in
818 2737 1113 2813 theologia
1157 2737 1417 2811 practica
1447 2736 1782 2793 eminuerit.
1812 2724 1813 2753 ¹
1840 2736 2289 2813 gotiationibus‚
2323 2755 2474 2810 quae
2493 2737 2650 2795 sicut
2667 2737 2811 2795 alibi
2840 2737 2925 2795 ita
2943 2755 3119 2811 quam

501 2827 694 2885 Natus
727 2830 821 2884 est
864 2826 903 2883 J
920 2843 1057 2883 oan
1076 2843 1204 2883 nes
1252 2823 1603 2883 Charlier
1649 2820 1785 2903 (hoc
1812 2828 1813 2853 ¹
1843 2826 2095 2883 maxime
2128 2826 2192 2883 in
2215 2825 2405 2884 Gallia
2435 2827 2633 2884 omnia
2657 2826 3121 2894 commovebant,

502 2934 713 2973 nomen
745 2912 1046 2995 familiae),
1083 2913 1173 2973 vel
1206 2913 1467 2972 Joannes
1518 2912 1784 2972 Arnaudi
1811 2948 1816 2979 2
1847 2914 1970 2972 scil.
2004 2933 2109 2989 pro
2143 2914 2544 2989 componendo
2565 2915 2911 2979 tristissimo
2942 2915 3122 2973 schis-

500 3005 572 3063 de
621 3004 903 3062 Gersonio
967 3023 1001 3061 a
1051 3023 1199 3080 pago
1246 3004 1464 3061 Gerson
1513 2997 1783 3084 (Jarson)
1812 3072 1815 3081 1
1846 3006 2033 3071 mate,
2087 3021 2235 3078 quas
2286 3003 2476 3061 fusius
2526 3004 2623 3062 hic
2667 3022 2956 3080 exponere
3005 3022 3124 3062 non

503 3093 826 3151 rhemensis
859 3093 1160 3161 dioecesis,
1211 3092 1345 3150 hinc
1387 3093 1568 3169 vulgo
1616 3092 1786 3150 Ger·
1847 3096 2031 3151 vacat.
2073 3093 2367 3151 Plurimos
2397 3099 2710 3169 propterea
2742 3093 2979 3169 scripsit
3008 3094 3123 3151 lib-

505 3184 776 3241 sonius
809 3181 1021 3251 dictus,
1067 3192 1158 3243 14.
1193 3182 1324 3240 Dec.
1367 3190 1551 3244 1363.
1598 3183 1648 3237 A
1682 3201 1782 3256 pa·
1812 3188 1815 3245 Γ
1842 3200 1937 3240 ros
1968 3186 2032 3239 et
2064 3182 2312 3251 libellos,
2362 3182 2432 3240 de
2465 3182 2684 3258 quibus
2719 3182 2888 3240 infra.
2953 3182 3030 3239 Ut
3063 3202 3124 3240 se

503 3271 774 3330 rentibus
792 3271 1012 3347 optime
1032 3271 1367 3339 institutu8‚
1404 3271 1785 3344 quamobrem
1812 3314 1815 3351 t
1841 3275 2041 3329 tamen
2075 3271 2196 3329 illis
2218 3270 2471 3329 maxime
2503 3272 2897 3341 subtraheret,
2920 3290 3122 3346 accep-

503 3366 563 3419 et
583 3365 832 3418 matrem
855 3378 1025 3419 suam
1046 3361 1288 3417 alteram
1312 3359 1460 3418 dixit
1477 3360 1783 3427 Monicam‚
1812 3362 1815 3425 !
1842 3360 1996 3419 tavit
2015 3360 2221 3419 decani
2242 3359 2597 3436 dignitatem
2616 3361 2681 3419 in
2700 3361 2958 3437 capitulo
2977 3362 3124 3419 bru·

515 3461 610 3512 14.
680 3470 728 3508 a.
790 3450 1005 3508 aetatis
1063 3450 1320 3507 Parisios
1382 3448 1500 3507 fuit
1562 3450 1784 3507 missus
1812 3432 1815 3521 Ξ
1842 3449 2013 3527 gensi
2048 3470 2097 3507 a.
2142 3459 2324 3518 1397,
2360 3450 2461 3507 sed
2494 3453 2632 3525 post
2662 3450 3123 3524 quadriennium

503 3536 658 3620 (137
672 3534 735 3618 7)
758 3543 819 3597 et
839 3539 1087 3615 collegio
1109 3537 1406 3596 Navarrae
1428 3538 1783 3614 adscriptus,
1812 3526 1815 3593 Ι
1841 3539 2166 3597 amicorum
2181 3543 2394 3615 rogatu
2412 3538 2668 3597 Parisios
2684 3539 2860 3597 rediit
2876 3535 2931 3618 (l
2952 3549 3066 3601 401
3083 3534 3123 3606 l.

504 3630 598 3687 cui
645 3629 718 3686 ab
765 3648 811 3685 a.
870 3637 1032 3691 1380
1087 3627 1426 3702 praefuerat
1459 3628 1668 3685 Petrus
1713 3626 1786 3684 de
1812 3682 1815 3685 .
1845 3628 2059 3685 Factus
2093 3648 2142 3686 a.
2183 3638 2344 3691 1408
2382 3628 2670 3702 parochus
2704 3628 2946 3686 Parisiis
2986 3628 3123 3686 dili-

506 3718 748 3788 AlliacO,
784 3717 896 3775 sub
928 3736 1046 3791 quo
1078 3737 1125 3774 a.
1161 3719 1386 3791 septem
1420 3720 1478 3774 et
1512 3737 1562 3777 a.
1599 3726 1632 3779 3
1671 3717 1784 3774 sub
1844 3716 2011 3795 genti
2047 3717 2448 3775 sollicitudine
2469 3718 2700 3775 muneri
2723 3717 3124 3775 annunciandi

503 3807 752 3883 Aegidio
786 3806 858 3864 de
893 3806 1123 3881 Campis
1148 3802 1522 3885 (Dechamps)
1557 3805 1786 3863 theolo-
1842 3805 2005 3865 verbi
2032 3806 2136 3864 Dei
2171 3806 2410 3876 institit,
2452 3806 2672 3864 abusus
2708 3807 2974 3875 correxit,
2998 3826 3122 3865 mo-

504 3897 634 3972 giae
668 3915 902 3972 operam
925 3894 1090 3953 dedit
1121 3899 1182 3953 et
1213 3896 1286 3953 ad
1318 3914 1622 3971 supremos
1659 3914 1785 3953 aca-

502 3986 725 4044 demiae
760 3986 1011 4045 honores
1044 3984 1385 4043 conscendit
1405 3977 1653 4065 (1392).
1688 3985 1787 4042 In-

437 4078 440 4083 ’
503 4075 675 4133 terim
713 4076 836 4149 jam
883 4075 1107 4132 electus
1143 4074 1335 4131 fuerat
1381 4094 1413 4130 a
1447 4068 1817 4131 concivibus*

504 4168 850 4241 procurator
913 4163 1174 4221 nationis
1246 4162 1488 4239 gallicae
1569 4162 1786 4242 (1383.

517 4258 703 4328 1384)
750 4256 809 4311 et
840 4252 1121 4321 adscitu8‚
1168 4252 1282 4309 etsi
1315 4253 1552 4308 tantum
1585 4253 1788 4309 bacca-

503 4343 762 4411 laureus,
810 4343 968 4399 inter
1013 4340 1329 4415 deputatos
1374 4340 1448 4398 ab
1493 4340 1788 4398 universi—

505 4437 627 4489 tate
661 4431 731 4489 ad
756 4432 1115 4489 Clementem
1140 4430 1265 4487 VII.
1301 4430 1514 4487 missos
1549 4448 1655 4504 pro
1686 4449 1788 4487 ur·

505 4520 698 4597 genda
719 4519 1094 4577 damnatione
1117 4537 1380 4578 errorum
1405 4518 1444 4577 J
1448 4538 1496 4577 o.
1518 4520 1621 4577 Mo
1638 4522 1715 4577 nt
1727 4538 1785 4577 e-

507 4609 676 4667 soni
713 4606 806 4690 (cf.
843 4629 895 4684 p.
923 4604 1094 4687 683).
1148 4609 1327 4666 Stetit
1359 4609 1489 4683 ipse
1521 4627 1629 4684 pro
1651 4608 1785 4667 doc-

504 4700 665 4757 trina
695 4698 767 4758 de
800 4697 1176 4756 immaculata
1196 4698 1260 4755 V.
1284 4698 1662 4773 conceptione
1694 4698 1788 4757 in-

504 4790 678 4848 nixus
712 4793 910 4847 tamen
931 4787 1238 4863 principiis
1260 4787 1608 4864 theologicis
1632 4788 1784 4845 haud

503 4877 842 4956 probandis.
926 4877 1202 4935 Promoto
1239 4878 1411 4936 Petro
1459 4877 1531 4935 de
1566 4877 1787 4935 Alliaco

1843 3914 1975 3953 rum
2026 3895 2501 3953 reformationem
2548 3897 2807 3965 curavit,
2858 3895 3124 3954 fidelium

1846 3984 2173 4042 utilitatem
2205 4004 2345 4060 prae
2378 3985 2561 4042 oculis
2593 3985 2822 4047 habuit.
2871 3984 3125 4043 Concilio

1848 4074 2056 4148 pisano
2088 4092 2207 4132 non
2238 4072 2531 4143 interfuit,
2568 4074 2667 4131 sed
2690 4092 2822 4131 curn
2857 4093 2924 4131 ex
2958 4074 3124 4131 illius

1845 4163 2080 4220 decreto
2114 4163 2386 4239 generale
2432 4163 2746 4221 concilium
2784 4162 3125 4238 propediem

1846 4254 2006 4310 esset
2036 4252 2496 4321 convocandum,
2546 4252 2608 4309 in
2640 4252 2698 4309 id
2731 4251 3021 4322 incubuit,
3056 4257 3126 4310 ut

1845 4360 1997 4416 quae
2044 4341 2105 4398 in
2138 4360 2203 4399 eo
2237 4342 2549 4401 tractanda
2578 4345 2764 4409 erant,
2808 4359 3125 4417 praepara-

1844 4434 1951 4488 ret.
2000 4430 2217 4488 Verum
2250 4433 2397 4488 tunc
2429 4430 2677 4489 dissidio
2706 4431 3125 4488 molestissimo

1844 4520 2008 4577 inter
2039 4519 2219 4578 duces
2250 4518 2633 4595 burgundum
2667 4524 2727 4578 et
2762 4519 3125 4578 aurelianen-

1815 4614 1818 4637 ¹
1846 4627 1968 4667 sem
2002 4609 2333 4683 implicitus
2354 4613 2461 4666 est.
2511 4609 2656 4668 Cum
2689 4609 2846 4667 enim
2882 4627 2984 4684 pro
3017 4626 3125 4666 suo

1838 4698 2111 4773 justitiae
2142 4698 2342 4757 studio
2374 4698 2679 4757 infandam
2704 4697 2988 4758 Ludovici
3020 4716 3125 4756 au-

1846 4787 2193 4846 relianensis
2270 4788 2506 4846 caedem
2576 4806 2753 4862 opera
2814 4786 3127 4863 Burgundi

1851 4880 2253 4952 perpetratam
2288 4878 2488 4952 palam
2521 4876 2936 4946 detestaretur,
2972 4875 3128 4933 sedi-
