3475 5364
617 347 739 399 559

1207 331 1576 385 1326—1350,
1607 327 1658 380 S.
1689 324 2001 394 Scriptura.
2030 323 2303 378 Nicolaus
2331 324 2611 392 Lyranus.

3122 342 3236 393 550

615 517 686 572 de
719 514 816 590 Ly
837 533 914 570 ra
948 509 1131 594 (Lira)
1164 512 1507 587 neutiquam
1541 513 1793 589 Anglus‚
1827 514 1895 569 ut
1953 509 2309 585 Saepissime
2326 509 2680 584 prodierunt
2685 511 2959 583 postillae
2972 512 3073 567 vel
3091 529 3241 568 seor-

615 603 823 661 multis
870 602 1083 671 visum,
1129 621 1237 660 nec
1282 601 1546 671 Plaudet,
1596 602 1700 659 sed
1745 601 1895 658 Nor-

1953 599 2064 657 sim
2097 599 2160 657 in
2193 598 2521 675 singulares
2571 617 2613 656 s.
2648 598 2991 674 Scripturas
3041 599 3243 664 libros.

615 711 886 758 manuue,
934 690 1122 767 Lyrae
1166 696 1230 748 in
1274 690 1526 749 dioecesi
1570 690 1897 748 ebroicensi
1952 689 2046 747 vel
2080 689 2143 746 in
2175 688 2470 764 integram
2508 705 2551 747 s.
2575 688 2946 762 Scripturam
2980 689 3089 746 sed
3124 689 3247 745 sine

616 791 794 838 natus
844 789 1021 849 1270,
1058 779 1384 838 seeundum
1416 781 1638 838 multos
1680 798 1896 855 genere

615 870 651 927 J
658 869 882 927 udaeus
916 867 1100 950 (quod
1135 872 1334 927 tamen
1367 868 1610 944 probari
1643 863 1896 948 nequit).

616 961 844 1017 Mature
878 958 1069 1016 literis
1115 957 1404 1016 hebraicis
1446 958 1610 1016 dedit
1643 977 1896 1033 operam,

617 1052 686 1105 ut
718 1067 919 1105 earum
941 1048 1212 1122 peritiam
1237 1047 1355 1105 sibi
1374 1049 1754 1121 compararet.
1790 1046 1898 1104 Or-

617 1137 817 1195 dinem
869 1155 911 1194 a.
964 1137 1256 1194 Francisci
1311 1137 1612 1213 ingressus
1662 1135 1816 1194 cirea
1848 1155 1896 1193 a.

625 1235 777 1287 1291
808 1226 1021 1301 adepta
1049 1226 1290 1283 Parisiis
1320 1226 1519 1283 laurea
1536 1224 1895 1301 theologiam

616 1314 820 1372 docuit
850 1333 1069 1391 magno
1102 1315 1334 1389 plausu,
1371 1320 1440 1372 ut
1467 1315 1665 1372 doctor
1674 1315 1897 1387 planus

616 1410 676 1461 et
705 1406 867 1462 utilis
899 1404 1212 1461 diceretur.
1255 1402 1294 1460 J
1298 1404 1621 1461 udaeorum
1653 1420 1896 1460 conver-

617 1492 767 1550 sioni
819 1493 1082 1567 impense
1131 1492 1374 1561 institit,
1421 1509 1746 1565 eorumque
1799 1510 1897 1549 sex

617 1582 804 1639 millia
825 1581 938 1639 sub
959 1582 1264 1655 Alphonso
1281 1582 1374 1638 XI.
1397 1581 1725 1657 Aragoniae
1759 1599 1897 1656 rege

616 1671 687 1727 ad
737 1670 909 1728 fidem
956 1670 1318 1728 convertisse
1359 1670 1564 1728 fertur.
1630 1669 1901 1727 Praefuit

616 1759 954 1834 provinciae
975 1761 1098 1817 Bur
1101 1759 1359 1833 gundiae
1379 1765 1440 1817 et
1459 1776 1594 1816 cum
1614 1759 1745 1816 aliis
1761 1759 1897 1816 doc-

617 1847 853 1937 toribus
872 1848 1298 1947 parisiensibus
1315 1847 1671 1922 subscripsit
1691 1853 1898 1906 votum

617 1937 688 1995 de
722 1923 948 1995 visione
979 1936 1293 1995 beatifica'
1279 1956 1341 1995 in
1363 1937 1780 2006 controversia,
1803 1938 1900 1994 cui

617 2026 876 2084 Joannes
939 2026 1114 2083 XXII.
1178 2025 1544 2084 occasionem
1606 2026 1897 2126 praebuit

619 2115 884 2173 Decessit
914 2115 1071 2173 vitae
1103 2116 1282 2172 etiam
1311 2114 1625 2173 sanctitate
1648 2115 1899 2173 eximius

621 2214 653 2265 2
681 2218 718 2261 1.
754 2203 875 2263 Oct.
917 2213 1098 2266 1340.
1134 2204 1296 2279 Opus
1326 2204 1635 2281 egregium
1667 2223 1898 2278 compo·

615 2293 757 2360 suit,
802 2293 959 2369 quod
985 2294 1282 2367 postillam
1323 2311 1667 2368 nuncupare
1699 2292 1899 2351 decre-

616 2383 704 2440 vit
734 2382 799 2439 in
831 2383 1168 2441 universam
1203 2381 1647 2458 sScripturam,
1684 2381 1749 2439 in
1782 2401 1901 2456 qua

614 2471 909 2529 succincte
960 2474 1020 2529 et
1069 2471 1262 2530 nitide
1313 2489 1552 2529 sensum
1605 2470 1897 2529 literalem

615 2560 1000 2634 prosequitur
1030 2561 1092 2618 ll.
1130 2571 1229 2629 50,
1264 2578 1478 2635 paucas
1497 2557 1666 2617 valde
1688 2563 1750 2617 et
1766 2560 1897 2618 bre-

616 2667 718 2708 ves
764 2649 1175 2725 expositioneS,
1228 2649 1508 2725 mysticas
1561 2649 1897 2724 aliquandO,

616 2738 716 2796 sed
749 2757 899 2808 raro,
933 2739 1336 2813 interponens.
1389 2738 1749 2797 Moralitates
1779 2739 1816 2795 i.
1851 2758 1897 2796 e.

618 2828 961 2903 allegoricas
977 2832 1037 2885 et-
1045 2827 1445 2903 tropologicas
1459 2827 1901 2901 Scripturarum

616 2916 1136 2991 interpretationes
1170 2917 1230 2973 ll.
1269 2925 1347 2978 35
1397 2917 1698 2975 volumine
1731 2935 1899 2991 sepa-

615 3008 745 3063 rato
778 3005 983 3075 edidit,
1019 3023 1063 3063 s.
1087 3005 1122 3061 l.
1144 3008 1205 3063 et
1226 3026 1271 3062 a.
1297 3002 1368 3085 (c.
1397 3000 1589 3083 1479)
1627 3006 1902 3064 Coloniae

627 3105 820 3164 14783
857 3095 1130 3151 Mantuae
1170 3104 1328 3156 1481
1372 3099 1478 3152 etc.
1513 3113 1664 3168 quae
1697 3099 1904 3170 postea

617 3183 991 3259 postillarum
1025 3183 1391 3241 editionibus
1442 3183 1699 3242 insertae
1743 3186 1901 3241 sunt.

618 3273 822 3330 Utitur
870 3272 1044 3329 dictis
1096 3271 1408 3330 doctorum
1453 3273 1901 3341 catholicorum,

617 3362 718 3419 sed
764 3361 940 3419 etiam
978 3361 1383 3429 hebraeorum,
1432 3362 1684 3420 maxime
1716 3360 1903 3419 Rabbi

620 3451 947 3509 Salomonis
991 3450 1261 3508 Jarchi
1311 3446 1593 3531 (Raschi).
1659 3455 1712 3510 S.
1748 3450 1903 3508 Tho-

617 3560 772 3597 mam
807 3539 1066 3598 libenter
1114 3539 1389 3615 sequitur
1435 3540 1497 3597 in
1543 3544 1904 3598 commenta-

618 3630 717 3686 riis
766 3630 829 3686 in
862 3629 1092 3697 isaiam,
1141 3629 1531 3705 Evangelium
1579 3647 1624 3685 S.
1657 3628 1904 3686 «Ioannis

617 3729 677 3776 et
728 3719 1009 3793 epistola-3
1060 3719 1364 3794 paulinas;
1413 3719 1907 3776 commentarium

618 3807 875 3865 doctoris
907 3808 1164 3883 angelici
1197 3807 1262 3865 in
1295 3807 1412 3865 Job
1443 3807 1563 3865 fere
1596 3808 1905 3880 excerpsit.

618 3896 869 3954 Postilla
902 3914 1043 3953 sane
1077 3896 1405 3954 utilissima
1436 3895 1698 3954 reddidit
1729 3897 1904 3954 Nico-

620 3986 777 4042 laum
812 3985 1281 4053 celeberrimum,
1334 3985 1479 4043 adeo
1522 3990 1592 4044 ut
1625 3987 1719 4043 vel
1772 4004 1907 4060 pro-

619 4078 910 4132 testantes
943 4075 1073 4149 ejus
1109 4079 1435 4150 agnoscant
1467 4075 1771 4141 meritum,
1807 4074 1912 4133 sed

618 4182 737 4220 rem
774 4167 1132 4239 exaggerant
1164 4163 1269 4237 qui
1291 4164 1506 4233 dicant,
1540 4164 1739 4240 ipsum
1773 4164 1910 4222 uni-

618 4270 752 4309 cum
799 4250 984 4309 fuisse
1033 4251 1211 4310 medii
1261 4252 1390 4311 aevi
1439 4252 1827 4331 interpretem
1847 4249 1911 4334 ¹)

620 4457 959 4511 Bellesheim
993 4459 1030 4522 l,
1057 4464 1178 4513 541.
1209 4491 1273 4498 -
1303 4458 1714 4512 Galfridus
1762 4460 1911 4514 Ale-

621 4530 751 4671 {ruiai
761 4532 911 4661 {1013
911 4548 935 4582 s
963 4529 1054 4583 Ca.
1083 4530 1322 4599 Anglus,
1365 4531 1562 4583 doctor
1591 4530 1915 4584 oxoniensis

1953 782 2125 836 textu
2157 795 2325 836 sacro
2358 777 2634 835 Coloniae
2662 787 2863 846 1478;
2900 777 3247 835 Nor-imber-

1953 886 2063 942 gae
2124 876 2287 929 1479
2341 869 2485 937 etc.;
2538 872 2746 924 auctae
2797 867 3251 925 moralitatibus

1955 956 2014 1012 ll.
2054 965 2132 1019 85
2182 956 2399 1014 Romae
2440 965 2873 1017 1471—1472
2912 957 2956 1012 t.
2995 967 3029 1018 5
3085 957 3150 1012 in
3183 957 3252 1022 f.;

1954 1063 2088 1103 cum
2121 1046 2290 1103 textu
2323 1063 2487 1102 sacro
2521 1045 2722 1112 latino,
2758 1044 3030 1103 Venetiis
3062 1053 3252 1107 1482.

1954 1135 2130 1191 unica
2144 1133 2346 1202 editio,
2368 1137 2440 1191 ut
2455 1133 2710 1203 videtur,
2733 1133 3061 1192 admodum
3086 1154 3249 1193 rara:

1954 1242 2085 1280 cum
2134 1223 2539 1281 additionibus
2585 1223 2755 1280 Pauli
2806 1223 3151 1299 Burgensis
3196 1229 3251 1278 et

1955 1312 2211 1386 Replicis
2260 1313 2544 1370 Matthiae
2577 1312 2858 1387 Doering,
2902 1313 3253 1370 Norimber-

1955 1420 2062 1478 gae
2101 1411 2301 1470 14813
2343 1410 2543 1470 14853
2587 1410 2748 1463 1487
2786 1404 2937 1480 etc.;
2983 1400 3254 1459 Venetiis

1968 1499 2120 1553 1481
2151 1510 2163 1558 ;
2205 1499 2369 1551 1482
2410 1485 2522 1569 (ed.
2558 1490 2729 1547 aliaa
2751 1508 2940 1563 supra
2964 1485 3251 1552 laudata‘l,

1959 1580 2323 1656 Argentinae
2364 1588 2527 1640 1492
2563 1583 2701 1646 etc.;
2736 1596 2875 1636 cum
2907 1579 3133 1637 Glossa
3164 1598 3253 1635 or·

1958 1668 2205 1737 (linaria,
2271 1667 2534 1727 Venetiis
2604 1676 2803 1736 14853
2880 1676 3054 1730 1495
3112 1675 3249 1728 etc.;

1958 1758 2217 1815 Basileae
2282 1765 2442 1819 1498
2496 1761 2555 1815 et
2605 1755 2693 1815 ita
2742 1758 3103 1831 saepissime
3136 1757 3250 1815 ed:

1956 1864 2090 1903 cum
2124 1847 2324 1923 glossa
2356 1846 2740 1914 interlineari,
2776 1845 3057 1904 Venetiis
3090 1856 3247 1909 1588

1957 1940 2100 2004 etc.;
2135 1935 2320 1993 Duaci
2349 1945 2422 1996 16
2446 1944 2546 2002 17;
2580 1936 2945 2009 Antverpiae
2976 1944 3148 1997 1534
3170 1937 3250 1992 ed.

1956 2024 2196 2124 optima.
2261 2023 2613 2081 Additiones
2664 2026 2723 2082 et
2754 2023 3041 2099 Replicae
3096 2043 3251 2082 seor-

1956 2114 2070 2170 sim
2121 2113 2302 2171 semel
2351 2112 2706 2188 prodierunt
2757 2113 3029 2172 Venetiis
3080 2123 3250 2176 1683-

1957 2203 2238 2261 Postillae
2253 2206 2523 2276 receptae
2539 2204 2717 2260 etiam
2742 2201 2999 2260 fuerunt
3027 2203 3096 2260 in
3117 2202 3250 2262 Bib-

1957 2291 2035 2348 lia
2058 2292 2326 2360 maxima,
2360 2290 2635 2349 Lutetiae
2665 2291 2728 2348 P.
2770 2301 2958 2354 1600.
2994 2325 3091 2335 —
3126 2293 3253 2349 Alia

1956 2609 2013 2658 et
2040 2605 2328 2659 detexisse.
2361 2603 2608 2662 ..Notum
2638 2620 2870 2671 quoque
2909 2607 3018 2666 est,
3063 2603 3254 2657 scribit

1958 2676 2195 2730 Wiest
2244 2674 2452 2729 introd.
2504 2674 2565 2728 in
2619 2676 2749 2729 hist.
2815 2674 2964 2729 liter.
3023 2695 3084 2746 p.
3138 2681 3251 2733 438.

1956 2748 2102 2804 illud
2133 2748 2351 2801 dictum
2379 2764 2678 2800 commune
2705 2747 2774 2800 de
2796 2747 3031 2815 Lyrano
3056 2770 3067 2801 ε
3100 2747 3253 2805 ..Nisi

1957 2820 2106 2887 Lyra
2133 2820 2386 2887 lyrasset,
2417 2819 2572 2872 totus
2598 2817 2849 2872 mundus
2878 2818 3248 2886 delyrasset*

1958 2908 2106 2960 quae
2160 2892 2329 2944 verba
2379 2889 2534 2958 apud
2583 2889 2655 2941 Μ.
2708 2889 2881 2946 Mich.
2935 2889 3253 2944 Lilienthal

1957 2962 2125 3031 (Bibl.
2167 2978 2321 3029 exeg.
2363 2959 2692 3015 Bibliothek
2734 2978 2775 3013 s.
2803 2967 2833 3018 1
2863 2979 2911 3015 c.
2936 2965 2992 3029 8)
3040 2980 3253 3033 germa-

1958 3034 2081 3087 nice
2126 3033 2446 3085 redduntur
2499 3031 2612 3085 ita:
2667 3032 2835 3086 Hatte
2887 3033 3044 3100 Lyra
3100 3035 3251 3087 nirht

1959 3106 2099 3158 iih'er
2116 3104 2208 3157 die
2228 3104 2383 3158 Bibel
2400 3103 2783 3173 geschriebeu,
2813 3110 2961 3157 ware
2980 3107 3253 3160 mancliet

1962 3176 2178 3232 Doktor
2218 3175 2310 3229 ein
2353 3174 2473 3228 Esel
2517 3175 2836 3244 geblieben.
2886 3175 3025 3228 Non
3068 3177 3253 3230 minus

1960 3247 2214 3301 obtinet:
2246 3247 2336 3308 „si
2365 3246 2510 3313 Lym
2538 3263 2654 3299 non
2681 3248 2698 3299 l
2723 3250 2936 3309 rasset,
2964 3246 3254 3302 Lutherus

1959 3336 2075 3372 non
2103 3319 2413 3381 saltasset,“
2463 3334 2528 3371 eo
2571 3333 2686 3385 quo
2754 3318 3048 3371 Lutherus
3075 3320 3254 3389 ipsius

1959 3390 2434 3459 interpretatione
2485 3391 2819 3456 praesertim
2869 3390 2931 3446 'm
2986 3390 3250 3444 Genesim

1962 3461 2211 3514 multum
2264 3460 2440 3514 fuerit
2491 3478 2643 3514 usus.
2720 3460 2829 3514 Sed
2882 3464 2954 3516 cf.
3008 3462 3251 3516 Cornelv

1960 3551 2016 3587 n.
2068 3537 2201 3589 249:
2254 3548 2388 3613 prae
2440 3532 2638 3601 primis
2685 3531 2916 3601 Hoberg
2967 3532 3087 3586 KL.
3142 3535 3254 3597 IX

1961 3609 2061 3660 321
2093 3622 2178 3660 ss..
2225 3602 2326 3671 qui
2358 3608 2618 3656 accurate
2658 3603 2728 3656 de
2767 3603 2895 3672 ipso
2923 3621 3117 3675 opere
3144 3605 3250 3657 edi-

1962 3666 2219 3728 tionibus
2264 3674 2435 3728 variis
2480 3676 2719 3744 ejusque
2772 3675 2961 3742 pretio
3015 3677 3252 3731 disserit-

1964 3749 2268 3814 notatque:
2296 3745 2461 3799 Seine
2481 3746 2666 3799 wahre
2687 3744 3035 3818 Bedeutung
3052 3750 3146 3801 fflr
3165 3747 3251 3800 die

1964 3818 2208 3887 Exegese
2275 3818 2497 3871 besteht
2558 3817 2831 3871 vielmehr
2902 3818 3091 3882 darin,
3153 3820 3250 3871 dal:

1964 3906 2024 3942 er
2075 3890 2180 3943 den
2235 3888 2446 3958 richtig
2496 3889 2811 3941 erkannten
2881 3888 3249 3944 Unterschied

1966 3960 2244 4015 zwischen
2296 3960 2636 4014 Literalsinn
2704 3961 2822 4013 und
2888 3963 3248 4028 mystisehem

1967 4032 2109 4086 Sinn
2161 4032 2309 4085 auch
2358 4032 2418 4084 in
2470 4031 2569 4084 der
2614 4031 2807 4085 Prasia
2859 4032 3250 4093 durchfflhrte,

1967 4104 2087 4157 und
2139 4104 2243 4155 dall
2294 4119 2353 4155 er
2403 4101 2497 4155 die
2546 4119 2724 4173 ganze
2770 4104 2847 4157 hl.
2894 4103 3114 4159 Schrift
3153 4104 3252 4157 mit

1968 4176 2228 4245 geringer
2280 4173 2609 4227 Ausnahme
2659 4175 2931 4243 (exeeptis
2996 4176 3249 4245 partibus

1969 4244 2559 4300 deuterocanonioisl.
2590 4246 2812 4316 Esther)
2856 4248 3249 4301 commentirte

1969 4317 2090 4371 und
2117 4319 2224 4371 auf
2244 4317 2395 4370 diese
2412 4316 2600 4370 Weise
2625 4317 2718 4370 ein
2734 4310 3061 4372 Handbuch
3078 4317 3248 4379 schus,

1970 4389 2209 4443 welches
2237 4391 2378 4443 iiber
2402 4388 2513 4441 den
2541 4388 2888 4441 Literalsinn
2901 4391 3070 4457 Jeder
3084 4388 3247 4443 Steue

1971 4460 2265 4513 Auskunft
2289 4460 2417 4529 gab,
2472 4461 2632 4514 Auch
2677 4477 2793 4513 war
2833 4461 2989 4515 seine
3020 4459 3248 4515 Postilla

1971 4532 2062 4585 die
2090 4536 2234 4585 erste
2274 4531 2588 4600 gedruckte
2623 4531 3115 4602 Bibelerklarung,
3143 4546 3248 4584 was

1971 4621 2072 4656 zur
2123 4604 2357 4655 weitern
2410 4602 2793 4674 Verbreitung
2844 4602 2960 4656 viel
3012 4604 3245 4670 beitrag-

725 4664 922 4737 >Rich
976 4672 1172 4727 Simon
1225 4673 1367 4726 Hist.
1421 4674 1517 4726 des
1567 4674 1914 4743 principaux
1972 4674 2053 4728 Cf.
2087 4674 2249 4727 Feret
2277 4673 2371 4738 ΙΙΙ,
2398 4678 2636 4733 331-9;
2665 4674 3049 4738 labriciusV‚
3069 4679 3245 4732 ll4ss.

525 4733 528 4737 ’
622 4746 924 4798 comment.
972 4745 1049 4797 du
1095 4744 1161 4796 N.
1206 4743 1266 4798 T.
1311 4764 1366 4813 p.
1406 4750 1510 4801 477
1551 4743 1619 4797 de
1661 4761 1725 4798 eo
1768 4745 1915 4797 affir-

1972 4745 2247 4799 Katholik
2276 4750 2429 4829 1859.
2459 4748 2524 4811 ll,
2552 4750 2785 4803 940ss.:
2815 4744 2946 4802 Nik.
2976 4764 3028 4801 v.
3051 4747 3108 4799 L.
3136 4742 3243 4798 und

621 4818 755 4881 mat,
809 4817 1096 4871 neminem
1143 4818 1275 4868 ante
1332 4816 1519 4885 ipsum
1587 4815 1913 4887 Scripturas
1972 4836 2011 4869 s.
2041 4817 2305 4886 >tellung
2348 4817 2409 4870 in
2455 4820 2554 4872 der
2582 4816 2779 4872 Gesch.
2822 4818 2922 4872 der
2968 4816 3241 4871 mittelalt.

620 4904 845 4941 sensum
878 4888 1156 4941 literalem
1204 4890 1319 4941 tam
1360 4891 1510 4940 reete
1539 4887 1915 4957 investigasse
1972 4888 2323 4943 Schrifterkl.
