3475 5364
410 359 436 411 1
453 358 575 412 209
1443 339 1715 405 Javellus,
1743 338 1988 403 Koellin,
2848 358 2871 408 1
2888 355 2921 407 2
2942 358 2956 407 1
2977 358 3015 408 0

402 526 570 585 tibus
603 543 807 585 omnes
840 526 1013 601 aequi
1033 526 1257 585 limites
1290 530 1384 585 est
1415 529 1681 603 praeter·
1739 526 1880 595 scil„
1913 530 1984 585 ut
2014 525 2269 595 videtur,
2316 524 2532 596 dictus,
2573 525 3018 600 praestantissi-

404 633 656 693 gressus..
720 615 991 674 Facultas
1032 615 1375 691 parisiensis
1421 616 1683 690 Cajetani
1736 615 1821 673 mi
1854 615 1948 672 vir
1975 614 2202 691 ingenii
2233 615 2367 673 fuit.
2416 614 2570 672 Hinc
2604 634 2639 672 a
2669 613 2878 689 primis
2910 634 3013 671 an-

404 704 825 764 commentaria
911 705 1155 780 ejusque
1243 705 1685 780 responsionem
1736 704 1833 762 nis
1869 704 1943 762 ad
1962 703 2293 763 docendum
2325 703 2443 762 fuit
2460 702 2784 762 adhibitus.
2816 703 3017 761 Vitam

405 792 824 870 apologeticam
859 787 1042 876 (inter
1061 799 1190 868 ejus
1213 789 1525 875 opuscula)
1548 812 1681 852 cen·
1740 793 1855 852 sibi
1886 792 2110 870 delegit
2127 793 2411 868 quietam,
2433 812 2467 850 a
2484 791 2871 868 praefecturis
2891 811 3015 850 om-

405 900 545 942 sura
576 883 796 941 iterum
826 883 1060 941 notavit
1092 892 1148 944 9.
1170 884 1320 960 Aug.
1349 893 1546 945 1544:
1581 882 1683 941 sed
1736 882 1882 941 nino
1915 882 2165 940 alienam
2185 925 2199 951 ‚
2246 885 2318 940 ut
2345 885 2543 940 totum
2576 899 2638 939 se
2670 881 2841 940 daret
2873 882 3018 939 scri·

406 990 655 1031 censura
685 973 898 1048 rogatu
920 971 1393 1032 Praedicator-um
1425 991 1545 1031 non
1566 971 1686 1030 fuit
1739 971 1947 1030 bendis
1978 971 2283 1046 operibuS‚
2330 971 2491 1029 inter
2534 989 2688 1046 quae
2720 989 3018 1029 commen-

407 1061 810 1137 promulgata:
846 1061 948 1119 sed
988 1072 1037 1123 1.
1063 1061 1228 1118 Febr.
1274 1071 1433 1123 1545
1469 1080 1684 1136 appro-
1736 1060 1928 1119 tarius
1960 1060 2022 1118 in
2061 1071 2112 1123 1.
2145 1080 2200 1137 p.
2235 1078 2497 1119 summae
2529 1077 2574 1120 s.
2608 1059 2860 1117 'rhomae
2891 1059 3016 1117 Mo·

405 1150 571 1209 bavit
586 1151 850 1210 criticam
868 1149 1162 1209 Ambrosii
1180 1149 1682 1209 Catharinizcom-
1737 1150 1985 1227 guntiae
2043 1158 2198 1212 1611
2253 1150 2314 1208 in
2359 1148 2397 1205 f.
2443 1150 2513 1206 de
2558 1149 2854 1206 attributis
2889 1149 3016 1207 scil.

406 1238 689 1298 mentaria
720 1257 859 1298 vero
875 1239 1139 1314 Cajetani
1167 1257 1286 1298 non
1299 1239 1685 1314 reperiuntur
1740 1239 1850 1297 Dei
1879 1246 1929 1296 et
1959 1240 2027 1296 de
2053 1235 2349 1308 Trinitate,
2384 1238 2479 1296 cui
2510 1238 2734 1296 inserta
2764 1240 2859 1296 est
2887 1238 3023 1313 ejus

405 1329 470 1387 in
531 1324 770 1387 elencho
815 1328 1102 1388 librorum
1160 1329 1601 1404 prohibitorum
1651 1350 1684 1386 a
1739 1327 2007 1403 quaestio
2053 1329 2122 1385 de
2153 1328 2263 1386 Dei
2282 1328 2620 1401 praedestin
2631 1329 2810 1385 itione
2841 1334 2891 1384 et
2920 1345 3018 1383 re·

406 1418 688 1477 facultate
733 1437 783 1476 a.
823 1426 983 1479 1551
1024 1420 1086 1476 et
1124 1426 1308 1479 1556.
1373 1416 1463 1476 Ita
1511 1417 1584 1476 de
1615 1434 1682 1476 eo
1728 1418 2092 1492 probatione,
2125 1417 2189 1474 in
2220 1435 2343 1492 qua
2370 1415 2635 1485 descivit,
2668 1420 2740 1473 ut
2770 1415 3018 1473 Lutheri

408 1507 616 1567 scribit
635 1506 723 1565 Co
741 1505 1056 1582 rnely¹):
1080 1505 1321 1575 ,Quum
1339 1506 1683 1583 linguarum
1737 1524 1967 1565 errores
1997 1505 2235 1564 facilius
2265 1506 2514 1575 witaret,
2563 1524 2598 1563 a
2641 1505 2914 1563 doctrina
2944 1504 3016 1562 de

407 1595 712 1654 hebraicae
744 1600 804 1654 et
834 1613 1077 1672 graecae
1094 1596 1339 1672 ignarus
1370 1600 1545 1666 esset,
1577 1614 1685 1671 per
1737 1595 2268 1671 praedestinatione
2297 1595 2361 1652 in
2380 1594 2800 1654 thomistarum
2823 1593 3024 1652 schola

409 1685 703 1744 Judaeum
736 1685 973 1754 veteriS,
1018 1703 1125 1759 per
1173 1685 1356 1743 alium
1390 1684 1683 1759 quendam
1737 1687 2000 1760 recepta:
2034 1685 2172 1743 hinc
2202 1684 2528 1742 doctrinam
2550 1683 2699 1759 ejus,
2731 1685 2802 1741 ut
2832 1686 3017 1741 testa-

407 1774 479 1832 N.
512 1774 573 1831 Τ.
604 1774 899 1832 literalem
930 1773 1255 1833 versionem
1287 1773 1685 1833 adornandam
1736 1775 1841 1832 tur
1869 1773 2100 1832 Echard
2131 1772 2207 1842 11,
2247 1784 2388 1843 105,
2422 1773 2739 1831 thomistae
2772 1772 3020 1830 horrue-

408 1863 659 1933 curavit,
710 1882 889 1938 quam
937 1862 1185 1939 vulgata
1231 1862 1513 1939 neglecta,
1563 1862 1682 1920 imo
1736 1865 1883 1920 runt
1912 1881 2130 1930 omneS,
2164 1861 2306 1921 adeo
2338 1866 2409 1921 ut
2425 1879 2533 1920 nec
2552 1862 2895 1920 nominetur
2925 1861 3020 1918 in-

409 1970 528 2012 non
559 1970 693 2010 raro
713 1952 1081 2028 impugnata,
1103 1952 1538 2010 commentariis
1560 1952 1683 2010 suis
1737 1955 1831 2009 ter
1860 1969 1978 2021 eoa,
2013 1955 2074 2010 et
2105 1969 2320 2009 nomen
2352 1970 2528 2010 suum
2559 1950 2861 2009 indelebili
2893 1969 3016 2008 ma·

409 2041 678 2117 subjecit.
740 2040 906 2099 Unde
929 2040 1057 2115 jam
1098 2060 1379 2118 magnum
1413 2044 1681 2099 exortum
1739 2040 1872 2099 cula
1903 2039 2243 2110 foedaverit,
2275 2044 2454 2117 atque
2471 2039 2708 2098 utinam
2738 2039 3015 2098 lucubra-

408 2132 500 2188 est
530 2129 765 2188 errandi
785 2129 1133 2205 periculum,
1155 2130 1314 2204 quod
1334 2148 1451 2189 non
1472 2149 1682 2205 parum
1739 2129 1962 2188 tionem
2023 2129 2283 2188 aeternis
2343 2129 2608 2187 tenebris
2656 2128 3024 2197 damnasset,

410 2219 594 2287 auxit,
629 2238 813 2294 quum
845 2218 1211 2277 traditionali
1260 2219 1466 2278 relicta
1495 2219 1682 2276 inter·
1737 2218 1981 2293 subjicit
2011 2219 2129 2278 ille.
2195 2219 2328 2276 Alia
2370 2218 2633 2294 ejusdem
2671 2236 2847 2293 opera
2878 2221 3026 2275 sunt

408 2309 738 2383 pretatione
769 2325 982 2367 novam
1014 2307 1311 2383 quandam
1346 2307 1499 2366 viam
1530 2306 1684 2366 inire
1740 2307 2162 2382 philosophica,
2206 2326 2358 2383 quae
2389 2308 2635 2366 collecta
2664 2306 3020 2381 prodierunt

412 2397 591 2457 vellet
622 2441 633 2453 .
670 2442 681 2454 .
716 2442 728 2453 .
762 2397 853 2456 Ad
870 2397 1465 2472 ejuscommentarios
1481 2398 1681 2455 autem
1736 2396 2015 2472 Lugduni
2056 2405 2254 2466 15673
2296 2406 2493 2466 15743
2539 2405 2700 2459 1580
2734 2399 2778 2457 t.
2805 2404 2838 2456 3
2874 2395 2937 2452 in
2959 2394 3014 2463 f.,

411 2486 567 2562 quod
604 2486 839 2557 attinet,
871 2485 1268 2544 Pallavicinus
1288 2488 1561 2553 testatur,
1583 2503 1682 2544 eos
1741 2484 2003 2544 Venetiis
2045 2495 2207 2547 1577
2258 2486 2372 2543 sub
2400 2484 2788 2560 inscriptione
2826 2484 3028 2541 Totius

409 2592 522 2635 nec
560 2575 871 2635 haereticis
915 2594 1025 2634 nec
1070 2575 1375 2634 catholicis
1423 2574 1681 2650 probari,
1739 2575 2062 2643 rationalia,
2096 2576 2405 2649 naturalis,
2437 2576 2665 2632 divinae
2696 2592 2762 2631 ac
2783 2574 3021 2631 moralis

411 2664 588 2724 simul
621 2682 759 2725 vero
792 2668 993 2725 monet
1010 2685 1165 2736 eum,
1187 2665 1290 2741 qui
1312 2661 1507 2724 virum
1527 2664 1685 2722 hunc
1728 2664 2130 2739 philosophiae
2159 2664 2584 2740 compendium,
2634 2666 2677 2720 t.
2716 2673 2750 2726 3
2786 2662 2853 2722 in
2888 2671 2922 2723 2
2957 2661 3019 2720 in

411 2773 478 2812 ex
510 2756 637 2830 ejus
668 2754 1099 2813 commentariis
1144 2754 1457 2830 exegeticis
1503 2754 1680 2813 aesti-
1740 2754 1778 2810 f.
1814 2749 1915 2833 (m.
1945 2755 2109 2828 100),
2143 2755 2300 2811 inter
2329 2772 2481 2829 quae
2512 2772 2606 2828 qq.
2640 2752 3019 2810 acutissimae

410 2862 570 2902 mare
602 2844 798 2913 vellet,
832 2843 1073 2920 perinde
1105 2862 1231 2903 sese
1252 2844 1467 2902 habere
1496 2862 1562 2902 ac
1581 2844 1684 2918 qui
1739 2861 1917 2916 super
1949 2844 1989 2900 8
2020 2844 2075 2901 ll.
2098 2845 2366 2923 physices
2395 2842 2470 2900 ad
2501 2845 2758 2900 mentem
2793 2859 2837 2899 a.
2870 2841 3021 2898 Tho-

409 2951 531 2991 non
563 2952 630 2990 ex
661 2933 890 3008 penniS,
925 2933 1027 2991 sed
1058 2952 1126 2991 ex
1158 2933 1407 3008 pedibus
1437 2933 1685 3008 pavonis
1741 2950 1889 3002 mae,
1912 2931 2252 2991 Aristotelis
2283 2935 2344 2990 et
2374 2931 2854 2990 commentatoris
2883 2930 3021 3004 plu-

409 3022 918 3097 pulchritudinem
979 3022 1427 3094 aestimaretss).“
1506 3022 1684 3080 Deni-
1740 3022 1960 3079 rituum
1994 3021 2250 3092 decisae3
2293 3040 2389 3097 qq.
2433 3019 2734 3079 naturales
2767 3037 2947 3094 super
2981 3028 3016 3080 3

411 3129 527 3185 que
540 3107 590 3190 ⁸)
626 3111 956 3185 composuit
977 3111 1288 3184 cajetanus
1322 3112 1687 3168 Peccatorum
1741 3110 1802 3167 ll.
1836 3112 1906 3167 de
1937 3113 2136 3169 anima
2160 3112 2337 3185 juxta
2366 3109 2774 3169 thomisticum
2809 3110 3028 3184 dogma

409 3202 759 3257 summulam
820 3178 1022 3257 ordine
1082 3198 1471 3274 alphabeticO,
1535 3217 1686 3274 quae
1742 3198 2000 3268 decisae3
2046 3219 2131 3275 qq.
2174 3216 2351 3271 super
2397 3203 2481 3258 12
2527 3200 2583 3256 ll.
2616 3198 3032 3273 metaphysices

410 3287 641 3362 saepius
674 3287 893 3362 prodiit
923 3288 1140 3345 Romae
1178 3296 1375 3357 1525;
1425 3287 1686 3346 Venetiis
1742 3286 1815 3344 ad
1861 3290 2122 3346 mentem
2181 3305 2225 3344 a.
2277 3287 2531 3345 Thomas
2575 3290 2683 3345 etc.
2736 3285 3024 3366 (Venetiis

421 3386 584 3438 1525
608 3397 621 3445 ;
674 3376 914 3435 Parisiis
954 3385 1153 3446 15263
1210 3386 1370 3438 1530
1406 3379 1547 3445 etc.;
1597 3394 1686 3433 re-
1752 3370 1974 3456 1564);
1993 3378 2308 3433 chri-etlam
2328 3375 2688 3450 philosophia
2708 3394 2813 3432 seu
2832 3373 3024 3431 ethica

414 3466 650 3542 cognita
680 3469 740 3523 et
769 3465 931 3523 notis
961 3466 1265 3523 illustrata
1296 3485 1329 3522 a
1361 3464 1687 3541 Gaugerico
1742 3464 1807 3521 in
1843 3473 1877 3524 8
1900 3483 1996 3538 pp.
2031 3464 2220 3523 divisa
2238 3458 2341 3544 (ib.
2372 3475 2396 3524 1
2414 3459 2565 3544 540)
2587 3480 2603 3530 ,⁸
2625 3463 3034 3537 philosophiae-

412 3555 675 3630 Hispano
707 3553 894 3613 Duaci
933 3564 1131 3624 16133
1174 3563 1334 3615 1627
1371 3554 1434 3611 in
1470 3561 1524 3616 8.
1742 3553 2006 3627 politicae
2050 3553 2176 3611 sive
2206 3552 2397 3611 civilis
2440 3550 2795 3610 christianae
2826 3552 3022 3622 dispo·

1745 3642 1877 3699 sitio
1910 3637 2015 3722 (ib.
2058 3638 2280 3720 1540);
2328 3642 2678 3699 oeconomica
2721 3639 2817 3698 vel
2854 3639 3032 3696 fami-¹

503 3742 645 3797 569.
705 3733 1158 3810 Chrysostomus
1203 3731 1242 3789 J
1259 3731 1576 3790 avellus
1627 3730 1688 3788 Ο.
1748 3730 1912 3788 liaris
1945 3730 2267 3788 christiana
2311 3728 2625 3805 disciplina
2663 3725 2767 3808 (ib.
2813 3725 3031 3806 1540).

412 3822 523 3892 Pr„
570 3843 604 3880 a
652 3823 848 3898 patria
892 3823 956 3880 in
988 3821 1343 3880 Insubribus
1376 3819 1689 3895 Canapi-
1747 3821 2038 3878 tractatus
2082 3824 2203 3877 tres
2236 3818 2406 3877 valde
2436 3818 2646 3887 utiles;
2691 3819 2761 3874 de
2791 3834 3023 3889 concep-

412 3911 534 3970 ciu
552 3931 578 3970 s
596 3956 609 3982 ,
646 3912 719 3971 ab
739 3911 871 3970 aliis
892 3912 964 3969 de
985 3912 1120 3970 Cas
1138 3911 1244 3969 ali
1278 3931 1311 3968 a
1329 3909 1693 3985 professione
1748 3910 1896 3967 tione
1927 3909 1976 3967 b.
2001 3907 2077 3966 M.
2125 3908 2183 3966 V.
2199 3928 2228 3980 ,·
2257 3909 2326 3966 de
2357 3909 2588 3966 animae
2617 3908 2903 3965 humanae
2931 3909 3023 3963 in·

1748 3999 2066 4072 deficientia
2096 3997 2159 4055 in
2192 3997 2565 4073 quadruplici
2597 3996 2713 4064 via,
2761 3995 2883 4058 scil.
2921 4015 3022 4070 pe-

492 4120 526 4187 ¹)
556 4116 702 4174 nist.
729 4118 787 4170 et
812 4115 936 4169 crit.
968 4116 1178 4169 introd.
1216 4114 1279 4168 in
1320 4114 1378 4167 11.
1421 4132 1462 4166 s.
1488 4113 1692 4183 Script.
1749 4086 2074 4162 ripatetioa,
2108 4086 2451 4156 academica,
2484 4085 2744 4144 naturali
2777 4089 2837 4143 et
2869 4084 3021 4143 chri-

414 4188 453 4239 1.
481 4206 536 4240 n.
564 4193 686 4242 251.
739 4187 821 4240 Cf.
862 4186 1019 4240 Rich.
1065 4187 1261 4240 Simon
1289 4185 1434 4239 Hist.
1463 4185 1586 4240 crit.
1614 4185 1692 4239 du
1749 4176 1939 4234 stiana
1969 4170 2260 4259 (Venetiis
2297 4187 2322 4238 1
2341 4171 2511 4256 536).
2561 4175 2726 4234 Vixit
2754 4173 2943 4232 adhuc
2974 4192 3023 4230 a.

412 4258 479 4311 v.
511 4258 570 4312 T.
598 4259 665 4322 11,
692 4264 791 4314 20:
818 4258 914 4322 111,
941 4263 1008 4314 12
1039 4276 1096 4327 p.
1120 4263 1257 4315 419:
1288 4256 1429 4310 Hist.
1451 4256 1694 4314 ariades
1757 4275 1831 4327 15
1843 4265 2293 4328 33.-Tertius
2326 4265 2498 4340 isque
2524 4263 2776 4340 insignis
2808 4282 2851 4321 s.
2873 4263 3025 4321 'rho-

413 4333 713 4455 (ὧέῗζὲξίηιὲ
737 4330 948 4454 gaal&
972 4329 1032 4384 T·
1069 4347 1113 4452 ἓ·
1140 4334 1208 4385 37
1250 4347 1303 4398 P·
1332 4332 1434 4384 537
1462 4345 1550 4392 ἘΜ
1591 4329 1693 4408 ΕΙΠῘ
1751 4374 1881 4413 mae
1923 4354 2218 4430 interpres
2264 4357 2351 4413 est
2382 4354 2422 4412 C
2442 4374 2475 4413 o
2492 4373 2531 4411 n
2547 4353 2679 4411 rad
2695 4372 2736 4411 u
2754 4371 2780 4410 s
2814 4353 2866 4410 K
2882 4371 2915 4410 o
2931 4353 3023 4409 el·
3044 4343 3056 4357 ’

955 4419 980 4454 s
1006 4417 1064 4453 re
1094 4417 1254 4454 erens
1269 4403 1437 4470 longe
1454 4416 1694 4468 aequius

412 4472 482 4524 de
534 4473 803 4540 cajetano
855 4475 1074 4531 censet:
1131 4471 1292 4525 Feret
1338 4471 1418 4524 La
1468 4472 1574 4525 fac.
1626 4470 1694 4524 de
1750 4443 1864 4502 lin
1896 4440 2138 4524 (Kouin’
2185 4462 2218 4501 ²²
2251 4438 2434 4525 colle)
2483 4442 3023 4542 0.·P1·.U1mensis‚

413 4542 609 4597 Theol.
636 4546 671 4596 a
696 4542 869 4608 Paris,
898 4542 1002 4611 Ep.
1029 4545 1178 4597 mod.
1207 4543 1248 4606 Ι,
1276 4547 1381 4599 374
1409 4559 1479 4597 ss.
1750 4535 1927 4592 natus
1963 4551 2007 4591 c.
2046 4541 2212 4594 1476
2236 4535 2419 4608 patre,
2455 4551 2560 4607 qui
2581 4549 2825 4589 munere
2858 4548 3023 4604 sepe-

488 4619 528 4683 ²)
555 4614 702 4668 Hisst·
730 4615 898 4669 00¹¹ss-
925 4615 1057 4668 trid·
1088 4614 1180 4679 VI,
1206 4619 1272 4671 17
1302 4632 1358 4668 1¹·
1385 4619 1435 4670 2·
1749 4622 1932 4681 liendi
1963 4625 2229 4680 mortuos
2260 4621 2639 4697 fungebatur.
2678 4619 3022 4676 Heidelber-

414 4683 1693 4820 11'335-1—1-{21:dSecssffffgng‘llPss'ffblpfilfigcssgg‘}
1749 4731 1859 4787 gae
1889 4710 2106 4769 studiis
2138 4728 2374 4785 operam
2405 4710 2570 4768 dedit
2601 4709 2711 4767 sub
2741 4708 3039 4783 magistro-

413 4828 532 4882 vsta
559 4828 869 4899 praemissa
894 4829 981 4882 ed,
1010 4844 1245 4898 operum
1275 4829 1527 4897 ejusdem
1549 4827 1694 4897 Lug,
1751 4801 1922 4859 Petro
1938 4800 2107 4860 Siber
2137 4799 2342 4868 sodali,
2369 4798 2589 4875 insigni
2617 4797 3028 4897 concionatore

412 4899 554 4954 duni
585 4905 742 4956 1639.
1750 4894 1811 4948 et
1840 4890 2183 4965 professore.
2248 4890 2318 4946 In
2365 4887 2626 4963 capitulo
2662 4886 2878 4960 Papiae
2925 4886 3026 4940 ha-
