3475 5364
186 407 300 459 493
814 387 866 449 S.
894 387 1204 458 Scriptura.
1231 389 1349 444 Jac.
1376 388 1447 442 de
1473 388 1654 454 Laus„
1684 387 1954 442 Albertus
1982 386 2173 458 patav.
2675 406 2798 460 494

188 580 238 632 et
280 576 611 634 Thomas
658 576 1079 651 Spermann
1112 575 1175 632 O.
1209 575 1322 645 Pr„
1356 575 1461 650 qui
1519 575 1581 633 O.
1610 575 1709 631 Pr.
1742 576 2074 643 florentine,
2121 574 2341 650 insigni
2373 574 2799 644 concionatore,

190 666 399 740 pariter
418 664 548 722 fuit
568 665 797 741 Anglus
829 671 890 723 et
921 663 1127 723 eodem
1157 664 1280 722 fere
1312 670 1461 723 tem·
1518 664 1854 740 patriarcha
1884 663 2178 740 gradensi,
2211 663 2317 738 qui
2347 668 2548 722 tamen
2578 664 2801 722 decimo

190 773 314 829 pore
358 754 594 823 floruit,
641 754 1061 813 commentaria
1091 753 1155 810 in
1188 753 1459 812 Genesim
1518 754 1729 827 quinto
1762 755 1836 812 ab
1866 755 2139 831 ingressu
2170 752 2264 810 die
2295 756 2486 811 morte
2519 753 2801 829 abreptus

191 844 358 911 (sicut
401 847 467 901 et
515 844 583 901 in
626 863 715 919 ep.
748 843 820 900 ad
859 842 1158 902 Hebraeos
1193 845 1253 901 et
1283 861 1325 902 s.
1359 842 1462 901 Ja-
1519 846 1610 901 est
1641 863 1699 901 a.-
1731 852 1920 912 1313,
1968 842 2064 900 cui
2097 842 2512 900 annotationes
2541 843 2604 900 in
2636 842 2707 900 N.
2740 842 2799 899 ¹1¹.

190 930 333 1012 eobi)
366 951 493 991 non
517 932 882 1007 prodierunt.
904 964 989 976 —-
1023 932 1463 991 Matthaeus
1518 932 1891 1000 tribuuntur,
1926 931 2304 990 Albertus
2339 931 2402 988 O.
2426 930 2480 988 S.
2502 933 2654 1008 Aug.
2681 950 2801 989 ser-

188 1023 249 1079 de
280 1022 575 1079 Rubeis
621 1022 885 1087 Ursinus,
918 1020 1221 1080 Romanus
1254 1040 1323 1079 ex
1355 1040 1461 1080 no·
1520 1021 1797 1080 monibus
1845 1040 2117 1098 magnam
2162 1020 2234 1077 N.
2279 1020 2341 1077 Τ.
2390 1023 2618 1095 partem
2661 1020 2801 1078 illu-

191 1111 467 1169 bilissima
534 1110 826 1186 prosapia,
900 1110 1217 1170 cardinalis
1280 1112 1353 1168 ab
1414 1130 1462 1169 a.
1518 1111 1749 1169 stravit.
1813 1110 2004 1168 Natus
2023 1110 2073 1167 is
2090 1114 2185 1168 est
2204 1109 2452 1178 Patavii,
2486 1113 2547 1167 et
2566 1110 2804 1183 juvenis

201 1209 588 1263 1261-1306,
624 1199 728 1275 qui
761 1199 1071 1258 duodecim
1114 1200 1464 1276 pontificum
1523 1221 1572 1259 a.
1626 1210 1702 1263 16
1757 1199 2019 1258 ordinem
2072 1202 2162 1257 est
2210 1198 2510 1273 ingressus
2559 1193 2802 1279 (1285).

196 1290 454 1348 electioni
508 1288 805 1357 interfuit,
851 1290 1127 1365 exposuit
1174 1289 1463 1364 psalmos3
1522 1288 1872 1347 Studiorum
1914 1306 2090 1347 causa
2132 1288 2348 1345 missus
2379 1285 2497 1344 fuit
2527 1287 2801 1355 Parisios,

193 1378 295 1435 Job
325 1377 660 1437 Thomas
708 1377 1100 1455 Langford
1147 1378 1210 1437 Ο.
1258 1378 1464 1437 Praed.
1521 1378 1624 1437 ubi
1671 1377 1987 1455 Aegidium
2035 1398 2069 1435 a
2114 1376 2400 1435 Columna
2447 1377 2805 1453 magistrum

197 1467 561 1535 Essexiensis,
626 1466 959 1543 theologiae
1008 1467 1216 1525 doctor
1265 1470 1465 1526 canta·
1522 1467 1798 1526 habuisse
1828 1466 2051 1535 ferunt,
2099 1465 2258 1540 quod
2291 1465 2568 1542 Ossinger
2597 1466 2661 1523 in
2692 1465 2802 1523 du-

196 1557 492 1631 brigiensis
529 1556 611 1637 (fl.
645 1574 691 1614 c.
731 1553 946 1637 1314),
990 1557 1162 1632 cujus
1195 1556 1467 1615 chronica
1522 1557 1684 1615 bium
1709 1559 1895 1615 vocat.
1945 1556 2174 1615 Laurea
2202 1554 2531 1631 theologica
2559 1555 2807 1613 obtenta

200 1645 261 1702 ab
288 1664 333 1704 o.
354 1664 400 1704 c.
420 1664 616 1720 usque
648 1645 721 1704 ad
754 1664 920 1704 suam
952 1648 1208 1704 aetatem
1241 1646 1466 1721 pariter
1524 1644 1896 1721 aliquamdiu
1947 1644 2166 1702 ibidem
2217 1662 2290 1701 sa.
2343 1643 2524 1703 libros
2586 1663 2806 1719 magna

198 1735 394 1792 mansit
407 1735 658 1793 inedita.
692 1767 781 1777 —-
811 1734 895 1792 Ex
913 1735 1215 1794 laboribus
1232 1738 1294 1792 et
1307 1753 1462 1792 com·
1522 1734 1952 1810 discipulorum
2029 1733 2366 1808 frequentia
2434 1732 2804 1808 explanavit:

202 1823 576 1897 pilationibus
607 1824 672 1882 in
703 1823 1042 1882 universam
1066 1820 1182 1882 fere
1199 1824 1465 1899 Scriptu-
1522 1824 1658 1882 dein
1708 1822 1886 1880 rediit
1913 1822 1980 1881 in
2011 1822 2283 1898 patriam,
2335 1822 2398 1879 in
2443 1842 2564 1896 qua
2608 1826 2807 1880 orator

206 1931 306 1969 ram
322 1912 359 1970 J
373 1932 406 1970 a
420 1930 451 1970 c
467 1932 502 1971 o
522 1912 598 1970 bi
645 1913 718 1971 de
734 1913 779 1972 L
794 1932 828 1970 a
842 1933 885 1971 n
901 1932 928 1972 s
948 1934 1037 1972 an
1054 1933 1088 1971 a
1106 1908 1467 1994 (Lausanne)
1521 1913 1773 1971 maxime
1788 1912 2088 1979 inclaruit,
2108 1911 2280 1970 itaut
2294 1910 2633 1969 Bonifacius
2651 1910 2804 1969 VIII.

206 2000 533 2060 inHelvetia
549 2002 617 2061 O.
635 2001 856 2071 Praed.‚
891 2002 1266 2078 provincialis
1281 2002 1466 2061 Fran·
1524 2020 1658 2061 eum
1690 2001 1889 2059 videre
1922 2004 1985 2058 et
2014 2019 2149 2059 cum
2200 1999 2586 2058 cardinalium
2636 2000 2806 2059 colle-

209 2090 325 2157 ciae‚
382 2092 487 2165 qni
538 2092 782 2149 Parisiis
843 2110 914 2148 sa.
977 2091 1183 2150 literas
1231 2094 1293 2149 et
1341 2111 1466 2150 ma·
1523 2092 1620 2167 gio
1656 2090 1859 2148 audire
1891 2090 2168 2153 voluerit.
2213 2089 2423 2148 Postea
2446 2089 2696 2147 Parisios
2715 2109 2804 2146 re-

209 2179 428 2253 gistrum
462 2181 901 2239 sententiarum
929 2181 1360 2256 interpretatus
1380 2182 1469 2238 est
1521 2198 1727 2238 versus
1757 2180 2110 2256 magistrum
2143 2178 2574 2237 sententiarum
2609 2178 2807 2254 expla-

212 2264 260 2341 (†
292 2267 489 2345 1321).
539 2269 919 2328 concinnavit
966 2289 1294 2345 anonymus
1325 2288 1469 2344 opus
1523 2269 1706 2328 navit.
1773 2268 2031 2327 Decessit
2059 2268 2123 2325 in
2168 2268 2367 2343 patria
2411 2286 2516 2325 sua
2550 2287 2599 2325 a.
2641 2276 2802 2330 1323

211 2359 579 2416 moralitatum
612 2404 624 2415 .
651 2403 700 2414 ..
736 2359 962 2416 cunctis
998 2359 1161 2417 verbi
1194 2359 1295 2417 Dei
1328 2377 1467 2417 con·
1524 2358 1872 2438 (secundum
1917 2357 2062 2416 alios
2102 2356 2295 2435 1328)
2340 2356 2498 2415 tanti
2545 2377 2580 2415 a
2616 2357 2805 2414 conci-

217 2446 583 2505 cionatoribus
615 2467 722 2523 pro
755 2447 1153 2506 declamandis
1185 2448 1467 2507 sermoni-
1523 2445 1698 2506 vibus
1729 2447 1804 2506 ob
1837 2446 2234 2521 eloquentiam
2265 2445 2475 2515 factuS,
2510 2450 2581 2504 ut
2608 2445 2661 2503 ei
2681 2464 2806 2503 ere-

216 2533 616 2610 busperquam
637 2538 891 2595 maxime
923 2538 1319 2596 necessarium
1339 2541 1466 2606 etc,
1524 2536 1719 2595 xerint
1767 2536 1831 2593 in
1880 2535 2162 2611 patavino
2217 2535 2483 2610 palatino
2546 2538 2809 2593 statuam

220 2622 500 2685 Lemovicis
544 2635 713 2690 1528
740 2625 804 2684 in
838 2634 891 2690 8.
955 2626 1276 2703 Excerptae
1306 2627 1369 2685 in
1401 2645 1468 2686 eo
1525 2643 1909 2685 marmoream
1960 2624 2182 2702 insigni
2228 2623 2587 2682 illustratam
2636 2641 2808 2684 enco-

221 2713 534 2773 exhibentur
564 2716 933 2775 moralitates
954 2735 1134 2792 super
1155 2717 1469 2775 Pentateu-
1526 2716 1658 2773 mi0.
1710 2717 1763 2773 A
1783 2715 2085 2773 nonnullis
2107 2715 2301 2773 dictus
2321 2717 2413 2772 est
2434 2752 2461 2780 ,
2476 2713 2810 2772 studiorum

226 2801 382 2870 chum,
411 2805 445 2860 l.
475 2804 511 2862 J
517 2806 595 2864 ob
627 2808 688 2863 et
719 2824 898 2881 super
929 2805 1193 2880 quinque
1224 2805 1283 2862 ll.
1314 2806 1468 2881 sapi·
1525 2805 1801 2863 columna
1834 2822 1900 2862 ac
1933 2821 2202 2862 summus
2248 2803 2610 2878 reipublicae
2657 2803 2808 2862 chri-

226 2891 449 2960 canales,
501 2913 683 2969 super
714 2894 931 2953 Isaiam
963 2896 1024 2952 et
1055 2894 1469 2970 Apocalypsim
1525 2894 1753 2952 stianae
1785 2892 2123 2968 splendor‚‘
2157 2897 2219 2950 et
2250 2892 2326 2950 ob
2358 2892 2811 2950 sanctimoniam

230 2996 283 3034 cx
314 2980 459 3040 illius
502 2983 781 3058 postillis.
843 2983 987 3058 Ejus
1034 3001 1323 3042 sermones
1368 2985 1468 3042 do·
1525 2982 1886 3059 singularem
1908 2981 2068 3041 beati
2086 2982 2326 3041 nomine
2346 2981 2673 3044 decoratus,
2724 2981 2809 3039 Ex

232 3070 479 3129 amantes
509 3080 560 3130 et
589 3073 888 3145 festivales
935 3091 1040 3148 per
1083 3075 1281 3131 totum
1330 3073 1470 3131 anni
1526 3074 1654 3148 ejus
1704 3071 2001 3147 operibuS,
2054 3089 2309 3147 quorum
2360 3070 2538 3146 plura
2580 3088 2810 3128 manse-

234 3155 468 3217 circulum
486 3161 863 3236 prodierunt,
892 3162 1130 3220 Parisiis
1156 3171 1343 3231 1530,
1366 3163 1471 3236 qui
1525 3164 1671 3220 runt
1700 3160 1942 3230 inedita,
1976 3163 2049 3218 ut
2081 3160 2365 3235 expositio
2396 3160 2460 3217 in
2490 3161 2807 3218 Pentateu-

241 3246 390 3304 tamen
431 3250 709 3308 videntur
739 3269 807 3308 ex
842 3269 943 3309 ore
974 3250 1222 3309 dicentis
1256 3252 1330 3309 ab
1364 3251 1469 3309 ali·
1526 3251 1718 3317 chum,
1753 3249 1809 3306 IL
1853 3260 1928 3311 14
1964 3249 2029 3306 in
2065 3268 2266 3308 omnes
2297 3249 2350 3306 d.
2387 3249 2557 3307 Pauli
2587 3249 2810 3324 episto-

237 3351 321 3404 quo
346 3338 601 3398 auditore
641 3340 949 3414 reportati,
1000 3340 1074 3397 ab
1107 3343 1347 3399 auctore
1379 3340 1470 3398 ul·
1525 3340 1629 3409 lae,
1662 3339 1726 3396 in
1759 3339 2114 3415 magistrum
2163 3337 2615 3406 sententiarum,
2667 3338 2704 3394 1.
2738 3337 2811 3396 de

237 3421 348 3480 tima
373 3445 543 3485 manu
576 3449 698 3488 non
730 3428 935 3486 limati.
988 3429 1102 3487 Eos
1121 3447 1378 3505 nugaces
1411 3433 1472 3488 et
1527 3428 1778 3486 veritate
1819 3428 2173 3486 christianae
2220 3426 2521 3503 religionis
2553 3431 2681 3495 etc.‚
2714 3426 2808 3484 lu·

236 3513 443 3581 pueriles
460 3521 630 3577 vocat
649 3517 848 3576 Oudin
862 3516 968 3586 111,
995 3527 1133 3581 739.
1168 3519 1467 3577 Commen·
1527 3536 1649 3575 cem
1681 3520 2037 3591 aspexerunt
2081 3516 2241 3574 Libri
2283 3519 2542 3590 quatuor
2571 3517 2633 3572 in
2664 3534 2809 3591 qua-

239 3600 356 3658 taria
394 3604 453 3661 in
494 3608 700 3680 plures
747 3607 809 3669 ll.
855 3626 898 3664 s.
947 3606 1285 3682 Scripturas
1336 3608 1470 3666 reli·
1526 3614 1660 3664 tuor
1707 3603 2043 3682 Evanqelia,
2096 3604 2357 3664 Venetiis
2414 3614 2580 3667 1476
2633 3605 2697 3661 in
2734 3604 2806 3672 f.;

240 3688 391 3759 quisse
408 3693 605 3765 fertur,
632 3713 865 3754 necnon
884 3696 949 3753 in
965 3696 1317 3772 magistrum
1339 3715 1470 3754 sen·
1527 3695 1809 3770 expositio
1829 3697 1891 3753 in
1910 3695 2197 3770 evanyelia
2221 3695 2592 3751 dominicalia
2623 3693 2809 3750 totius

244 3779 523 3853 tenuatum,
556 3803 713 3861 qnae
738 3789 1090 3843 manserunt
1108 3785 1349 3844 inedita.
1383 3819 1469 3827 ———
1529 3784 1667 3842 anni
1683 3789 1744 3841 et
1765 3784 2098 3859 aliquarum
2116 3777 2579 3850 solemnitatum,
2607 3781 2809 3840 Ulmae

244 3861 579 3946 Hieronymus
637 3874 974 3932 Michael
1037 3874 1471 3934 Carmellus
1533 3884 1733 3942 148ος
1786 3873 2029 3931 Taurini
2069 3881 2265 3940 1529;
2329 3871 2571 3930 Parisiis
2613 3881 2809 3940 1544ς

246 3949 293 4007 0·
317 3954 361 4011 b.
388 3959 452 4016 M.
481 3963 547 4021 de
580 3964 759 4022 Mero.
795 3962 1051 4038 piissime
1083 3964 1318 4039 scripsit
1332 3960 1375 4041 ¹)
1409 3964 1472 4020 in
1536 3972 1697 4026 15:30
1734 3964 1798 4019 in
1834 3971 1903 4032 83
1937 3980 2225 4020 sermones
2252 3961 2808 4040 quadraqesimales,

247 4038 438 4106 Cantica
471 4054 828 4112 canticorum
862 4051 943 4131 (fl.
983 4052 1189 4130 1322).
1225 4087 1310 4097 -
1344 4052 1469 4111 Ro·
1528 4051 1786 4110 Venet-iis
1845 4060 2043 4120 1523;
2104 4059 2298 4116 1584;
2351 4051 2419 4108 de
2467 4049 2685 4110 sanctis
2733 4049 2808 4107 ib.

245 4126 466 4196 bertus
510 4142 570 4199 Ο.
624 4142 706 4203 ci.
761 4141 943 4200 abbas
992 4142 1467 4217 pontiniacensis,
1532 4150 1733 4208 15s4;
1780 4158 2066 4199 sermones
2113 4142 2174 4197 in
2223 4140 2373 4212 festa
2405 4141 2726 4198 nativitatis
2758 4145 2809 4196 et

249 4214 351 4278 dein
390 4230 743 4305 praepositus
796 4230 1088 4306 generalis
1136 4231 1325 4290 totius
1375 4250 1470 4289 or·
1517 4230 1955 4303 purificationis
2000 4229 2047 4287 b.
2099 4228 2162 4285 V.
2210 4229 2273 4286 in
2305 4229 2662 4287 bibliotheca
2695 4228 2810 4285 vir-

250 4302 381 4378 dinis,
405 4314 624 4378 demum
658 4319 970 4378 cardinalis
991 4317 1051 4400 (†
1079 4317 1273 4400 1305)
1306 4319 1469 4378 Psal-
1526 4320 1699 4396 ginea
1747 4318 1908 4376 Petri
1958 4318 2029 4375 de
2079 4318 2229 4376 Alva
2291 4322 2350 4375 et
2399 4319 2653 4393 Astorga
2702 4323 2809 4374 etc.

254 4409 348 4453 ¹³⁰8
370 4400 678 4468 illustrasse
709 4408 983 4467 traditur.

1606 4531 1640 4589 ¹)
1672 4524 1733 4575 ln
1789 4524 1894 4576 hoc
1950 4522 2322 4592 Evangelium
2375 4522 2602 4591 scripsit
2651 4523 2698 4573 G
2719 4520 2812 4574 ui-

327 4582 439 4640 257.
492 4585 904 4645 Praetermisso
957 4587 1196 4644 Paulo
1248 4586 1469 4645 Gual-
1528 4596 1596 4648 [e
1618 4595 1711 4646 lm
1734 4611 1814 4646 us
1841 4593 2281 4662 Lidlington
2310 4593 2812 4662 O.Carm.anglus‚

262 4653 452 4737 (lucei,
505 4674 571 4733 de
625 4675 1007 4733 pilastrig
1059 4676 1471 4751 cognominato
1528 4667 1724 4719 doctor
1752 4664 2077 4718 oxoniensis
2123 4670 2170 4732 (†
2197 4682 2242 4718 c.
2270 4669 2448 4730 1310),
2490 4681 2652 4733 quus
2694 4663 2814 4715 alia

270 4794 377 4808 Ἃ
1527 4752 1758 4805 quoque
1785 4753 1956 4806 opera
1983 4736 2243 4806 (inedita)
2290 4736 2617 4789 laudantur.
2671 4733 2811 4787 Cum

382 4807 509 4821 m*
1525 4809 1632 4862 hoc
1678 4807 1831 4860 idem
1884 4807 2114 4860 videtur
2176 4805 2496 4861 Guilelmus
2548 4805 2813 4858 Lundt-

324 4870 350 4934 ¹)
370 4868 435 4927 Cf.
456 4875 565 4935 Nic.
594 4881 880 4935 Antonius
908 4879 1051 4936 Bibl.
1080 4879 1226 4950 hisp.
1256 4898 1308 4935 v,
1335 4879 1374 4932 l.
1399 4881 1471 4934 lX
1510 4879 1736 4933 'linch
1754 4882 1825 4933 to
1843 4897 1895 4942 n,
1940 4879 2039 4947 qui
2081 4883 2271 4930 tamen
2314 4878 2523 4930 dicitur
2549 4877 2720 4930 fuisse
2749 4875 2811 4927 O.

273 4940 347 4990 ‘⁴²4
365 4956 406 4997 1¹·
429 4951 525 5005 197.
678 5001 688 5013 ,
1044 4985 1048 4990 -
1529 4950 1718 5005 Carth.
1747 4952 1805 5003 et
1831 4949 2035 5004 obiisse
2062 4966 2112 5002 a.
2141 4954 2298 5005 1109.
