3475 5364
522 336 684 391 1395
792 325 1162 378 1541—1563.
1191 320 1499 390 Theologia
1525 320 1822 391 polemico..
1850 321 2264 387 Arcimboldus,
2293 322 2514 393 Sangri,
2542 323 2611 377 de
2638 322 2851 388 Castro,

516 507 728 565 Christi
762 525 937 566 causa
954 527 1180 584 proque
1201 508 1458 567 Ecclesia
1490 508 1790 578 catholica,

516 615 768 672 quorum
804 596 1015 673 ingens
1048 596 1219 673 plane
1251 602 1341 656 est
1360 616 1659 656 numerus
1691 599 1791 656 In·

517 686 802 760 cipiamus
821 687 893 744 ab
915 686 1007 756 iis,
1042 686 1148 761 qui
1181 687 1610 746 haereticorum
1632 690 1792 747 cata·

514 775 681 851 logos
742 778 1076 834 texuerunt.
1138 775 1396 835 Joannes
1447 777 1793 853 Angelus

516 866 565 921 A
582 884 611 921 1·
627 882 657 922 c
674 864 693 921 i
710 883 769 921 m
786 864 823 921 b
841 865 910 922 ol
934 864 965 920 d
985 883 1025 922 u
1044 883 1069 923 s
1087 862 1132 943 ¹)
1155 866 1370 923 nobilis
1390 867 1791 926 Mediolanen-

517 953 616 1021 sis,
682 954 1037 1028 apostolicus
1100 956 1544 1028 protonotarius
1591 959 1652 1015 et
1700 974 1790 1013 re·

514 1042 882 1101 ferendarius
916 1047 974 1101 et
1005 1062 1039 1100 a
1068 1043 1259 1102 Leone
1279 1043 1344 1101 X.
1379 1045 1598 1103 missus
1632 1045 1790 1120 lega·

514 1136 614 1189 tus
675 1131 739 1189 in
790 1132 1155 1190 Germaniam
1208 1133 1476 1208 aliasque
1526 1134 1794 1210 regiones

516 1221 1029 1295 septemtrionales
1080 1220 1152 1279 ad
1197 1223 1652 1300 promulgandas
1697 1222 1791 1280 in-

515 1308 852 1382 dulgentias
902 1315 963 1368 et
1011 1311 1073 1368 in
1109 1311 1373 1369 Sueciam
1417 1332 1523 1389 pro
1557 1330 1794 1388 compo-

514 1398 713 1456 nenda
789 1418 946 1474 pace,
1040 1400 1351 1476 episcopus
1426 1401 1793 1460 novariensis

516 1484 762 1568 (1525),
824 1486 961 1546 dein
1023 1508 1070 1545 a.
1143 1499 1305 1551 1550
1372 1511 1406 1549 a
1466 1491 1628 1550 Julio
1689 1491 1793 1548 111.

515 1576 841 1635 translatus
876 1578 947 1635 ad
968 1577 1537 1656 archiepiscopatum
1571 1581 1793 1639 medio-

517 1667 817 1724 lanensem
849 1666 1162 1742 dictusque
1198 1689 1232 1727 a
1263 1669 1467 1727 Carolo
1501 1669 1566 1728 V.
1603 1688 1646 1727 s.
1679 1669 1792 1727 im-

515 1755 663 1830 perii
696 1757 968 1830 princeps
1002 1753 1064 1835 (†
1099 1767 1153 1819 6.
1187 1759 1326 1833 Apr.
1368 1754 1582 1837 1555),
1616 1759 1792 1818 colle·

515 1845 602 1921 git
640 1844 974 1922 Cataloyum
1006 1847 1439 1922 haereticorum,
1476 1847 1794 1906 Mediolani

522 1945 547 1995 1
566 1943 710 2002 554,
734 1953 907 2008 quem
931 1934 1090 2010 Eggs
1128 1936 1190 1992 in
1209 1937 1480 2011 Purpura
1509 1936 1679 1995 docta
1697 1938 1732 1993 l.
1757 1947 1790 1999 3

515 2043 569 2081 n.
593 2032 672 2084 44
692 2022 908 2081 tribuit
955 2024 992 2081 J
1010 2042 1043 2081 o
1061 2044 1145 2081 an
1165 2025 1241 2082 ni
1274 2025 1345 2083 de
1380 2026 1791 2095 ArcimboldiS,

516 2112 796 2170 cardinali
828 2115 888 2171 et
919 2114 1350 2189 archiepiscopo
1369 2114 1793 2173 mediolanensi

516 2198 576 2281 (†
612 2210 665 2262 2.
701 2202 823 2259 Oct.
869 2198 1060 2285 1491)
1105 2206 1165 2260 et
1210 2204 1563 2278 impressum
1613 2204 1795 2262 refert

526 2301 707 2353 1514.
756 2326 839 2333 ——
886 2292 1369 2351 Benedictus
1421 2292 1494 2350 de
1526 2294 1792 2351 Castro

519 2382 553 2437 S
575 2381 799 2456 augri
851 2380 1005 2438 OSB.
1060 2381 1390 2439 Casinensis
1440 2382 1678 2457 scripsit
1726 2384 1794 2439 de

516 2470 841 2527 haeresibus
872 2477 921 2526 et
950 2470 1373 2529 haeresiarchis
1405 2472 1552 2528 alias
1588 2472 1701 2529 rite
1734 2475 1793 2528 et

516 2562 671 2617 recte
704 2559 994 2617 damnatis
1045 2564 1104 2616 et·
1134 2560 1464 2634 reprobatis
1500 2579 1544 2618 s,
1578 2561 1617 2621 1.
1652 2581 1697 2617 a.
1733 2563 1794 2618 et

518 2668 571 2706 n.
605 2647 962 2725 typographi
1000 2645 1291 2730 (Venetiis
1332 2645 1557 2728 1554);
1620 2652 1692 2708 tr.
1726 2651 1795 2707 de

517 2741 775 2795 censuris
824 2739 1229 2813 ecclesiasticis,
1282 2738 1548 2797 Venetiis
1607 2749 1792 2802 1542.

519 2862 601 2870 —-
637 2827 991 2901 Praeprimis
1046 2828 1110 2885 in
1144 2828 1249 2884 hoc
1280 2831 1627 2902 argumento
1660 2847 1792 2886 ver-

518 2921 681 2973 satus
717 2920 808 2973 est
842 2916 1285 2989 Alphonsus
1319 2916 1390 2974 de
1425 2917 1692 2975 Castro
1728 2918 1790 2975 Ο.

517 3005 656 3062 Min.
692 3024 810 3080 reg.
846 3005 963 3061 obs.
1003 3005 1385 3076 ZamorensiS,
1438 3006 1529 3063 vir
1560 3009 1792 3081 aposto-

516 3095 660 3152 licae
692 3093 865 3156 vitae,
900 3093 1193 3168 professor
1236 3095 1571 3170 theologiae
1604 3115 1653 3156 a.
1692 3105 1791 3164 30,

516 3183 893 3240 concionator
937 3183 1353 3241 celeberrimus
1400 3204 1506 3259 per
1554 3185 1792 3242 univer-

518 3291 640 3329 sam
704 3271 1048 3346 Hispaniam
1099 3292 1146 3329 a.
1197 3282 1297 3339 43,
1364 3273 1468 3346 qui
1517 3273 1795 3331 interfuit

515 3362 824 3438 theologus
842 3361 1088 3420 concilio
1102 3361 1431 3421 tridentino
1444 3359 1514 3442 2).
1533 3363 1794 3421 Decessit

515 3451 863 3527 designatus
915 3451 1391 3526 archiepiscopus
1442 3452 1791 3528 compostel-

516 3541 687 3598 lanus
741 3552 766 3602 1
793 3552 835 3601 1.
871 3540 1034 3598 Febr.
1083 3560 1131 3599 a.
1198 3550 1375 3602 1558.
1439 3541 1794 3617 compilavit

515 3630 719 3689 ordine
752 3629 1122 3705 alphabetico
1144 3631 1417 3687 adversus
1448 3650 1639 3689 omnes
1658 3632 1787 3688 Ime-

516 3740 663 3778 reses
711 3720 771 3776 ll.
833 3729 927 3788 14,
1008 3719 1251 3777 Parisiis
1324 3729 1521 3790 15343
1591 3730 1790 3788 1543;

513 3809 790 3886 Lugduni
863 3819 1059 3874 1546;
1133 3819 1294 3871 1555
1362 3813 1422 3867 et
1484 3810 1658 3876 alibi3
1723 3828 1791 3866 ex

514 3899 693 3957 tertia
712 3899 969 3956 auctoris
993 3899 1394 3974 recognitione
1424 3909 1443 3959 1
1467 3908 1617 3968 556;
1641 3900 1792 3956 Ant-

514 3988 750 4062 verpiae
795 3997 987 4054 1565ς
1048 3997 1249 4050 1563;
1303 4006 1432 4044 cum
1470 3988 1792 4062 appendice

516 4078 714 4134 Franc.
780 4075 1294 4133 Feuardentii
1345 4073 1442 4157 (cf.
1495 4078 1792 4135 Nomencl.

594 4326 629 4374 1)
660 4317 819 4369 Alius
848 4318 917 4369 ab
962 4333 1025 4369 co
1067 4319 1151 4368 est
1193 4317 1607 4369 Antoncllu
1631 4336 1653 4370 s
1696 4320 1794 4369 Ar-

516 4389 831 4443 cimboldus
878 4388 1325 4450 Mecliolanensis,
1369 4391 1595 4441 senator
1634 4392 1690 4441 ct
1730 4393 1797 4442 ut

518 4462 741 4514 videtur
762 4459 1183 4529 protonotarius
1202 4459 1545 4528 apostolicus
1560 4472 1603 4530 4†
1620 4466 1637 4515 1
1652 4465 1756 4516 558
1781 4504 1791 4524 ,

2960 341 3134 394 1396

1848 509 1928 577 12,
1973 505 2120 589 157)
2158 508 2221 566 in
2256 518 2290 572 3
2329 508 2386 567 ll.
2420 509 2764 581 distributo,
2798 509 3018 586 quibus
3044 520 3129 571 40

1849 599 2112 656 haereses
2159 599 2254 656 vel
2299 600 2748 675 praetermissae
2801 599 2892 657 vel
2943 616 3133 658 novae

1848 686 2219 755 refelluntur,
2271 691 2333 746 et
2377 707 2511 746 cum
2561 687 2692 747 aliis
2725 687 2990 764 ejusdem
3024 688 3124 745 Al-

1848 776 2059 850 phonsi
2090 777 2367 851 operibus
2400 777 2835 851 Parisiis-1578
2869 781 2910 833 t..
2938 786 2969 838 2
2997 779 3130 847 etc.,

1850 870 2091 940 propter
2135 866 2290 940 quod
2341 885 2491 941 opus
2526 867 2724 924 dictus
2757 871 2848 924 est
2900 869 3125 940 ‚potens

1849 954 2278 1013 haereticorum
2288 955 2607 1032 flagellum,
2629 954 3127 1013 haeresiomnstix‘

1848 1047 1956 1099 etc.
1992 1044 2126 1101 Alia
2157 1044 2423 1119 ejusdem
2455 1063 2635 1120 opera
2655 1049 2828 1102 sunt:
2866 1044 2952 1101 De
2957 1043 3129 1118 justa

1847 1133 2262 1191 haereticorum
2295 1135 2599 1208 punitione
2630 1134 2682 1191 lt.
2718 1135 2776 1203 3,
2812 1132 3126 1190 Salmanti-

1850 1240 1950 1279 cae
1993 1232 2152 1284 1547
2189 1223 2251 1280 in
2283 1222 2354 1293 f.;
2409 1223 2770 1298 Antverpiae
2814 1230 3009 1291 15683
3060 1222 3134 1278 de

1841 1318 2117 1383 potestate
2148 1313 2282 1388 leqe's
2302 1311 2572 1385 poenalis
2601 1312 2662 1369 ll.
2701 1321 2755 1381 2,
2807 1311 3126 1369 Salmanti-

1850 1419 1948 1459 cae
1987 1410 2167 1471 1550,
2217 1401 2460 1458 Parisiis
2501 1410 2700 1470 1571;
2764 1410 2945 1469 1578,
2978 1417 3128 1473 quo·

1851 1509 1983 1547 rum
2010 1502 2057 1552 1.
2075 1491 2290 1564 probat
2311 1509 2408 1549 eos
2431 1489 2606 1548 falsos
2626 1508 2772 1559 esse,
2791 1489 2895 1564 qui
2909 1488 3130 1557 dicant,

1849 1579 2078 1636 nullam
2111 1580 2298 1655 legem
2351 1580 2657 1654 poenalem
2690 1579 2954 1655 obligare
2988 1577 3128 1635 sub-

1849 1667 2110 1725 ditorum
2142 1668 2562 1726 conscientiam
2584 1668 2657 1725 ad
2678 1668 2937 1743 culpam,
2958 1685 3125 1740 prae-

1851 1757 2055 1814 sertim
2093 1757 2358 1827 letalem3
2400 1758 2464 1815 in
2484 1758 2690 1826 altem,
2725 1774 2824 1815 eos
2856 1755 3135 1814 similiter

1849 1865 1882 1903 a
1912 1864 2053 1903 vero
2088 1864 2300 1916 errare,
2335 1846 2439 1921 qni
2473 1846 2673 1904 dicant
2701 1846 2893 1922 legem
2913 1863 3128 1919 poena-

1851 1936 1963 1992 lem
1985 1953 2286 2009 nunquam
2310 1935 2434 1993 sine
2445 1934 2834 1994 declaratione
2851 1937 2957 1992 aut
2970 1933 3132 1992 facto

1843 2022 2063 2095 judicis
2098 2023 2365 2101 obligare
2399 2024 2472 2083 ad
2503 2043 2748 2100 poenam
2782 2044 2795 2094 ς
2829 2025 2891 2080 in
2911 2022 3002 2083 Ps.
3023 2026 3126 2080 50.

1853 2113 2122 2171 homiliae
2158 2123 2257 2184 25,
2324 2114 2707 2172 Salmanticae
2757 2122 2920 2174 1537
2958 2112 3020 2169 in
3057 2120 3132 2181 ὃς

1853 2205 1911 2260 in
1935 2202 2027 2260 Ps.
2052 2204 2151 2263 31.
2187 2202 2463 2261 homiliae
2489 2202 2916 2271 24.ib.1540;
2963 2209 3122 2262 1568

1849 2292 1911 2349 in
1949 2302 2015 2361 8;
2069 2292 2490 2350 commentaria
2536 2293 2598 2348 in
2644 2290 2781 2349 XII
2811 2290 3136 2364 prophetas

1851 2383 2116 2455 minores,
2171 2381 2488 2455 Majenciae
2543 2390 2706 2442 1617
2777 2376 3132 2459 (secundum

1853 2471 1942 2526 Du
1977 2470 2137 2547 Pin);
2171 2472 2240 2527 de
2271 2472 2564 2527 validitate
2587 2470 2947 2527 matrimonii
2970 2467 3126 2525 Hen-

1850 2561 1960 2616 rici
1991 2558 2146 2617 VIII.
2181 2563 2291 2620 etc.
2339 2559 2528 2633 Opera
2561 2558 2801 2617 collecta
2834 2556 3126 2634 gradatim

1850 2648 2200 2724 prodierunt
2233 2647 2481 2707 Parisiis
2526 2656 2866 2711 1571-ῗὸ
2903 2651 2943 2704 t.
2983 2657 3035 2708 4.

1945 2836 2085 2888 645.
2138 2825 2438 2884 Adversus
2493 2821 2962 2905 reformatoresl)
3016 2843 3130 2883 sec.

1851 2915 2017 2985 XVI„
2097 2915 2465 2974 Lutheranos
2526 2915 2586 2972 in
2651 2913 2880 2990 primia,
2960 2913 3132 2972 stetit

1848 3004 2111 3062 Joannes
2145 3004 2444 3073 EckiuS‚
2494 3003 2917 3079 polemicorum
2965 3003 3132 3060 theo-

1851 3094 2122 3169 logorum
2201 3094 2586 3169 coryphaeus,
2687 3093 3131 3162 ‚catholicorum

1853 3182 2128 3241 Achilles‘
2165 3202 2200 3241 a
2231 3182 2382 3241 card.
2434 3183 2618 3240 Pole
2665 3182 2874 3240 dictus.
2939 3181 3134 3239 Natus

1850 3272 1899 3329 is
1933 3275 2022 3329 est
2054 3272 2116 3329 in
2151 3272 2366 3348 oppido
2398 3272 2518 3329 Eek
2566 3271 2814 3330 Sueviae
2857 3279 2947 3332 13.
2984 3270 3129 3327 Nov.

1926 3463 1964 3529 Ι)
1992 3458 2034 3510 P
2051 3476 2079 3512 e
2097 3462 2121 3512 t
2137 3478 2162 3511 r
2179 3477 2215 3511 u
2235 3477 2258 3512 s
2310 3458 2349 3512 C
2367 3476 2399 3513 o
2419 3463 2576 3512 stus
2634 3457 2866 3526 collegit
2928 3462 3129 3525 'lypum

1849 3535 2072 3585 Messian
2112 3541 2156 3586 et
2185 3535 2390 3585 Christi
2427 3548 2491 3582 ex
2532 3534 2789 3583 veterum
2833 3530 3131 3599 propheta·

1848 3620 1970 3656 rum
2011 3603 2504 3670 praesensionibus
2546 3607 2740 3655 contra
2780 3601 3133 3654 Judaeorum

1849 3675 2176 3742 perfidiam:
2218 3674 2437 3726 accedit
2475 3673 2722 3741 'l'argum
2766 3672 3048 3727 Koheleth
3073 3671 3129 3726 h.

1849 3762 1894 3798 e.
1923 3746 2214 3797 chaldaica
2257 3745 2620 3814 paraphrasis
2665 3743 3016 3797 lsscclesiastis
3055 3742 3132 3795 la·

1849 3817 1966 3869 tine
2015 3834 2188 3881 versa,
2232 3816 2501 3880 Lugduni
2531 3821 2667 3871 1551
2708 3816 2766 3867 in
2793 3820 2845 3870 4.
2871 3849 2935 3855 -—
2969 3814 3134 3867 Nico·

1849 3887 1975 3940 laus
2027 3889 2148 3941 Cle
2172 3908 2199 3938 n
2223 3888 2446 3940 ardus
2498 3889 2867 3955 (Cleynaertsl
2923 3885 3133 3938 Dieste·

1849 3960 1996 4012 iuius
2012 3960 2340 4028 linguarum
2359 3976 2590 4026 graecae
2607 3965 2662 4012 et
2679 3959 2971 4011 hebraicae
2990 3957 3134 4026 peri·

1851 4033 1942 4083 tus
1970 4033 2026 4084 et
2054 4030 2290 4084 Lovanii
2313 4033 2609 4098 professor,
2646 4030 2745 4097 qui
2775 4031 2948 4095 longa
2973 4027 3133 4081 insti-

1848 4102 1963 4155 tuit
1988 4102 2209 4166 itinera„
2240 4105 2303 4154 ut
2324 4103 2381 4153 ct
2397 4101 2654 4168 linguam
2679 4101 2993 4152 addisceret
3013 4117 3130 4152 ara—

1849 4173 2047 4227 bicam.
2091 4175 2238 4226 Hinc
2267 4173 2324 4226 in
2355 4172 2603 4224 Africam
2633 4173 2854 4240 trajecit
2887 4171 3134 4224 Fessam·

1852 4262 1961 4312 quc
1992 4244 2152 4297 venit
2177 4247 2373 4314 (15401.
2403 4243 2540 4297 Cutn
2566 4261 2697 4298 vero
2721 4250 2944 4313 gentem
2975 4242 3134 4295 illam

1851 4317 2193 4369 christianae
2223 4315 2353 4368 fidei
2381 4316 2660 4368 niteretur
2699 4314 2954 4368 imbuere
2981 4313 3134 4366 rudi·

1853 4388 2074 4450 mentis,
2128 4388 2391 4441 omnibus
2429 4387 2706 4456 spoliatus
2753 4386 2916 4439 libris
2965 4401 3133 4453 aegre

1851 4459 2025 4511 vitam
2055 4459 2300 4512 servavit
2325 4463 2497 4526 atque
2515 4459 2572 4510 in
2597 4457 2926 4526 Hispaniam
2951 4457 3134 4510 redire

516 4534 612 4601 qni
667 4532 891 4598 aliquot
954 4537 1179 4600 patrum
1242 4548 1569 4598 graecorum
1624 4532 1796 4585 vertit
1850 4535 1935 4583 est
1961 4535 2206 4595 coactus,
2237 4531 2333 4584 ubi
2364 4531 2602 4582 decessit
2628 4547 2676 4581 a.
2708 4535 2861 4585 1542.
2907 4528 3136 4581 Praeter

516 4604 806 4674 opuscul-1,
822 4619 967 4669 quae
984 4603 1318 4672 prodierunt
1334 4603 1640 4656 Mediolani
1656 4609 1793 4659 1569
1850 4604 2249 4671 grammaticas
2263 4603 2544 4655 variarum
2556 4601 2885 4669 linguarum
2899 4598 3137 4666 reliquit

515 4685 571 4730 ct
599 4680 751 4733 1573.

1851 4678 2234 4740 Epistolarum,
2255 4672 2779 4742 peregrinationum
2798 4690 2859 4724 ac
2881 4672 2949 4724 (le
2966 4672 3142 4724 rebus

590 4758 625 4812 ⁴³)
657 4749 738 4801 Cf.
783 4746 945 4800 Joan.
986 4763 1017 4796 a
1059 4764 1099 4801 s,
1139 4746 1391 4799 Antonio
1443 4745 1577 4800 bibl.
1617 4746 1791 4798 franc.
1851 4745 2240 4799 mahometicis
2272 4746 2327 4799 ll.
2355 4739 2414 4806 ’ἐξ
2434 4761 2576 4812 quas
2604 4743 2783 4796 edidit
2825 4743 2941 4795 Jac.
2969 4741 3131 4796 Lato·

520 4821 658 4881 l‚40,
688 4819 954 4871 Nicolaitis
979 4818 1262 4870 Antonius
1284 4818 1364 4873 Bi.
1400 4818 1790 4887 hisp.n.l,lss:
1851 4835 1958 4870 nus
1996 4817 2229 4869 Lovanii
2262 4821 2428 4872 15:30:
2475 4821 2626 4870 1551.
2669 4814 2960 4884 Epistolae
3001 4817 3139 4867 sunt

516 4889 874 4942 ‹iv-audentius
902 4889 937 4941 l.
966 4905 1008 4942 e.
1039 4906 1093 4957 p.
1122 4895 1207 4945 39.

1850 4889 2156 4940 admodum
2187 4889 2492 4954 elegantes.
2529 4888 2610 4939 Cf.
2639 4885 2902 4955 Foppens
2929 4902 2984 4953 p.
3011 4889 3137 4941 903.
