3475 5364
314 370 352 421 9
364 373 396 420 ῃ
407 370 439 422 5
1463 348 1779 405 Βοιωτίου.
2805 370 2931 423 90ss

316 536 641 614 dignitates
674 539 980 610 promotus
1015 535 1203 595 factus
1235 538 1328 594 est
1349 555 1401 598 a.
1429 545 1591 597 1437
1656 535 1785 594 Dec.
1835 544 2013 599 1439.
2059 535 2375 611 dictusque
2422 548 2516 594 est
2565 536 2776 596 exinde
2807 555 2933 595 car-

313 625 796 700 archiepiscopus
855 624 1153 684 nicaenus.
1219 624 1363 683 Cum
1417 623 1596 683 Grae·
1652 624 1870 683 dinalis
1887 624 2188 694 nicaenus,
2211 626 2366 684 sicut
2390 624 2646 684 Isidorus
2666 625 2934 685 cardina-

317 733 519 773 corum
553 713 909 788 imperatore
941 714 1172 773 Joanne
1205 713 1329 772 VIL
1359 711 1596 772 Palaeo·
1652 715 1729 772 lis
1748 713 2055 773 ruthenus.
2073 714 2236 772 Vixit
2242 713 2446 788 jamin
2467 715 2646 773 Italia
2678 715 2935 792 negotiis

319 804 453 878 logo
485 802 557 861 ad
589 802 904 861 concilium
934 803 1315 861 florentinum
1337 802 1515 872 venit,
1534 801 1597 859 in
1654 802 2073 862 ecclesiasticis
2108 806 2170 860 et
2199 802 2405 861 literis.
2439 803 2773 878 Aliquoties
2794 805 2934 863 mis·

319 910 437 966 quo
469 910 626 949 unus
655 891 774 950 fuit
803 910 872 949 ex
906 910 1004 950 sex
1037 892 1291 963 Graecis,
1326 891 1432 967 qui
1463 910 1599 950 cum
1654 911 1756 952 sus
1788 896 1882 951 est
1901 892 2520 968 legatusapostolicus
2542 892 2617 951 ad
2637 893 2934 969 principes

317 981 564 1039 totidem
581 979 876 1056 theologis
895 981 1099 1039 latinis
1128 981 1507 1056 disputarent
1526 979 1599 1038 de
1654 982 2029 1050 christianos,
2080 1000 2199 1056 quo
2247 999 2347 1039 eos
2394 981 2676 1040 excitaret
2722 983 2796 1041 ad
2841 1001 2935 1041 sa·

318 1069 651 1146 praecipuis
671 1070 1107 1128 controversiae
1125 1070 1439 1146 capit-ibus.
1472 1067 1599 1137 Quo
1654 1090 1823 1130 crum
1853 1071 2077 1130 bellum
2110 1069 2486 1129 inferendum
2530 1071 2754 1132 Turcis.
2820 1072 2936 1131 Ra-

318 1159 509 1235 magis
543 1158 732 1217 crevit
763 1158 942 1218 Marci
991 1159 1259 1234 ephesini
1305 1158 1600 1234 oppositio
1654 1180 1884 1219 vennae
1934 1159 2317 1218 exarchatum
2366 1163 2429 1217 et
2469 1160 2795 1219 Bononiam
2841 1160 2934 1220 in-

316 1248 599 1306 adversus
617 1246 891 1306 unionem
914 1266 1048 1306 cum
1067 1247 1598 1314 Ecclesiaromana,
1655 1249 1902 1308 flexibili
1945 1248 2193 1325 justitia
2246 1250 2307 1305 et
2340 1248 2645 1324 aequitate
2695 1249 2933 1325 legatus

317 1357 387 1396 eo
420 1337 606 1414 magis
659 1337 994 1412 praevaluit
1044 1335 1289 1411 spiritus
1336 1337 1495 1412 pacis
1541 1340 1602 1394 et
1657 1336 2104 1397 administravit
2143 1346 2502 1400 1451—55.
2538 1337 2751 1396 Omnia
2782 1357 2935 1412 qnae

314 1425 660 1484 concordiae
692 1425 757 1483 in
790 1426 985 1484 animo
1001 1426 1407 1485 Bessarionis:
1441 1425 1600 1484 unde
1656 1428 1859 1502 potuit
1893 1425 2199 1502 praestitit
2231 1445 2337 1501 pro
2369 1426 2596 1485 tuenda
2626 1427 2844 1486 unione
2877 1432 2938 1485 et

321 1517 450 1590 ipse
467 1520 530 1574 et
560 1515 947 1591 Georgius
981 1514 1318 1574 Scholarius
1334 1519 1479 1573 tunc
1494 1513 1596 1572 ad·
1656 1516 1949 1575 servanda
1983 1515 2177 1590 patria
2200 1536 2233 1574 a
2253 1515 2577 1574 Turcarum
2610 1516 2933 1584 iuva-ione,

321 1604 437 1663 huc
466 1604 652 1662 laicus
666 1601 714 1684 ¹)
748 1604 1046 1679 praecipui
1070 1604 1330 1663 fautores
1362 1603 1601 1663 unionis
1659 1607 1761 1665 sed
1793 1605 2035 1668 frustra.
2099 1604 2187 1663 Ob
2237 1605 2499 1682 insignes
2532 1605 2714 1662 animi
2747 1605 2933 1675 dotes,

321 1695 498 1752 luere.
547 1692 673 1761 Qua
702 1693 1010 1752 occasione
1043 1693 1256 1752 habuit
1288 1692 1601 1752 ornatissi-
1658 1694 2040 1771 prudentiam
2073 1700 2133 1752 et
2164 1693 2384 1752 indolis
2416 1694 2793 1752 nobilitatem
2819 1714 2937 1754 non

322 1802 480 1842 mam
511 1785 574 1840 et
603 1781 1004 1841 doctissimam
1047 1782 1397 1850 orationem,
1450 1799 1601 1857 quae
1658 1784 1837 1843 semel
1870 1803 2084 1860 parum
2117 1783 2328 1852 abfuit,
2375 1787 2447 1841 ut
2492 1783 2555 1841 in
2600 1783 2935 1859 pontificem

321 1872 482 1930 lectu
529 1870 881 1947 dignissima
923 1873 1118 1929 exstat
1167 1870 1227 1930 in
1262 1871 1409 1930 actis
1441 1889 1601 1931 conc.
1658 1874 1997 1949 eligeretur,
2032 1872 2151 1929 nisi
2194 1871 2531 1930 obstitisset
2562 1872 2937 1947 quorundam

323 1958 664 2038 (Hardouin
724 1960 823 2029 IX,
891 1958 1236 2037 319—72).
1330 1959 1604 2018 Confecta
1660 1962 1981 2021 aemulatio
2027 1966 2089 2018 et
2133 1961 2569 2019 malevolentia.
2633 1963 2937 2020 Maecenas

323 2050 452 2123 ipso
466 2049 813 2124 praeprimis
828 2051 1068 2108 auctore
1086 2049 1304 2108 unione
1333 2068 1604 2124 purpura
1658 2058 1789 2111 erat
1818 2051 2214 2118 literatorum,
2267 2067 2522 2124 quorum
2568 2050 2937 2109 celeberrimi

321 2137 397 2196 ab
430 2138 696 2214 Eugenio
727 2138 823 2196 IV.
871 2142 1116 2198 ornatus
1162 2141 1255 2197 est
1299 2157 1420 2197 una
1468 2155 1601 2196 cum
1659 2143 1790 2217 ejus
1824 2140 2064 2199 domum
2082 2139 2573 2214 frequentabant3
2608 2139 2934 2204 literarum,

325 2227 480 2284 Isid
499 2245 532 2285 o
554 2222 694 2304 ΥΟΕ)
730 2227 1165 2303 archiepiscopo
1195 2227 1477 2285 kiewensi
1508 2237 1602 2288 18.
1659 2247 2006 2307 graecarum
2040 2227 2407 2303 praesertim,
2444 2228 2711 2286 studium
2733 2231 2793 2286 et
2812 2229 2934 2287 cul·

493 2350 640 2356 —-—
1657 2324 1792 2378 tum
1822 2316 2235 2376 liberalissime
2280 2316 2684 2392 promovebat,
2718 2316 2935 2376 biblio·

325 2415 647 2484 patriarcha
686 2415 873 2468 factus
911 2413 1121 2483 scripta
1164 2415 1285 2468 e'us
1312 2414 1609 2467 damnavit
1657 2409 1894 2467 thecam
1943 2405 2188 2481 optimis
2237 2409 2300 2464 et
2349 2406 2585 2464 selectis
2636 2406 2938 2465 codicibus

325 2486 562 2556 ignique
591 2485 843 2541 indidit·
897 2487 982 2541 C*-
1022 2486 1191 2540 Sffick
1251 2484 1362 2537 ΚΒ·
1391 2484 1456 2548 X*
1485 2489 1605 2541 105·
1661 2495 2943 2574 graecisdivitemsolertercolligebat,quam

327 2567 440 2682 wal-¹
461 2556 949 2682 gffiaztffimmffifcss
967 2556 1607 2698 Ῑὲῖξὲθξηεοᾰζξῒῗῧδξῖζ
1660 2588 1778 2645 test
1787 2587 2021 2644 amento
2041 2584 2406 2659 reipublicae
2428 2587 2677 2643 venetae
2697 2584 2941 2660 legavit.

334 2706 418 2755 est
444 2700 674 2755 unionis
700 2699 1076 2755 adversarius.
1104 2699 1285 2771 Capta
1312 2701 1452 2754 urbe
1480 2717 1607 2755 con·
1661 2674 2023 2735 monasteria
2056 2673 2493 2734 BssSilianomm
2543 2694 2648 2749 Ρθῑ·
2684 2674 2939 2741 Italissmv

329 2772 842 2842 stantinopolitana
887 2772 1194 2826 instit·itus
1220 2774 1306 2826 est
1340 2787 1375 2825 a
1403 2772 1607 2825 Turca-
1662 2784 1917 2840 quorum
1934 2766 2064 2822 erat
2079 2767 2392 2837 protector,
2416 2763 2667 2822 sollicite
2687 2764 2940 2831 fovebat,

328 2862 453 2898 rum
481 2844 719 2898 sultam
748 2843 1074 2913 patriarcha
1101 2848 1294 2913 <1453;
1319 2854 1346 2905 ἡ
1367 2845 1406 2897 f·
1429 2847 1606 2926 1468)·
1662 2853 1944 2931 operibus
1961 2852 2138 2911 editis
2153 2852 2459 2929 religionis
2472 2853 2627 2911 bono
2643 2853 2940 2911 studebat.

329 2914 1183 3057 tl³3121²0⁰i2sff¹333¹3¹32⁸0⁰5¹3203i
1214 2915 1607 3040 hggeggggassg
1663 2946 1733 3002 ιη
1765 2943 1985 3002 amma
2016 2942 2314 3018 agasone
2358 2942 2432 3000 ad
2464 2941 2826 3001 Ludo-risum
2846 2942 2942 3000 x1.

326 3058 481 3126 apud
512 3057 898 3111 Krumbacher
924 3076 979 3127 p.
1008 3062 1111 3114 119
1138 3074 1179 3109 s.
1665 3034 1896 3092 Galliae
1936 3051 2135 3108 regem
2177 3030 2420 3108 indigne
2445 3045 2757 3106 susceptus
2783 3049 2942 3089 moe-

404 3135 442 3199 Ξ)
474 3130 576 3183 Hic
602 3132 735 3199 post
758 3145 925 3182 suum
964 3128 1213 3182 reditum
1256 3129 1318 3181 in
1347 3127 1606 3181 Russiam
1663 3141 1795 3181 rore
1826 3121 2139 3180 tabescens
2170 3124 2232 3177 et
2246 3139 2308 3178 re
2339 3121 2560 3178 insecta
2577 3120 2820 3179 Romam
2852 3140 2941 3178 re-

330 3201 617 3269 conjectuss
638 3202 727 3254 Ost·
747 3202 807 3255 in
833 3216 1110 3255 carcerem
1138 3203 1376 3269 propter
1405 3199 1610 3254 Inita-m
1665 3211 1812 3269 diitg
1859 3209 1961 3269 sed
2006 3210 2071 3267 in
2116 3209 2328 3267 itinere
2359 3209 2675 3267 Ravennae
2714 3209 2944 3285 ingenti

333 3288 462 3324 eum
504 3272 702 3326 lafinifl
745 3271 1030 3353 uniPnem·
1083 3270 1220 3324 Inde
1261 3274 1453 3324 tamen
1522 3272 1613 3353 95⁵⁶
1665 3300 1933 3359 omnium
1964 3298 2137 3355 luctu
2168 3317 2199 3354 e
2232 3298 2359 3356 vita
2377 3297 2662 3373 migravit
2686 3298 2943 3359 is.N0v.

331 3359 546 3396 annum
611 3343 750 3412 fuga
812 3342 1069 3413 dilapsus
1120 3341 1357 3395 Romam
1422 3358 1481 3395 re
1525 3345 1608 3396 nt.

335 3412 538 3468 Missus
564 3417 649 3467 est
675 3415 898 3483 legatus
937 3412 1289 3484 apostolicus
1332 3413 1406 3465 ad
1435 3413 1610 3482 impe·
1676 3396 1859 3451 1472·
1892 3387 2112 3445 Tantos
2142 3386 2309 3444 brel'i
2341 3388 2603 3461 tempore
2637 3387 2943 3445 Bessafiffll

331 3487 574 3540 retorem
604 3484 964 3539 Graecorum.
994 3483 1228 3565 Capta-a
1246 3484 1442 3537 Tui-cis
1471 3485 1610 3537 urbe
1665 3476 1932 3536 inlatine
1949 3474 2232 3549 loquendi
2262 3479 2322 3531 et
2337 3474 2634 3533 scribendi
2652 3474 2795 3533 stilo
2811 3493 2944 3550 pro-

333 3559 391 3609 ess
413 3556 487 3611 ad
513 3559 753 3611 mortem
795 3555 1092 3624 quaesitus
1133 3573 1224 3609 m
1271 3554 1425 3609 Vitae
1465 3556 1610 3624 Peri·
1666 3582 1905 3643 gressus
1936 3563 2090 3632 fecit,
2145 3566 2298 3620 teste
2347 3563 2636 3621 cardinali
2669 3563 2946 3638 Papiensi

330 3628 525 3709 culum
576 3627 776 3710 ‘lvff‘if'’
829 3628 925 3681 ⁸ed
977 3627 1372 3708 “aptivita.oem
1420 3627 1610 3696 1⁰⁰⁰&
1666 3659 1796 3732 ejus
1829 3653 2073 3730 collega,
2119 3655 2191 3712 ut
2235 3652 2395 3710 inter
2441 3652 2616 3709 latini
2662 3652 2947 3711 sermonis

333 3701 488 3752 nitus
502 3699 724 3762 incidit,
756 3716 870 3767 qua
898 3698 1086 3752 soluto
1117 3702 1301 3768 pretio
1318 3701 1611 3767 exemptus

336 3769 570 3824 Romam
610 3769 818 3824 iterum
849 3771 1125 3840 pervenit.
1180 3769 1431 3825 Decessit
1468 3786 1497 3823 e
1542 3770 1609 3822 is·
1666 3742 2058 3845 &ritis-Simo?
2091 3742 2628 3841 ”Fmemretuffln
2660 3742 2946 3841 ⁰⁰¹¹·flist0·

329 3858 507 3910 copus
558 3841 872 3895 sabinensis
921 3846 1009 3897 27.
1057 3842 1192 3911 Apr.
1245 3846 1399 3899 1463.
1523 3845 1613 3894 rat
1665 3852 1758 3893 rio
1792 3830 2085 3907 quidquid
2127 3849 2192 3888 in
2223 3849 2286 3887 re
2318 3832 2623 3905 proposita
2654 3835 2945 3905 optimum

332 3916 522 3994 83198111
552 3913 637 3967 Vir
661 3912 966 3995 insignfier
986 3913 1204 3978 doctu&
1234 3912 1467 3984 ingenio
1485 3914 1610 3968 sub·
1668 3926 1815 3983 erat.
1848 3922 1937 3980 ita
1967 3918 2350 3996 exprimebat,
2369 3921 2441 3977 ut
2458 3922 2595 3995 post
2613 3937 2676 3977 se
2696 3919 2947 3978 dicturis

334 3983 452 4037 tilis
479 3987 535 4037 et
561 4000 704 4049 acer,
732 4002 792 4038 in
821 3984 1060 4038 dicendo
1094 4002 1368 4038 nervosus
1403 3987 1461 4038 et
1488 4001 1610 4055 gra-

334 4054 438 4108 vis.
489 4054 731 4109 Exstant
779 4055 1002 4123 aliquot
1053 4055 1304 4124 ejusdem
1358 4055 1612 4125 disputa-

333 4127 533 4182 tiones.
558 4127 620 4181 in
664 4126 804 4179 actis
850 4144 1004 4182 conc.
1047 4127 1351 4192 florentini,
1391 4145 1611 4181 necnon
1668 4125 2077 4196 mitylenensis,
2121 4128 2320 4194 captae
2361 4124 2518 4178 urbis
2557 4123 2680 4187 CR,
2721 4124 2852 4177 dein
2893 4128 2951 4178 et

336 4198 519 4251 brevis
558 4203 805 4253 narrato
844 4203 1251 4266 emiugmatiom‘s
1293 4202 1440 4253 urbis
1482 4205 1611 4253 (som
1668 4198 1891 4252 insulae
1918 4197 2114 4259 Lesbo,
2154 4196 2224 4250 nd
2269 4214 2440 4265 quain
2480 4196 2743 4259 redierat,
2770 4196 2949 4261 testis,

332 4276 550 4324 stanter
562 4273 713 4339 polis,
771 4268 851 4323 Mi
894 4287 962 4322 ne
1015 4269 1221 4339 patrol.
1272 4269 1377 4322 PP.
1430 4287 1612 4340 graec.
1668 4270 1783 4324 imo
1812 4273 1869 4323 et
1894 4269 2156 4338 captivus
2184 4272 2231 4349 <†
2254 4272 2429 4324 14821.
2457 4266 2769 4336 Descripsit
2793 4268 2949 4321 lucu-

337 4345 453 4404 159,
484 4345 747 4398 953—56.
802 4288 890 4399 Οῗ.
931 4340 1100 4409 plura
1143 4340 1213 4395 de
1260 4358 1324 4395 eo
1371 4341 1431 4394 in
1462 4340 1613 4411 Eggs
1668 4341 1856 4395 lenter
1894 4342 2375 4410 expugnationem
2420 4338 2523 4393 GP.
2575 4339 2787 4409 (Migne
2829 4343 2947 4403 159,

335 4411 506 4482 Purp.
552 4412 749 4466 doctae
796 4413 830 4471 l,
879 4413 949 4463 111
996 4421 1021 4477 ἓ
1069 4415 1147 4469 18.
1190 4416 1247 4465 et
1287 4412 1362 4463 Mi
1407 4428 1477 4465 ne
1503 4412 1539 4467 l.
1568 4430 1614 4465 c.
1668 4417 1775 4469 923
1802 4429 1845 4467 s.
1872 4415 1997 4477 etc.)
2027 4416 2085 4465 et
2110 4414 2387 4480 epistolam
2433 4409 2592 4463 misit
2617 4411 2685 4464 de
2714 4410 2890 4464 Lesbo
2917 4426 2950 4463 a

335 4487 611 4541 943—532
656 4482 696 4535 F
700 4500 999 4538 rommann
1044 4482 1327 4539 Kritische
1400 4483 1614 4553 eitrttge
1671 4483 1868 4537 Turcis
1909 4487 2095 4563 capta,
2138 4499 2310 4549 quam
2355 4481 2574 4549 primus
2618 4481 2802 4535 edidit
2827 4481 2950 4540 Car,

335 4572 434 4607 zur
461 4555 657 4613 Gesch.
700 4555 800 4608 der
840 4554 1059 4608 florent.
1087 4554 1617 4625 Kircheneiniguug
1671 4555 1834 4625 Hopi'
1856 4554 2178 4636 Regimonti
2209 4558 2365 4609 18:56.
2394 4554 2603 4606 Contra
2628 4553 2750 4607 Car.
2770 4552 2951 4623 Poggi
3018 4594 3023 4597 ,

337 4630 474 4682 1872
492 4643 546 4695 p.
564 4630 813 4683 iss-163.
831 4626 1027 4680 Socius
1044 4626 1346 4695 legationis
1363 4628 1486 4695 ejus
1505 4627 1618 4680 fuit
1671 4625 2031 4697 (Bracciolini
2058 4635 2085 4687 †
2113 4629 2270 4693 1459)
2298 4623 2335 4678 l.
2361 4629 2424 4677 de
2450 4644 2571 4677 vera
2593 4629 2734 4679 nobil
2751 4634 2862 4678 'tate
2883 4628 2951 4677 tr.

337 4696 472 4750 Leo
493 4697 670 4751 nard
692 4716 726 4749 u
746 4717 769 4749 s
810 4698 882 4749 ab
923 4697 1109 4750 insula
1147 4697 1336 4766 patria
1364 4697 1616 4752 Chien·
1670 4703 1734 4751 de
1760 4717 1884 4751 veo-a
1906 4696 2517 4764 nobilitatecomposuit,
2540 4695 2601 4748 in
2622 4714 2735 4765 quo
2756 4696 2951 4765 genui-

337 4768 437 4821 sis
479 4768 665 4822 dictus
705 4770 767 4821 Ο.
811 4767 1006 4821 Praed.
1050 4769 1379 4834 virtutibus,
1433 4769 1616 4823 erudi·
1672 4786 1805 4822 nam
1834 4772 1891 4823 et
1916 4767 2285 4823 christianam
2315 4766 2605 4820 notionem
2634 4766 2953 4822 nobilitatis

339 4840 490 4893 tione
530 4844 589 4893 et
628 4840 914 4910 praeclare
958 4839 1018 4891 in
1048 4839 1276 4894 Oriente
1326 4844 1616 4910 gestorum
1672 4840 1969 4894 dilucidat.
2022 4838 2105 4892 Cf.
2158 4838 2382 4892 Streber
2434 4836 2545 4893 KL.
2598 4838 2740 4899 Vll··',
2787 4842 2952 4893 1816:

339 4911 506 4965 laude
559 4911 815 4965 illustris.
870 4929 918 4964 a.
967 4916 1103 4966 1444
1155 4911 1617 4981 archiepiscopus
1675 4911 1874 4976 Quetif
1894 4911 1934 4964 1.
1962 4914 2083 4966 816.
