3475 5364
526 344 638 396 101
662 344 683 395 1
1316 329 1457 382 1476
1471 328 1687 382 —1500.
1716 286 2033 395 Theologia
2058 323 2357 395 polemica.
2444 378 2451 385 ,
2965 346 3076 398 101
3095 344 3132 398 2

517 514 577 569 et
606 510 925 571 Concordia
958 510 1237 572 24.Febr.
1265 520 1427 574 1463
1464 513 1796 585 nactusque
1850 510 2205 581 missionem,
2223 511 2412 570 famae
2426 511 2617 587 ipsius
2634 512 2839 571 habita
2853 517 2943 571 est
2959 514 3132 576 ratio,

516 604 782 659 anatura
798 600 1218 676 praecellentes
1253 600 1498 677 ingenii,
1514 601 1794 677 corporis,
1851 600 1921 659 In
1954 599 2198 660 Galliam
2230 601 2529 676 profectus
2577 601 2863 678 prolixam
2896 620 3134 679 compo-

516 689 866 748 characteris
898 689 1081 757 dotes,
1117 689 1336 765 quibus
1365 690 1627 749 omnium
1646 691 1711 748 in
1732 708 1796 749 se
1851 690 1974 748 suit
2004 689 2287 750 adversus
2321 708 2439 761 eoa,
2474 691 2579 766 qui
2601 691 2826 766 aliquot
2844 692 2973 767 ejus
2993 711 3131 767 pro-

515 779 899 838 convertebat
943 780 1159 838 oculos.
1222 779 1467 838 Puellus
1491 779 1615 856 jam
1647 779 1795 837 emi·
1851 779 2173 854 positiones
2204 780 2565 856 theologicas
2615 779 3134 855 reprehenderent,

515 868 685 928 cabat
717 868 999 943 loquendi
1031 867 1322 938 facundia,
1357 868 1614 927 carmina
1644 887 1793 944 pan·
1851 868 2199 946 apologiam,
2219 887 2373 943 quae
2405 873 2534 928 erat
2555 870 2722 929 labor
2743 879 2821 931 20
2846 870 3130 929 noctium.

513 956 1107 1034 gendiarte,musica‚
1125 957 1408 1017 memoria
1425 957 1567 1017 adeo
1581 957 1792 1027 tenaci,
1849 958 2168 1034 Propterea
2198 977 2336 1017 vero
2355 959 2673 1017 videbatur
2703 959 2893 1035 egisse
2927 962 3133 1018 contra

512 1049 585 1104 ut
613 1046 834 1105 auditis
863 1046 1139 1122 pluribus
1169 1046 1441 1105 versibus
1462 1066 1562 1106 eos
1583 1050 1794 1123 potue·
1850 1046 2106 1105 debitam
2134 1054 2279 1123 'erga
2310 1048 2722 1106 auctoritatem
2769 1047 3127 1107 ecclesiasti-

511 1135 593 1193 rit
624 1135 830 1194 ordine
862 1135 1209 1213 retrogrado
1242 1139 1527 1212 repetere.
1587 1138 1794 1195 Annos
1849 1152 1979 1194 cam
2029 1136 2484 1195 submissionem
2530 1155 2826 1213 suumque
2876 1138 3128 1213 promis-

511 1228 691 1283 natus
748 1234 824 1287 14
869 1225 995 1300 juri
1056 1224 1332 1284 canonico
1392 1244 1454 1284 se
1504 1225 1796 1301 applicuit
1850 1242 2000 1294 sum,
2034 1224 2282 1300 ideoque
2315 1226 2533 1284 citatus
2566 1230 2961 1285 estasummo
2981 1246 3133 1302 pon-

514 1314 830 1384 Bononiae,
881 1317 1018 1389 post
1048 1314 1357 1372 biennium
1388 1314 1794 1391 philosophiae
1845 1313 2003 1372 tifice
2037 1313 2110 1372 ad
2143 1314 2503 1374 reddendam
2533 1315 2838 1384 rationem,
2873 1316 3127 1389 permis-

512 1407 573 1460 et
601 1402 933 1480 theologiae
964 1403 1164 1461 studio
1208 1422 1270 1461 se
1299 1404 1607 1478 impendit,
1655 1405 1794 1463 Fer·
1849 1421 1949 1461 sus
2009 1405 2211 1462 tamen
2286 1403 2606 1462 subsistere
2662 1404 3007 1466 Florentiae.
3070 1407 3132 1462 et

511 1492 696 1550 rariae
727 1492 1006 1567 primum,
1041 1491 1178 1550 dein
1209 1492 1435 1551 Patavii
1459 1497 1519 1552 et
1535 1493 1791 1564 Parisiis,
1847 1499 2063 1567 agente
2094 1492 2441 1561 Laurentio
2463 1493 2536 1551 de
2582 1492 2821 1553 Medicis
2868 1494 3131 1553 reconci-

510 1580 746 1657 linguas
796 1581 1078 1640 addidicit
1125 1581 1472 1654 hebraicam,
1533 1582 1791 1641 chaldai-
1847 1581 2031 1639 liatus
2092 1586 2186 1640 est
2247 1582 2371 1641 sedi
2423 1582 2780 1658 apostolicae
2831 1583 2941 1641 sub
2992 1583 3129 1641 Ale-

512 1688 637 1729 cam
655 1675 716 1729 et
729 1671 1035 1728 arabicam.
1054 1670 1280 1729 Ardore
1305 1671 1560 1748 juvenili
1579 1672 1618 1730 J
1622 1672 1792 1731 udaei
1847 1670 2071 1728 xandro
2093 1670 2188 1730 VI.
2220 1674 2282 1730 et
2311 1671 2385 1729 ad
2416 1671 2706 1731 cautelam
2726 1672 3037 1731 absolutus
3055 1672 3132 1731 ab

511 1758 817 1834 cujusdam
848 1761 1073 1818 astutia
1115 1759 1400 1836 deceptus
1440 1780 1656 1838 magno
1690 1781 1792 1837 ge·
1849 1759 2141 1829 omnibuS,
2177 1761 2225 1819 si
2257 1770 2404 1835 quas
2439 1761 2514 1819 ob
2546 1761 2879 1836 perjurium
2929 1762 3128 1820 incur-

509 1849 731 1907 nuinae
765 1849 1046 1907 scientiae
1067 1849 1280 1908 damno
1299 1849 1498 1910 studio
1515 1850 1792 1909 cabbalae
1846 1849 2040 1919 risset,
2059 1847 2577 1931 censuris(1493).
2606 1849 2764 1908 Haec
2793 1849 3132 1909 humiliatio

510 1956 570 1995 se
602 1937 914 2007 immersit,
950 1938 1108 2012 quod
1140 1940 1384 2014 putaret
1429 1956 1491 1997 se
1522 1940 1660 2015 ejus·
1683 1958 1792 2015 ope
1847 1937 2169 1997 salutarem
2199 1942 2440 2015 operata
2483 1941 2577 1998 est
2619 1940 2684 1996 in
2732 1939 2863 2015 ipso
2897 1958 3128 1999 morum

509 2027 726 2085 mirum
762 2027 825 2085 in
857 2028 1098 2085 modum
1123 2028 1279 2086 tueri
1298 2046 1472 2102 posse
1491 2029 1793 2105 religionis
1846 2027 2334 2097 emendationem,
2382 2047 2520 2086 nam
2565 2027 2778 2086 exinde
2822 2031 3019 2087 totum
3066 2047 3130 2087 se

510 2116 858 2175 christianae
880 2116 1176 2192 mysteria.
1210 2116 1461 2175 Juvenis
1486 2127 1565 2180 24
1589 2138 1638 2176 a.
1658 2118 1791 2177 the·
1845 2114 2009 2174 dedit
2039 2117 2291 2177 orationi
2323 2120 2385 2175 et
2416 2117 2694 2192 operibus
2739 2117 3131 2175 effusissimae

510 2223 600 2263 ses
632 2208 963 2282 nongentas
1014 2224 1084 2263 ex
1115 2207 1274 2264 omni
1325 2205 1653 2282 disciplina,
1688 2208 1790 2266 sed
1845 2205 1909 2262 in
1941 2225 2231 2281 pauperes
2263 2205 2694 2266 misericordiae
2726 2209 2787 2264 et
2818 2207 3126 2282 poeniten-

509 2297 570 2352 et
630 2294 702 2352 de
753 2294 1031 2353 futilibus
1079 2295 1465 2372 argumentis,
1517 2296 1790 2371 publicae
1844 2294 1961 2352 tiae
1994 2295 2193 2354 missis
2245 2296 2510 2356 vanitate
2560 2299 2623 2354 et
2670 2295 2900 2353 naeniis
2951 2314 3128 2354 mun-

508 2383 900 2458 disputationi
929 2385 1259 2459 proposuit,
1311 2403 1459 2460 quas
1505 2385 1568 2443 in
1600 2387 1787 2444 omni·
1844 2383 2047 2442 danis:
2097 2384 2233 2442 hinc
2276 2386 2455 2443 etiam
2489 2384 2721 2461 aliquot
2751 2404 2819 2442 ex
2851 2384 3130 2459 operibus

507 2473 621 2531 bus
683 2473 951 2549 Europae
1016 2472 1327 2531 academiis
1409 2476 1790 2551 promulgare
1845 2474 1967 2531 suis
2000 2472 2189 2532 edidit
2221 2474 2332 2532 sub
2365 2474 2576 2532 alienis
2608 2474 2966 2532 nominibus
3015 2475 3124 2532 De·

508 2561 664 2631 fecit,
698 2561 968 2621 invitatis
1000 2563 1145 2620 viris
1167 2562 1355 2621 doctis
1378 2563 1449 2621 ad
1473 2566 1787 2634 certamen,
1846 2561 2177 2621 lectabatur
2224 2582 2367 2639 prae
2415 2562 2622 2638 primis
2663 2562 2861 2621 studio
2896 2581 2938 2620 a.
2973 2563 3127 2621 Scri-

508 2651 726 2727 quibus
758 2651 991 2710 itineris
1022 2669 1307 2726 expensas
1356 2671 1417 2710 se
1449 2653 1787 2712 soluturum
1843 2655 2072 2727 ptume,
2106 2652 2278 2727 cujus
2310 2652 2633 2711 masculam
2662 2651 2992 2712 mirabatur
3007 2653 3125 2712 elo-

509 2741 841 2817 spopondit.
907 2740 1276 2817 Quingentas
1321 2761 1528 2801 earum
1575 2743 1791 2802 statuit
1844 2741 2163 2816 quentiam.
2198 2742 2424 2817 Spretis
2468 2741 2791 2801 honoribus
2822 2742 3129 2801 ecclesias-

509 2830 833 2889 secundum
851 2830 1118 2905 proprias
1137 2831 1454 2906 opiniones,
1486 2832 1791 2908 octoginta
1844 2830 1974 2888 ticis
2006 2830 2190 2888 literis
2223 2833 2388 2889 totus
2434 2830 2585 2888 vixit
2633 2830 2928 2906 fidamque
2979 2831 3131 2890 fovit

510 2922 641 2978 octo
657 2925 800 2977 sunt
816 2919 1249 2989 cabbalisticae,
1272 2918 1418 2978 aliae
1438 2920 1787 2995 paradoxae,
1844 2919 2157 2977 amicitiam
2190 2938 2326 2980 cum
2375 2919 2829 2994 spectatissimis
2880 2924 2941 2978 et
2988 2920 3126 2979 doc-

509 3007 610 3066 sed
640 3008 830 3083 palam
854 3007 1156 3084 professus
1177 3011 1270 3066 est
1292 3008 1486 3076 ,nihil
1504 3010 1789 3068 assertive
1843 3008 2091 3066 tissimis
2126 3008 2221 3067 sui
2253 3009 2384 3068 aevi
2418 3009 2582 3079 viria,
2628 3008 2786 3067 inter
2818 3028 2968 3084 quos
3000 3012 3129 3069 erat

508 3097 601 3155 vel
635 3096 1022 3172 probabiliter
1051 3113 1228 3173 pon0‚
1261 3097 1380 3155 nisi
1409 3101 1706 3174 quatenns
1726 3099 1787 3156 id
1844 3097 2020 3156 etiam
2055 3097 2424 3157 Savonarola.
2457 3097 2662 3157 Morbo
2689 3097 2857 3156 let-ali
2879 3098 3128 3157 affectus

507 3184 601 3244 vel
631 3205 835 3244 verum
870 3186 966 3243 vel
997 3186 1303 3261 probabile
1325 3186 1556 3262 judicat
1588 3205 1660 3247 se.
1694 3207 1788 3247 ro·
1844 3185 1918 3244 ab
1950 3205 2018 3244 eo
2049 3186 2226 3261 petiit
2272 3187 2617 3262 accepitque
2666 3188 2890 3245 vestem
2933 3206 2977 3246 s.
3010 3187 3127 3246 Do-

507 3294 687 3334 mana
717 3275 976 3334 Ecclesia
1006 3280 1067 3334 et
1099 3280 1279 3351 caput
1310 3276 1441 3350 ejus
1458 3276 1788 3336 benemeri·
1843 3275 2059 3334 minici.
2124 3276 2389 3335 Decessit
2426 3287 2521 3338 17.
2553 3277 2702 3335 Nov.
2746 3286 2909 3338 1494
2942 3295 3129 3335 annos

506 3367 638 3422 tum
659 3383 927 3423 summus
942 3365 1596 3439 pontifexInnocentius
1612 3367 1787 3436 V111.‚
1842 3367 2022 3423 natus
2083 3367 2320 3424 tantum
2366 3373 2472 3434 32,
2537 3365 2827 3424 bonorum
2880 3383 3126 3424 suorum

507 3455 677 3530 cujus
690 3453 931 3529 judici0‚
953 3454 1057 3529 qui
1089 3455 1305 3513 mentis
1338 3473 1476 3513 suae
1497 3455 1788 3531 judicium
1844 3453 2056 3512 herede
2107 3454 2392 3513 instituta
2440 3453 2613 3513 domo
2663 3472 2991 3530 pauperum
3022 3455 3130 3513 flo-

505 3562 626 3602 non
676 3543 1002 3612 submittit,
1057 3546 1315 3602 mentem
1376 3563 1496 3604 non
1546 3545 1785 3603 habet.‘
1844 3544 2096 3601 rentina.
2142 3544 2300 3602 Haec
2332 3542 2563 3619 potiora
2594 3562 2790 3619 opera,
2824 3562 2976 3619 quae
3009 3544 3125 3601 ele·-

506 3634 728 3692 Tantae
761 3633 1181 3709 disputationis
1213 3635 1466 3709 strepitu
1488 3633 1662 3692 exciti
1679 3634 1787 3692 Ec·
1843 3633 2064 3708 gantia,
2100 3634 2291 3692 nitore
2322 3635 2383 3690 et
2403 3632 2733 3692 disserendi
2753 3632 3042 3691 facilitate
3064 3651 3128 3691 se

505 3723 713 3781 clesiae
745 3724 1015 3799 pastores
1061 3726 1121 3781 et
1163 3721 1292 3798 ipse
1340 3741 1608 3781 summus
1639 3741 1787 3798 pon-
1843 3722 2290 3780 commendant:
2343 3722 2746 3780 Conclusiones
2789 3740 2971 3797 supra
3000 3741 3127 3780 me-

502 3813 646 3870 tifex
692 3811 1073 3870 Innocentius
1105 3811 1263 3876 VIII,
1307 3812 1502 3871 theses
1533 3812 1790 3870 examini
1844 3813 2126 3879 moratae,
2175 3810 2386 3870 Romae
2443 3820 2643 3883 14863
2696 3810 3128 3888 Norimbergae

507 3902 906 3976 subjecerunt,
955 3903 1015 3958 et
1060 3918 1194 3959 cum
1237 3901 1557 3976 pleraeque
1589 3919 1788 3976 reper-
1850 3909 2051 3968 15:393
2087 3900 2360 3960 Coloniae
2402 3910 2585 3963 1619.
2648 3899 2746 3957 Ex·
2777 3898 2869 3958 his
2901 3901 3127 3958 conc-lu-

504 3995 601 4049 tae
632 3989 861 4048 fuerint
894 3992 1285 4057 ,renovantes
1331 4008 1558 4048 errores
1590 3990 1786 4065 genti-
1842 3991 2028 4047 siones
2076 3989 2470 4048 cabbalisticae
2519 3993 2603 4049 71
2655 3989 2992 4048 illustratae
3053 3989 3127 4047 ab

503 4079 653 4139 lium
714 4078 1219 4154 philosophorum,
1282 4079 1434 4137 aliae
1478 4078 1786 4153 perfidiam
1842 4077 2209 4154 Archangelo
2240 4078 2312 4136 de
2334 4079 2534 4155 Burgo
2564 4096 2717 4137 novo
2745 4078 2808 4136 Ο.
2826 4079 2965 4136 Min.
2987 4096 3126 4153 pro-

503 4169 785 4236 foventeS,
819 4167 1146 4225 nonnullae
1178 4167 1503 4226 haereticae
1523 4170 1631 4226 aut
1649 4168 1785 4226 hae·
1842 4165 2086 4226 dierunt
2117 4167 2381 4225 Basileae
2423 4177 2586 4230 1600
2621 4167 2685 4225 in
2723 4176 2795 4236 8.,
2851 4167 2953 4242 qui
2988 4167 3124 4225 cab-

503 4257 680 4315 resim
734 4257 1076 4332 sapientes‘
1129 4255 1458 4330 disputatio
1509 4257 1640 4332 ipsa
1670 4257 1790 4315 fuit
1841 4256 2010 4314 balae
2072 4260 2133 4315 et
2193 4257 2317 4314 Pici
2397 4256 2793 4315 defensionem
2865 4257 3128 4331 suscepit

501 4345 773 4415 inhibita,
808 4338 1004 4404 theses
1036 4363 1174 4403 vero
1216 4346 1280 4403 in
1311 4346 1547 4406 cumulo
1578 4365 1787 4422 repro·
1844 4349 2047 4405 contra
2093 4346 2337 4404 Petrum
2382 4345 2730 4406 Garziam
2775 4345 3126 4421 magistrum

500 4437 599 4493 bat
611 4453 695 4493 ae.
729 4435 874 4493 Cum
905 4435 1080 4493 Picus
1114 4452 1280 4493 suam
1302 4438 1624 4494 testaretur
1642 4436 1785 4494 sub·
1841 4434 2230 4510 parisiensem
2262 4438 2322 4493 et
2350 4438 2529 4510 episc.
2562 4434 2922 4493 uxellensem
2959 4430 3127 4517 (Ales

1843 4524 1906 4581 in
1955 4524 2151 4582 insula
2200 4524 2483 4594 Sardinia,
2533 4527 2737 4599 postea
2783 4524 3125 4600 episcopum

1842 4612 2326 4672 barcinonensem
2357 4611 2392 4680 †
2428 4622 2483 4676 8.
2516 4613 2683 4671 Febr.
2727 4615 2933 4687 1505),
2957 4614 3129 4687 cujus

507 4750 517 4760 .
581 4683 618 4759 ¹).
644 4676 726 4731 Cf·
754 4677 1004 4758 P⁰ffi⁰r5³⁵
1019 4677 1178 4746 aPUd
1197 4676 1548 4781 D'Arffentff‘}
1565 4677 1787 4760 conec&
1842 4704 2339 4761 determinationes
2390 4703 2754 4778 magistrales
2786 4702 2926 4761 stilo
2960 4701 3125 4760 scho-

493 4749 673 4816 Judic.
715 4748 783 4801 de
825 4765 989 4802 novis
1029 4764 1198 4804 error.
1243 4749 1286 4812 Ι,
1315 4754 1421 4806 320
1448 4768 1519 4808 5..
1570 4748 1785 4802 Fleurn

498 4820 644 4875 Hist.
673 4819 806 4874 eccl.
834 4820 872 4876 1.
901 4825 1004 4876 116
1030 4829 1057 4886 5
1084 4825 1152 4877 68
1180 4838 1252 4880 s.;
1292 4820 1500 4875 Ztschr.
1543 4820 1583 4875 f.
1626 4821 1786 4874 kath.
1842 4792 2048 4850 lflSffisso
2082 4791 2183 4850 sed
2213 4790 2429 4850 humili
2471 4792 2832 4869 conscriptas
2848 4786 2896 4875 1)
2941 4790 3015 4849 ad
3048 4809 3125 4849 ⁸³·

498 4890 698 4947 Theol.
732 4892 832 4946 VII
859 4895 1058 4963 (1883),
1089 4897 1210 4949 774.
1922 4897 1955 4957 ¹)
1985 4891 2067 4946 cf.
2095 4890 2166 4944 N.
2193 4890 2479 4945 Antonius
2506 4890 2545 4947 1.
2571 4896 2641 4949 10
2666 4907 2712 4947 c.
2740 4895 2811 4948 14
2834 4907 2891 4946 n.
2919 4894 3023 4949 769
3049 4907 3123 4944 ss.
