3475 5364
427 353 590 406 1069
784 334 844 388 P.
872 335 941 389 de
967 335 1217 389 Andlau.
1243 334 1367 391 Nic.
1394 335 1463 389 de
1489 334 1729 401 Voerda,
1757 334 2058 400 Zanettini,
2087 334 2375 400 Maketai,
2404 336 2538 390 Sota
2566 338 2670 388 etc.
2870 353 3031 405 1⁰70)

417 526 616 580 torum
679 539 998 580 numerum
1041 520 1378 580 referendo:
1441 521 1578 580 hinc
1627 521 1699 579 ab
1749 522 1849 597 jus
1863 521 2037 579 civile
2051 523 2112 579 et
2126 520 2493 589 canonicum,
2524 519 2827 580 Bononiae
2848 530 3032 583 1490.

420 613 643 668 Arturo
688 628 722 668 a
765 610 1122 669 Monasterio
1167 610 1231 668 in
1276 610 1701 687 martyrologio
1756 644 1842 654 —
1883 610 2232 669 Franciscus
2282 610 2690 668 Patricius
2735 609 3033 678 Senensis,

423 698 785 757 franciscano
810 708 865 760 5.
886 697 927 757 J
928 699 1194 761 ul.Beati
1209 699 1392 758 titulo
1422 700 1700 759 cohones-
1757 700 2068 774 episcopus
2101 699 2405 774 cajetanus
2437 696 2498 779 (†
2540 695 2749 775 1494),
2784 699 2888 775 qui
2914 698 3035 757 dis-

419 791 602 847 tatur.
637 787 762 846 Sub
793 789 922 859 eius
952 788 1192 847 nomine
1210 788 1434 864 prodiit
1463 807 1702 864 quoque
1758 788 1947 847 seruit
1992 790 2060 846 de
2104 785 2456 847 institutione
2505 782 2852 862 reipublicae
2883 789 2937 849 ll.
2976 791 3032 862 9,

421 877 693 950 Defensio
712 878 1209 953 concordatorum,
1242 877 1488 937 Parisiis
1517 887 1701 940 1520.
1757 896 1801 936 s.
1834 878 1871 935 l.
1915 887 2113 948 14943
2147 877 2386 936 Parisiis
2428 885 2619 948 1518;
2652 877 3034 952 Argentorati

421 999 508 1011 --
541 966 756 1024 Petrus
788 965 862 1024 de
893 966 1200 1025 Andlau
1246 962 1494 1048 (Andlo)
1527 985 1701 1026 cano·
1769 976 1966 1036 1595;
2011 968 2081 1025 de
2109 985 2282 1044 reqno
2332 972 2381 1023 et
2420 967 2572 1042 nqis
2603 967 2953 1025 institutione
2967 964 3034 1037 ¹),

422 1055 595 1113 nicus
627 1055 1025 1125 colmarensis‚
1060 1056 1438 1131 praepositus
1470 1056 1702 1115 lauten-
1758 1056 2002 1114 Parisiis
2030 1066 2225 1123 1519;
2258 1055 2639 1132 Argentorati
2672 1064 2854 1124 1594,
2878 1055 3038 1130 quod

421 1144 710 1213 bacensis,
767 1144 923 1218 juris
985 1145 1252 1204 canonici
1301 1144 1595 1220 professor
1639 1146 1704 1204 in
1758 1148 2081 1219 utrumque
2130 1162 2281 1220 opus
2312 1143 2353 1203 J
2355 1162 2572 1203 oannes
2604 1144 2844 1220 Savigni
2875 1144 3036 1203 notis

424 1232 817 1292 universitate
846 1232 1163 1292 basileensi
1184 1230 1698 1315 (1444—1480)‚
1757 1234 2099 1292 illustravit.
2133 1267 2220 1278 —
2253 1233 2510 1310 Troylus
2542 1234 2908 1291 Malvezzi
2941 1253 3035 1292 ca-

428 1320 608 1396 hujus
629 1322 1172 1381 vicecancellarium
1193 1326 1255 1381 et
1272 1328 1559 1383 rectorem
1580 1324 1706 1401 egit
1757 1323 2005 1381 nonicus
2038 1322 2435 1391 bononiensis,
2469 1322 2655 1381 lector
2685 1323 2949 1381 senensis
2978 1325 3038 1380 et

424 1410 477 1489 (1
496 1420 572 1472 47
585 1406 667 1490 5).
749 1411 994 1487 Scripsit
1053 1413 1121 1469 de
1181 1413 1423 1487 imperio
1462 1430 1703 1472 romano
1758 1411 1895 1470 dein
1927 1412 1991 1471 in
2021 1413 2218 1488 patria
2248 1431 2371 1481 sua,
2404 1410 2806 1471 cubicularius
2839 1411 3036 1487 ponti-

419 1501 767 1576 qermanico,
786 1499 876 1558 ed.
891 1500 1109 1559 Freher
1124 1500 1476 1577 Strassburg
1504 1511 1701 1573 16023
1758 1501 1925 1559 ficius
2001 1505 2064 1559 et
2137 1499 2584 1578 protonotarius
2653 1500 3034 1575 apostolicus,

430 1598 615 1657 1612,
643 1589 847 1664 quoin
866 1608 958 1664 op.
978 1589 1175 1648 fusius
1194 1590 1322 1665 agit
1338 1610 1401 1649 re
1418 1591 1702 1651 relatione
1757 1589 2081 1665 proditorie
2113 1590 2463 1649 interfectus
2485 1584 2731 1670 (1496),
2754 1589 2859 1665 qui
2879 1590 3038 1649 inter

417 1676 732 1753 imperium
763 1678 920 1736 inter
951 1681 1011 1736 et
1041 1675 1425 1762 ecclesiaml).
1757 1678 1978 1738 decreti
2002 1681 2360 1755 interpretes
2376 1696 2517 1737 suae
2532 1679 2746 1737 aetatis
2761 1679 3035 1749 eminuit,

1757 1768 2159 1844 disseruitque
2220 1770 2289 1827 de
2347 1775 2679 1835 sanctorum
2727 1770 3032 1826 canoniza-

517 1864 661 1924 513,
681 1855 1596 1917 HisaddanturLanfrancirs
1630 1859 1701 1917 de
1756 1859 1926 1934 tione,
1974 1858 2273 1916 Bononiae
2330 1865 2527 1923 1487;
2573 1856 2731 1915 inter
2775 1860 2850 1914 tr.
2876 1857 3036 1932 juris

423 1942 1058 2013 OrianoBrixianus,
1076 1946 1370 2021 professor
1383 1948 1700 2023 patavinus
1756 1947 1917 2005 univ.
1949 1945 2097 2016 XIV,
2136 1957 2212 2007 97
2263 1942 2395 2028 (qui
2432 1949 2506 2004 tr.
2539 1964 2710 2021 saepe
2743 1965 2778 2004 a
2809 1947 3034 2004 Bene·

422 2028 847 2109 (†1488).--
881 2035 1244 2094 Nicasius
1290 2037 1361 2095 de
1408 2037 1701 2096 Voerda
1756 2035 1970 2094 dicto
2002 2034 2151 2093 XIV.
2199 2036 2262 2093 in
2309 2054 2414 2095 suo
2447 2053 2539 2111 op.
2587 2035 2659 2093 de
2705 2035 2908 2094 eodem
2940 2055 3032 2093 ar·

419 2121 619 2197 Belga,
653 2122 758 2196 qui
791 2142 848 2181 n.
889 2132 1054 2185 1440
1103 2143 1255 2183 anno
1302 2126 1513 2184 aetatis
1559 2146 1699 2186 suae
1755 2128 2040 2201 gumento
2063 2121 2346 2195 citatur);
2380 2126 2449 2182 de
2468 2126 3033 2199 episcopidiynitate,

341 2272 347 2279 ⁶
419 2216 633 2283 quarto
679 2211 882 2270 lumen
929 2212 1135 2271 amisit
1181 2216 1505 2283 oculorum,
1539 2216 1699 2291 quod
1754 2215 1823 2272 dc
1853 2214 2231 2273 oblationibus
2274 2213 2552 2272 ecclesiae
2598 2214 2691 2272 vel
2722 2214 2895 2272 altari
2929 2231 3035 2272 seu

419 2298 701 2358 damnum
733 2300 944 2376 ingens
964 2301 1226 2360 discendi
1254 2303 1445 2373 ardor,
1479 2323 1696 2364 memo·
1754 2303 1996 2378 imagini
2049 2302 2155 2362 Dei
2203 2304 2297 2363 vel
2345 2303 2597 2379 alicujus
2642 2302 2831 2361 sancti
2862 2302 3034 2361 factis

418 2387 538 2445 riae
598 2390 891 2448 tenacitas
952 2395 1013 2448 et
1061 2392 1426 2467 perspicacia
1473 2393 1699 2472 ingenii
1755 2409 1889 2450 cum
1921 2410 2013 2467 op.
2046 2394 2113 2450 A.
2146 2392 2217 2450 de
2250 2392 2531 2450 Barbatia
2561 2391 2633 2450 de
2663 2393 3034 2468 praestantia

418 2474 953 2558 compensarunt2).
1017 2480 1164 2538 Nam
1213 2482 1339 2542 solo
1388 2483 1600 2545 auditu
1630 2502 1698 2543 eo
1753 2480 2181 2551 cardinalium3
2214 2481 2551 2540 decor-tibus
2571 2481 2728 2540 inter
2747 2484 2914 2541 tract.
2935 2482 3031 2540 XI.

416 2566 689 2640 pervenit
734 2568 1031 2637 scientiae,
1083 2572 1152 2627 ut
1199 2571 1262 2628 in
1308 2572 1698 2632 universitate
1752 2590 1807 2645 p.
1850 2579 1882 2631 2
1918 2589 1973 2645 p.
2012 2580 2156 2633 398.
2190 2572 2539 2647 consiliaque
2569 2571 2769 2629 emisit
2819 2568 3025 2651 (Vene-

416 2654 746 2715 lovaniensi
779 2657 996 2717 artium
1029 2658 1314 2737 magister
1333 2661 1413 2720 sit
1443 2666 1697 2736 creatus,
1754 2654 1898 2740 tiis).
1943 2694 2029 2704 —
2080 2660 2421 2736 Alphonsus
2471 2659 2542 2718 de
2584 2660 2622 2719 S
2642 2663 2765 2719 oto
2816 2659 3031 2718 Civita-

417 2744 671 2804 subinde
703 2746 883 2805 etiam
914 2766 1054 2807 suae
1073 2750 1299 2823 patriae
1322 2751 1582 2811 scholam
1602 2771 1693 2811 re·
1752 2749 1959 2816 tensi8‚
1994 2749 2311 2825 Hispanus,
2345 2749 2755 2809 thesaurarius
2776 2750 3030 2807 salman-

416 2834 585 2892 xerit.
634 2835 1089 2911 Dispensatione
1139 2839 1457 2913 apostolica
1504 2860 1697 2900 sacer·
1752 2837 1933 2907 tinus,
1968 2838 2180 2898 Romae
2218 2840 2372 2915 juris
2416 2839 2582 2915 praxi
2633 2839 2740 2896 diu
2772 2838 3028 2908 deditus,

415 2922 521 2981 dos
553 2924 861 2984 ordinatus
892 2945 1109 3003 magno
1140 2928 1262 2987 zelo
1282 2931 1487 2988 munia
1505 2949 1696 2989 sacer·
1752 2929 1926 3003 cujus
1957 2931 2051 2986 est
2081 2931 2144 2986 in
2174 2929 2406 3007 reyulas
2449 2929 2825 2987 cancellariae
2854 2928 3029 2986 Inno-

414 3010 635 3071 dotalia
682 3013 833 3073 obiit
881 3020 944 3073 et
1001 3015 1457 3077 concionaturus
1518 3038 1694 3079 evan·
1752 3017 1932 3075 centii
1982 3017 2138 3076 VIII.
2190 3017 2650 3076 commentarius
2713 3013 2909 3097 (utilis
2971 3023 3032 3075 et

415 3101 639 3175 gelium
702 3121 897 3162 coram
951 3103 1228 3164 omnibus
1292 3106 1363 3165 de
1413 3110 1695 3168 memoria
1750 3101 2009 3186 doctus),
2064 3124 2106 3163 s.
2141 3107 2178 3164 l.
2212 3111 2272 3164 et
2305 3127 2387 3177 a.;
2441 3110 2502 3164 et
2552 3126 2585 3164 a
2634 3106 2690 3164 J.
2741 3106 3032 3180 Choquier

416 3188 608 3247 veluti
639 3190 986 3251 fidelissimo
1019 3193 1173 3253 libro
1205 3196 1494 3255 recitavit.
1530 3198 1693 3257 Colo·
1750 3195 1948 3253 editus
1966 3191 2010 3274 ¹)
2045 3213 2179 3253 cum
2212 3214 2322 3254 suo
2354 3196 2775 3254 commentario
2809 3196 2871 3252 in
2903 3214 3027 3253 eas-

417 3277 577 3335 niam
609 3279 759 3338 adiit
789 3284 967 3357 atque
1000 3287 1276 3359 receptus
1308 3284 1427 3343 fuit
1449 3286 1523 3345 ad
1554 3305 1692 3345 con·
1750 3283 1881 3341 dein
1914 3284 2167 3360 regulae,
2217 3285 2490 3343 Coloniae
2544 3294 2700 3346 1621
2758 3285 2821 3342 in
2856 3294 2911 3344 4.
2944 3317 3031 3327 —-

417 3365 616 3425 cilium
649 3368 948 3429 facultatis
978 3372 1198 3430 artium
1229 3391 1459 3433 necnon
1479 3380 1539 3435 et
1558 3376 1695 3434 doc·
1750 3372 2008 3431 Joannes
2069 3373 2139 3430 de
2191 3374 2432 3448 Lopez
2483 3367 2740 3454 (Lupus)
2786 3375 2851 3431 in
2914 3374 3029 3431 sal·

414 3461 510 3513 tor
541 3458 801 3516 canonici
840 3460 996 3534 juris
1044 3468 1134 3520 est
1164 3463 1503 3533 institutus,
1562 3465 1695 3523 Mox
1749 3461 2015 3519 mantino
2075 3463 2382 3538 gymnasio
2437 3462 2596 3536 juris
2661 3465 3026 3537 praeceptor.

411 3562 660 3603 canones
719 3548 1052 3622 pontificios
1087 3555 1149 3609 et
1196 3552 1357 3628 leges
1402 3571 1695 3612 caesareas
1750 3550 2117 3624 segobiensis
2150 3551 2464 3609 canonicus
2496 3553 2557 3608 et
2586 3550 2861 3619 decanus,
2895 3569 3030 3626 pro·

412 3634 752 3709 explanavit
812 3655 1003 3696 coram
1083 3640 1458 3700 auditoribus
1534 3643 1695 3701 ult-ra
1749 3639 2087 3698 tonotarius
2121 3640 2494 3716 apostolicus,
2530 3639 2631 3698 sed
2652 3639 2794 3698 dum
2817 3639 3029 3697 Romae

412 3727 653 3782 centum
676 3723 738 3804 (†
766 3737 860 3788 16.
882 3728 1205 3787 secundum
1241 3730 1386 3789 alios
1411 3740 1443 3792 2
1456 3741 1510 3793 6.
1534 3731 1692 3807 Sept.
1749 3727 1991 3805 degeret
2010 3730 2205 3787 nescio
2225 3747 2344 3804 qua
2364 3729 2436 3787 de
2457 3746 2637 3787 causa
2658 3728 2721 3786 in
2742 3746 3028 3786 carcerem

419 3809 630 3894 1492).
678 3847 767 3858 -—
818 3815 1151 3876 Joannes
1210 3819 1573 3895 Baptista
1621 3821 1693 3879 de
1747 3817 2121 3893 aliquamdiu
2171 3818 2475 3893 conjectus
2529 3814 2589 3898 (†
2650 3815 2862 3896 1496),
2926 3819 3028 3892 qui

411 3919 454 3960 s.
487 3902 755 3963 Blasio
804 3904 1150 3975 Patavinus‚
1202 3910 1498 3983 professor
1534 3911 1691 3985 juris
1747 3905 2032 3965 disseruit
2044 3903 2093 3986 ³)
2172 3908 2240 3965 de
2299 3908 2556 3965 libertate
2632 3908 3025 3977 andecimum,

408 3993 676 4051 canonici
724 3995 786 4051 et
831 3994 1027 4052 civilis
1060 3996 1123 4054 in
1154 3997 1453 4057 academia
1501 3999 1693 4074 patria

413 4078 471 4180 (T
513 4091 534 4139 l
551 4078 725 4179 §²92)·
756 4083 1277 4185 —·Hie}'⁰n51¹}¹·18
1321 4087 1392 4145 de
1426 4087 1689 4146 Zssnflt·
1826 4116 1861 4182 ¹)
1892 4112 2041 4164 [dem
2074 4114 2482 4182 argumentum
2510 4112 2783 4165 tractavit
2809 4111 3027 4167 Diome-

409 4173 436 4224 t
452 4188 469 4224 i
487 4188 527 4226 n
548 4189 569 4226 i
585 4189 612 4228 s
642 4171 1037 4231 Bononiensis
1053 4174 1242 4233 nobili
1259 4175 1486 4235 familia
1501 4181 1687 4246 ortus,
1745 4183 1841 4237 des
1884 4183 1924 4237 C
1940 4200 1974 4235 a
1990 4202 2016 4236 r
2032 4201 2065 4236 a
2081 4183 2109 4236 f
2118 4183 2148 4236 f
2155 4199 2190 4237 a
2230 4200 2414 4238 comes
2452 4184 2802 4255 Magdaloni‚
2840 4183 3027 4238 Ferdi·
3097 4195 3102 4201 ·

399 4257 559 4331 juris
637 4260 955 4335 utriusque
1031 4263 1234 4322 doctor
1295 4268 1355 4323 et
1407 4266 1691 4342 magister
1746 4254 1935 4308 nando
1964 4256 2003 4307 Ι.
2030 4255 2152 4325 regi
2178 4254 3027 4326 Apuliaeaconsiliis(fl.1490)‚

410 4344 471 4425 (†
506 4354 560 4408 8.
593 4349 735 4422 Apr.
779 4347 988 4430 1493),
1022 4352 1126 4426 qui
1156 4356 1395 4427 praeter
1415 4355 1532 4412 alia
1553 4355 1686 4413 dili-
1743 4325 1801 4408 {¹²
1843 4326 1879 4408 l:
1922 4329 1984 4380 ἆ*
2022 4332 2248 4408 ’'⁰9⁶'3‘oe
2287 4336 2334 4380 εἰ
2374 4331 2497 4381 ‘'W''
2524 4331 2808 4420 P’‘¹⁰'.'⁶²'P²³⁹,
2836 4330 3029 4409 officiis

1744 4398 1936 4452 italice
1964 4401 2283 4468 conscripto
2328 4400 2385 4451 et
2422 4414 2456 4451 a
2482 4398 2742 4469 Baptista
2769 4399 3026 4453 (marino

408 4440 619 4546 genter
679 4438 922 4538 Joueglt
996 4460 1057 4499 ¹1²
1120 4460 1306 4543 Qum·
1357 4444 1688 4518 practicam
1744 4467 1922 4522 latine
1950 4485 2108 4523 verso
2138 4473 2195 4522 et
2211 4473 2351 4525 1668
2368 4468 2540 4534 edite,
2559 4487 2729 4537 quem
2746 4468 3024 4523 ineditum

411 4528 862 4584 contrarietates
923 4547 1031 4588 seu
1093 4530 1467 4591 diversitates
1532 4533 1688 4590 inter
1744 4543 1953 4610 putans
1995 4539 2178 4595 Mansi
2216 4540 2278 4594 in
2301 4557 2461 4595 suam
2488 4541 2733 4595 Fabricii
2758 4540 2898 4595 bibl.
2926 4540 3025 4596 lat.

1745 4612 1832 4666 ed.
1861 4611 1958 4672 VI,
1984 4617 2269 4668 646—666
2295 4613 2526 4682 recepit.

1818 4686 1858 4753 2)
1887 4681 1969 4737 Cf.
2013 4682 2136 4737 Nic.
2175 4683 2460 4737 Antonius
2501 4684 2568 4739 11.
2609 4683 2644 4735 l.
2690 4689 2759 4739 10
2800 4700 2845 4735 c.
2874 4688 2941 4738 16
2969 4699 3024 4736 n.

486 4755 523 4821 ¹)
551 4751 634 4811 Of,
663 4750 888 4817 Hiirlin,
919 4753 1083 4808 Peter
1108 4772 1220 4809 von
1248 4754 1494 4808 Andlau.
1742 4759 1846 4810 903
1875 4771 1944 4807 ss.
1972 4753 2075 4822 qui
2100 4753 2215 4807 alia
2234 4753 2487 4824 ejusdem
2513 4753 2730 4808 inedita
2756 4757 3025 4807 recenset.

481 4829 522 4894 ²)
551 4824 634 4877 Cf.
675 4822 1003 4880 Hartzheini
1047 4826 1182 4881 bibl.
1227 4827 1328 4881 col.
1375 4841 1506 4895 pag.
1550 4830 1685 4885 254:
1816 4832 1854 4882 ἰ
1884 4824 1965 4880 Cf.
2018 4825 2199 4880 Nicol.
2243 4828 2528 4880 Antonius
2574 4825 2639 4877 11.
2682 4824 2719 4880 l.
2763 4830 2831 4880 10
2870 4842 2913 4879 e.
2956 4829 3023 4879 15

408 4895 638 4949 Schulte
664 4900 715 4960 2,
742 4900 864 4952 397.
1742 4914 1796 4949 n.
1826 4901 1931 4952 825
1959 4913 2056 4952 ss.:
2088 4896 2322 4950 Schulte
2349 4897 2416 4962 ll,
2443 4901 2548 4952 335
2576 4914 2617 4948 s.
