3475 5364
350 353 468 409 761
1041 339 1235 393 Barth.
1265 338 1498 394 Albizzi.
1523 341 1745 395 Marcus
1774 340 1943 404 Triv.‚
1978 339 2276 394 Macer-ius.
2847 361 2877 411 7
2890 358 2968 411 32

346 528 448 583 tus
479 524 1093 583 estexistimationem.
1129 525 1364 583 Meritis
1380 529 1636 585 onustus
1677 525 1974 590 imitatum
2004 525 2064 587 11.
2103 536 2157 596 3,
2193 527 2551 601 Antverpiae
2594 535 2776 589 1607.
2840 527 2974 585 Alia

346 613 764 689 laboribusque
805 613 1110 672 confectus
1154 613 1409 673 decessit
1452 632 1635 690 prope
1689 615 1950 674 auctoris
1995 615 2189 674 nostri
2240 633 2415 691 opera
2465 618 2610 674 sunt
2643 614 2730 672 De
2777 618 2892 673 vita
2924 624 2973 674 et

347 702 723 761 centenarius
775 714 869 764 10.
905 703 1034 761 Dec.
1090 712 1271 766 1401.
1334 703 1634 779 Scriptum
1689 704 1958 763 laudibus
1972 703 2020 762 b.
2056 701 2378 781 Viryinisll.
2400 706 2456 777 6,
2493 703 2759 763 Venetiis
2791 713 2970 770 1596,

343 793 473 868 ejus
503 791 757 850 maxime
777 790 1068 850 famosum
1101 798 1194 850 est
1225 810 1368 867 opus
1397 794 1630 865 confor-
1689 793 1847 868 quod
1878 793 1982 851 alii
2026 793 2366 851 inscribunt
2397 793 2557 869 Opus
2600 795 2971 866 conformita-

346 882 611 939 mitatum
644 880 797 939 vitae
829 899 874 938 s.
908 881 1208 940 Francisci
1241 881 1315 939 ad
1348 882 1531 939 vitam
1567 883 1629 940 D.
1687 890 1809 940 tum
1840 882 1888 940 b.
1939 881 2195 957 Vir-finis
2226 900 2361 940 cum
2396 882 2659 952 Christ03
2701 883 2971 954 Quadra-

344 970 415 1030 N.
448 969 504 1032 J.
538 968 761 1029 Christi
794 970 852 1028 ll.
888 977 924 1032 3
974 974 1036 1027 et
1070 981 1150 1033 40
1195 970 1491 1029 fructibus
1524 987 1633 1029 seu
1681 968 1953 1048 yesimale
2001 973 2070 1029 de
2119 978 2441 1045 contemptu
2489 972 2695 1029 vnundi
2745 971 2868 1030 sive
2900 971 2974 1029 de

345 1058 858 1118 conformitatibus
936 1060 1274 1128 conflatum,
1352 1064 1628 1134 coeptum
1686 1060 1910 1135 triplici
1940 1060 2181 1128 mundo,
2217 1060 2528 1118 Mediolani
2553 1070 2748 1129 14983
2783 1059 2970 1119 Vene-

352 1156 515 1211 1385
570 1151 633 1207 et
680 1148 1057 1207 terminatum
1105 1167 1151 1206 c.
1193 1158 1378 1220 1395,
1412 1167 1627 1224 appro-
1684 1148 1790 1207 tiis
1845 1160 2040 1218 15033
2106 1167 2394 1207 sermones
2442 1150 2973 1226 quadrayeeimales

346 1237 553 1296 batum
582 1237 648 1300 iu
679 1237 936 1312 capitulo
984 1238 1248 1313 generali
1289 1246 1472 1307 1399,
1521 1257 1628 1313 pro
1684 1238 2003 1296 dubiorum
2024 1243 2085 1297 et
2103 1255 2345 1296 casuum
2372 1238 2768 1298 conscientiae
2785 1238 2971 1296 eluci-

345 1326 560 1400 quoin
606 1326 934 1400 praemium
984 1327 1178 1385 fertur
1225 1326 1484 1386 donatus
1528 1345 1628 1385 ve·
1683 1327 1890 1397 dativi,
1926 1327 2203 1404 Lugduni
2248 1337 2424 1391 1519.
2458 1327 2591 1385 Alia
2622 1337 2973 1385 manserunt

345 1417 529 1485 tusta,
561 1433 681 1490 qua
724 1415 860 1474 olim
913 1434 958 1473 s.
991 1415 1372 1474 Fransciscus
1417 1416 1627 1474 uteba·
1681 1416 1925 1478 inedita.
1961 1450 2041 1459 ——
2079 1417 2372 1475 Marcus
2403 1416 2871 1474 Trivisanus
2905 1415 2969 1474 Ο.

342 1507 463 1574 tur,
495 1503 719 1573 tunica,
770 1505 1129 1580 impressum
1163 1504 1429 1563 venetiis
1462 1524 1506 1567 s,
1544 1524 1625 1573 a.;
1686 1504 1826 1563 Min.
1848 1505 2131 1581 patritius
2149 1509 2401 1563 venetus
2429 1506 2522 1563 vel
2543 1506 2863 1581 patavinus
2886 1501 2967 1586 (fl.

345 1592 658 1652 Mediolani
697 1603 892 1663 1510;
954 1603 1116 1657 1513
1167 1589 1268 1674 (m.
1304 1590 1432 1673 80),
1476 1613 1627 1669 quae
1694 1590 1904 1677 1421),
1923 1613 1967 1652 s.
1990 1594 2328 1670 theologiae
2347 1595 2631 1671 magister
2645 1598 2706 1652 et
2727 1595 2971 1669 provin-

343 1684 542 1740 tamen
574 1681 865 1741 editiones
882 1683 1197 1741 admodum
1214 1702 1381 1742 rarae
1397 1686 1629 1742 scatent
1682 1684 1809 1742 ciae
1830 1684 2147 1742 Romanius
2179 1683 2328 1762 (non
2350 1680 2654 1763 romanae)
2676 1683 2967 1741 minister.

344 1770 592 1840 mendis,
625 1788 733 1829 nec
765 1789 997 1847 semper
1025 1773 1381 1847 respondent
1411 1772 1619 1832 codici·
1681 1790 1816 1832 cum
1842 1778 1999 1831 esset
2028 1772 2268 1832 auditor
2298 1790 2561 1831 camerae
2594 1772 2967 1847 apostolieae,

344 1859 460 1918 bus
491 1877 662 1929 mss.;
707 1860 1009 1920 Bononiae
1052 1871 1214 1924 1590
1251 1880 1382 1920 cum
1416 1861 1622 1920 iisdem
1681 1862 1932 1920 confecit
1962 1862 2343 1920 collectionem
2356 1862 2822 1940 privileyiorum,
2858 1863 2976 1918 im-·

343 1948 573 2007 mendis
604 1954 665 2007 et
696 1949 892 2007 minus
923 1951 1100 2008 etiam
1133 1951 1370 2026 scriptis
1420 1956 1624 2009 aucto·
1681 1951 2066 2020 munitatum,
2114 1951 2562 2026 exemptionum
2595 1950 2968 2025 aliorumque

344 2037 426 2095 ris
457 2038 792 2108 cohaerens,
814 2039 1290 2113 quandoquidem
1312 2039 1620 2098 conformi·
1679 2039 2049 2098 indultorum
2065 2058 2185 2097 ass.
2204 2038 2584 2115 pontificibus
2595 2038 2847 2113 aliisque
2864 2058 2967 2096 an-

343 2127 458 2185 tati
482 2125 634 2185 VIII.
654 2127 879 2185 multae
901 2127 1235 2187 additiones
1256 2133 1400 2187 sunt·
1417 2128 1623 2197 factae,
1681 2128 1979 2187 tistitibus
1989 2146 2265 2186 romanae
2283 2129 2481 2187 curiae
2495 2127 2806 2187 ordiniFF.
2829 2128 2967 2185 Min.

344 2233 452 2274 nec
499 2216 777 2275 omnibus
828 2216 1207 2276 innotescunt
1254 2218 1424 2293 cujus
1472 2219 1624 2286 sint;
1680 2234 2107 2277 concessorum.
2171 2217 2370 2293 Hujus
2421 2216 2787 2275 collectionis
2820 2235 2874 2291 p.
2919 2228 2966 2278 1.

351 2315 376 2364 l
393 2313 550 2373 62ος
584 2304 856 2364 Coloniae
879 2315 1063 2368 1623.
1099 2308 1314 2383 Ingens
1332 2309 1425 2365 est
1445 2307 1624 2382 hujus
1680 2306 1957 2365 nonnihil
1988 2311 2189 2364 tamen
2224 2306 2445 2364 variata
2465 2305 2689 2380 prodiit
2712 2305 2967 2379 primum

343 2393 537 2469 operis
569 2394 828 2468 pretium
860 2413 967 2470 pro
988 2396 1323 2471 cognitione
1356 2395 1617 2454 diffusio·
1681 2413 1725 2453 s.
1760 2396 1797 2453 l.
1832 2403 1893 2453 et
1924 2415 1971 2453 a.
2006 2395 2120 2453 sub
2154 2395 2319 2455 Sixto
2350 2395 2446 2454 IV.
2498 2394 2594 2452 vel
2620 2395 2800 2470 paulo
2832 2398 2969 2470 post

344 2482 438 2540 nis
499 2482 725 2541 ordinis
785 2485 1210 2560 geographicae
1262 2486 1453 2543 altera
1513 2502 1622 2545 sec.
1680 2503 1812 2543 cum
1846 2483 2249 2543 additamento
2270 2484 2643 2559 quarundam
2664 2482 2965 2541 bullarum

343 2570 491 2628 XIV.
543 2577 728 2646 parte,
781 2573 886 2631 sed
936 2576 1094 2631 caret
1132 2573 1356 2649 judicio
1402 2573 1620 2640 critico,
1679 2591 1869 2648 usque
1900 2573 1973 2630 ad
2007 2573 2238 2631 Sixtum
2273 2571 2368 2631 IV.
2403 2572 2477 2630 ad
2521 2582 2680 2635 1479
2728 2590 2964 2631 emana-

344 2660 541 2719 sobria
585 2661 884 2721 scribendi
934 2662 1329 2739 loquendique
1373 2663 1622 2733 ratione,
1681 2673 1896 2732 tarum,
1950 2681 2127 2740 opera
2175 2662 2234 2720 F.
2288 2661 2676 2721 Matthaei
2729 2662 2964 2721 Nova-

343 2750 723 2825 superlativis
752 2753 965 2821 utitur,
999 2771 1154 2827 quae
1185 2771 1220 2810 a
1248 2754 1469 2811 lectore
1516 2753 1617 2810 mi·
1680 2752 1976 2811 riensis
2041 2752 2105 2810 Ο.
2170 2752 2344 2821 Min.;
2422 2751 2637 2810 deinde
2700 2751 2965 2810 Venetiis

342 2857 457 2897 nus
488 2840 773 2899 benevolo
803 2839 970 2899 facile
1000 2847 1064 2900 in
1106 2861 1350 2916 pravum
1384 2860 1622 2900 sensum
1690 2851 1853 2905 1502
1888 2842 1949 2899 in
1986 2850 2057 2910 83
2114 2849 2309 2911 15083
2356 2845 2415 2899 et
2461 2841 2524 2898 in
2568 2840 2966 2899 Firmamento

341 2928 501 2987 trahi
564 2929 813 3003 possint,
863 2930 1021 3005 quod
1073 2935 1135 2988 et
1179 2931 1319 2989 fecit
1365 2932 1626 3008 maligne
1680 2930 1864 2988 trium
1897 2930 2171 2989 ordinum
2205 2949 2259 3004 p.
2297 2940 2330 2991 2
2367 2936 2441 2988 tr.
2487 2942 2552 2998 1.,
2587 2929 2663 2985 ib.
2709 2939 2889 2992 1513.

341 3020 545 3092 pastor
575 3017 920 3077 lutheranus
946 3020 1230 3077 Erasmus
1251 3020 1433 3079 Alber
1449 3020 1513 3078 in
1533 3039 1623 3095 op.

342 3107 458 3165 Der
518 3106 828 3166 Barfiisser
888 3109 1134 3168 Mouche
1206 3108 1622 3186 Eulenspiegel
1773 3116 1917 3171 32³2.
1976 3109 2390 3183 Philippus
2443 3107 2816 3166 Macerius
2867 3103 2965 3189 (de

342 3195 468 3253 und
497 3195 769 3267 Alcman,
822 3198 934 3255 mit
964 3198 1127 3256 einer
1160 3198 1414 3256 Vorrede
1449 3199 1513 3259 D.
1547 3199 1622 3259 Μ.
1682 3197 1994 3265 Mazzerii8‚
2031 3197 2315 3262 Maseriis.
2349 3197 2421 3254 de
2444 3195 2764 3273 Maizieres)
2797 3196 2967 3254 miles

341 3284 611 3353 Luthers,
645 3295 800 3349 1531
829 3309 842 3355 ς
892 3296 1070 3356 1542,
1093 3287 1157 3344 in
1176 3288 1366 3345 varias
1387 3287 1622 3363 linguas
1683 3287 1997 3355 Picardiae,
2076 3286 2247 3363 regni
2307 3285 2483 3362 Cypri
2560 3285 2963 3351 cancellarius,

345 3392 600 3443 versum,
622 3374 717 3432 cui
747 3375 786 3436 l.
818 3376 1012 3434 affinis
1029 3381 1122 3434 est
1141 3376 1296 3435 alius
1313 3376 1498 3434 latine
1531 3376 1622 3434 in·
1680 3375 1963 3451 Gregorio
1997 3375 2092 3438 XI.
2142 3376 2217 3434 ab
2267 3374 2553 3449 epistolis,
2587 3373 2963 3449 postmodum

342 3461 631 3538 scriptus:
707 3464 1036 3523 Alcoranus
1096 3465 1620 3524 Franciscanorum
1680 3464 2054 3522 comiliarius
2117 3464 2180 3521 in
2243 3464 2381 3522 aula
2439 3463 2630 3521 Caroli
2678 3461 2745 3519 V.
2806 3463 2964 3537 regis

339 3551 378 3608 i.
410 3570 458 3611 e.
478 3550 991 3626 ‘blasphemiarum
1025 3558 1087 3612 et
1117 3573 1413 3627 nugarum
1459 3554 1623 3612 lerna
1680 3552 1921 3622 Galliae,
1957 3553 2194 3611 demum
2238 3552 2463 3610 ordinis
2496 3550 2963 3609 Coelestinorum

339 3640 413 3699 de
433 3640 832 3717 stigmatizato
851 3643 1028 3712 mole,
1062 3643 1222 3717 quod
1246 3643 1619 3701 Franciscum
1682 3638 1745 3722 (†
1780 3650 1878 3703 26.
1913 3641 2043 3717 Maj.
2086 3636 2296 3722 1405),
2349 3639 2665 3715 descripsit
2714 3641 2889 3696 vitam
2919 3660 2963 3697 3-

342 3732 571 3800 vocant,
588 3749 657 3789 ex
684 3730 720 3788 l.
754 3731 1252 3801 conformitatum‚
1285 3732 1436 3791 forte
1468 3733 1621 3807 ejus·
1681 3730 1840 3788 Petri
1901 3729 2196 3789 ἸἸιοηιαεὶι·
2240 3730 2364 3789 sive
2395 3729 2647 3787 Thomae
2679 3727 2741 3786 Ο.
2776 3727 2961 3786 Carm.

341 3818 472 3877 dem
506 3820 703 3878 Alber.
765 3819 962 3896 Hujus
1012 3822 1259 3880 editioni
1303 3820 1622 3897 genevensi
1679 3820 1967 3878 cretensis
1999 3819 2417 3895 archiepiscopi
2449 3815 2510 3900 (†
2541 3812 2751 3898 1366),
2785 3836 2962 3892 quem

341 3907 804 3985 latino-gallicae
865 3909 1130 3985 adjectus
1191 3931 1224 3968 a
1274 3909 1457 3968 Badio
1507 3909 1626 3967 fuit
1681 3910 1829 3967 bene
1841 3913 2105 3977 noverat,
2120 3906 2709 3967 editamaBollandio
2726 3905 2961 3968 29.Jan.

340 3996 498 4056 sicut
528 4004 587 4056 et
618 3998 750 4056 aliis
783 3998 870 4056 ed.
905 3998 941 4056 l.
967 4007 1021 4060 2.
1057 4017 1190 4058 cum
1222 3998 1621 4057 annotationi·
1678 3998 1753 4067 11,
1792 4007 2003 4061 995-
2023 4011 2038 4060 1
2060 4006 2206 4059 022.
2266 3997 2385 4073 ipsi
2417 3996 2708 4055 tribuitur
2739 4006 2800 4053 et
2829 3996 2960 4053 dia-

340 4086 454 4144 bus
485 4086 780 4163 malignis
813 4087 968 4146 Hinc
997 4088 1062 4146 in
1092 4088 1454 4147 editionibus
1487 4106 1622 4163 pos·
1679 4089 1841 4164 loque
1870 4091 2021 4145 inter
2051 4088 2318 4146 clericum
2348 4105 2417 4145 ac
2434 4087 2666 4144 militem
2690 4084 2761 4143 de
2777 4084 2962 4159 juris-

340 4174 657 4234 terioribus
689 4178 886 4251 operis
918 4177 1400 4235 conformitatum
1433 4177 1621 4254 plura,
1677 4176 1938 4236 dictione
1982 4177 2147 4254 regia
2191 4179 2253 4234 et
2297 4174 2647 4234 sacerdotali
2677 4174 2739 4236 11.
2777 4184 2812 4235 2
2849 4174 2965 4231 sub

341 4282 491 4339 quae
566 4283 873 4323 censuram
950 4266 1254 4325 incurrere
1328 4269 1622 4342 poterant,
1677 4266 1914 4324 nomine
1950 4265 2119 4324 Phil
2145 4264 2359 4323 othei
2406 4263 2815 4331 Achillini‚
2859 4263 2964 4337 qui

340 4352 563 4412 omissa
621 4357 766 4412 sunt
781 4350 845 4435 ¹),
907 4358 980 4413 ut
1027 4355 1093 4413 in
1140 4356 1229 4413 ed.
1276 4354 1624 4413 bononiensi
1680 4355 2029 4412 inscribitur
2070 4355 2248 4413 etiam
2279 4356 2567 4413 somnium
2612 4352 2961 4413 Viridarii¹l

350 4451 548 4509 1590;
593 4452 788 4513 16203
822 4443 1099 4502 Coloniae
1130 4453 1309 4506 1623.
1344 4443 1415 4506 H.
1437 4443 1621 4502 Sedu·
1679 4444 1993 4519 principiis
2041 4462 2163 4502 non
2214 4442 2535 4518 probandis
2582 4442 2852 4500 innixum
2902 4448 2961 4499 et

338 4530 455 4589 lius
486 4532 726 4607 scripsit
755 4533 1182 4608 Apoloqeticum
1213 4533 1499 4591 adversus
1519 4535 1621 4590 Al·
1679 4532 1806 4590 sedi
1883 4534 2242 4607 apostolicae
2328 4532 2644 4601 infensum,
2722 4530 2962 4588 Parisiis

340 4637 617 4679 coranum
651 4621 1169 4681 Franciscanorum
1204 4622 1368 4697 prol.
1392 4621 1620 4681 confor—
1687 4632 1887 4684 1516:
1919 4622 1983 4680 in
2005 4622 2362 4680 Goldasti
2396 4621 2731 4680 Monarchia
2751 4638 2795 4677 e.
2818 4638 2960 4677 rom.

1099 4701 1110 4711 ’
1677 4711 1818 4785 imp.
1851 4711 1895 4779 Ι,
1934 4719 2174 4773 58·229
2197 4714 2304 4771 etc.
2340 4710 2473 4786 Ipse
2489 4714 2804 4785 praeterea,
2827 4726 2961 4765 cum

419 4830 456 4897 ¹)
483 4826 565 4881 Cf.
592 4825 912 4881 Stannonik
952 4827 1063 4881 KL.
1106 4829 1172 4891 1²,
1206 4833 1341 4884 441:
1384 4832 1511 4882 acta
1535 4829 1624 4883 SS.
1787 4857 1795 4863 ·

340 4896 461 4952 Oct.
493 4899 556 4963 11,
584 4903 689 4954 552
718 4916 789 4975 ⁸2²
816 4902 922 4955 868
948 4903 1054 4954 etc.
1648 4947 1656 4963 ,
1760 4904 1797 4969 ι)
1826 4900 1908 4954 Cf.
1942 4899 2203 4953 Potthast
2228 4918 2283 4968 p.
2312 4905 2494 4955 10262’.
