3475 5364
613 360 735 413 223
906 347 1275 399 1201—1225.
1303 341 1499 397 Theol.
1524 342 1699 396 schol.
1728 342 1926 397 Simon
1952 341 2138 408 Torn.,
2168 340 2610 412 Prae-positivus,
2639 340 2957 396 Eberhard.
3126 354 3282 407 224

608 529 644 585 d
663 528 1220 597 oricantuarensis,
1238 528 1479 586 Parisiis
1501 538 1684 591 1679.
1708 529 1885 586 Geor·
1914 526 1917 603 3
1942 529 2159 587 Romae
2201 537 2383 591 1880.
2417 527 2515 587 IV.
2556 534 2881 589 322—46.
2900 524 3279 583 —Guilel-

608 618 742 694 gius
774 617 1062 676 Lefebure
1093 617 1282 675 edidit
1314 618 1369 676 le
1388 616 1566 675 traite
1598 618 1669 674 de
1699 635 1887 675 usura
1914 616 1918 677 i
1943 636 2076 675 mus
2154 616 2762 692 Praepositivus
2838 614 3277 683 Lombardus,

607 725 742 765 cum
793 707 1062 765 versione
1111 709 1172 765 et
1221 706 1685 776 introductione,
1736 706 1887 764 Lille
1913 700 1918 823 Ι
1944 706 2221 765 ecclesiae
2237 704 2582 781 parisiensis
2595 704 2986 763 cancellarius
3001 706 3274 785 (1206-

615 804 799 858 1902.
851 795 1227 853 Tribuuntur
1273 796 1388 871 ipsi
1433 797 1739 871 praeterea
1768 796 1883 853 lec·
1913 826 1917 843 ·
1951 791 2162 876 1209).
2226 794 2483 871 insignis
2544 794 2879 870 theologus..
2943 812 3135 869 quem
3219 810 3275 849 s.

607 892 778 944 turae
813 885 1124 953 solemnes,
1158 885 1194 941 l.
1230 884 1301 943 de
1334 885 1660 943 salvatione
1683 884 1886 961 Orige-
1944 885 2195 942 Thomas
2212 902 2383 959 saepe
2400 883 2624 951 laudat,
2659 882 3046 941 concinnavit
3061 882 3272 941 Sum-

606 974 700 1032 nis
731 976 839 1032 etc.
859 1007 948 1018 —·
967 974 1121 1032 Male
1152 974 1322 1032 audit
1355 974 1608 1031 Simon
1643 973 1884 1032 canoni·
1943 993 2099 1032 mam
2131 974 2499 1050 theoloyicam
2529 972 2930 1030 scholasticam
2959 991 3033 1030 ex
3054 971 3274 1030 dietis

607 1081 711 1121 cus
774 1063 1138 1121 tornacensis
1183 1063 1361 1121 etiam
1414 1063 1497 1121 de
1549 1063 1887 1120 Tornaco
1945 1067 2200 1138 patrum,
2234 1062 2389 1120 idem
2422 1062 2577 1121 forte
2622 1080 2773 1136 opus
2807 1079 2941 1119 cum
2974 1060 3273 1136 postillis

608 1152 825 1221 dictuS,
859 1152 1144 1228 magister
1175 1151 1584 1227 philosophiae
1621 1154 1683 1210 et
1720 1152 1886 1211 theo·
1944 1152 2376 1211 sententiarum
2410 1151 2528 1227 ipsi
2560 1150 2809 1209 tributis
2846 1148 2907 1230 (†
2937 1168 2987 1208 c.
3018 1160 3138 1212 121
3164 1144 3265 1225 7).

606 1240 795 1317 logias
843 1240 906 1298 in
938 1241 1233 1299 academia
1272 1240 1606 1317 parisiensi,
1657 1242 1764 1315 qui
1795 1243 1888 1299 tot
1947 1275 2027 1284 --
2063 1241 2278 1299 Contra
2324 1240 2670 1298 Waldenses
2716 1257 2822 1298 seu
2871 1239 3174 1298 catharos
3216 1239 3264 1296 1.

606 1330 993 1388 admiratores
1014 1330 1226 1388 habuit
1245 1334 1392 1405 quot
1411 1330 1748 1399 auditores;
1783 1329 1886 1387 sed
1943 1331 2331 1388 antihaeresin
2407 1328 2645 1404 scripsit
2717 1328 2765 1386 E
2780 1328 2820 1386 b
2837 1347 2869 1386 e
2883 1329 2967 1386 rh
2988 1348 3025 1386 a
3042 1348 3073 1385 r
3087 1329 3127 1386 d
3148 1347 3201 1386 u
3226 1347 3261 1385 a

606 1421 948 1494 contempta
964 1419 1338 1495 evangelicae
1359 1419 1658 1477 doctrinae
1691 1419 1885 1476 humi·
1942 1417 2344 1487 mandi-ensis,
2375 1416 2662 1476 Betuniae
2692 1416 3002 1483 oriundus,
3050 1436 3258 1493 quam

606 1508 775 1567 litate
807 1508 1008 1584 plures
1042 1508 1104 1566 in
1125 1508 1328 1566 Mosen
1345 1510 1405 1566 et
1422 1507 1721 1566 Christum
1740 1508 1885 1566 effu·
1942 1508 2130 1566 edidit
2163 1508 2475 1566 Gretserus
2523 1524 2658 1565 cum
2704 1506 2839 1563 aliis
2872 1505 3257 1583 Ingolstadii

606 1596 777 1654 tiisse
810 1596 1205 1673 blasphemias
1224 1599 1429 1665 fertur,
1453 1597 1595 1654 dum
1617 1596 1741 1654 scil.
1777 1615 1884 1655 suo
1956 1607 2113 1659 1616
2172 1595 2257 1677 (et
2306 1596 2465 1654 inter
2513 1596 2641 1671 ejus
2693 1613 2829 1670 opp.
2864 1599 2905 1651 t.
2938 1592 3113 1673 XIl);
3174 1595 3250 1652 in

606 1685 915 1743 An'stoteli
949 1686 1243 1761 superbus
1259 1690 1614 1761 etarrogans
1631 1685 1887 1744 nimium
1941 1686 2083 1743 bibl.
2132 1687 2241 1743 PP.
2287 1686 2452 1762 lugd.
2499 1690 2541 1742 t..
2574 1684 2775 1743 xxlv.
2810 1684 2997 1761 Magis
3029 1690 3253 1743 tamen

607 1774 956 1832 inhaereret.
989 1774 1142 1832 Hinc
1173 1774 1376 1833 divina
1405 1774 1636 1832 ultione
1666 1778 1883 1843 iactus,
1941 1776 2071 1850 ipse
2104 1774 2374 1833 innotuit
2403 1775 2530 1831 suis
2564 1773 2824 1848 scriptia,
2861 1792 3014 1848 quae
3048 1772 3123 1831 ad
3157 1774 3242 1831 li·

607 1866 679 1920 ut
710 1867 1004 1930 narratur,
1038 1864 1198 1921 omni
1223 1864 1479 1921 ‚scientia
1510 1865 1783 1939 privatus
1800 1867 1889 1922 est
1940 1867 2097 1922 teras
2133 1863 2528 1930 humaniores,
2576 1880 2813 1939 graecas
2859 1862 3240 1937 praesertim,

605 1969 671 2009 ac
720 1951 989 2028 mugitus
1041 1952 1329 2010 humanae
1380 1952 1699 2011 locutionis
1764 1952 1886 2011 loco
1943 1957 2229 2028 spectant,
2277 1952 2438 2011 unde
2485 1952 2892 2010 Graecista
2942 1952 3062 2010 fuit
3093 1969 3239 2027 cog·

607 2041 881 2116 deinceps
928 2040 1120 2100 edidit
1171 2042 1247 2119 (fl-
1284 2060 1328 2100 c.
1375 2036 1582 2120 1216).
1648 2043 1887 2100 Praeter
1940 2042 2299 2111 nominatus,
2347 2061 2381 2099 a
2420 2059 2539 2116 quo
2571 2045 2772 2099 tamen
2802 2041 2906 2099 alii
2937 2060 3077 2100 eum
3111 2041 3236 2098 dis-

605 2129 715 2188 alia
745 2131 1082 2206 composuit
1112 2131 1412 2189 Summam
1441 2131 1748 2206 theoloyiae
1780 2149 1884 2188 seu
1941 2132 2310 2209 tinguunt1).

605 2220 1013 2278 institutiones
1076 2220 1139 2276 in
1191 2238 1412 2278 sacram
1466 2220 1763 2295 paginam,
1815 2239 1883 2277 ex

605 2327 722 2382 qua
738 2304 1077 2412 Haureau1)
1100 2308 1432 2410 fragmenta
1455 2309 1708 2411 exhibet.
1744 2309 1885 2410 Ejus
2021 2375 2055 2441 ι)
2084 2370 2157 2425 Cf
2209 2370 2310 2426 Bio
2516 2372 2555 2424 t·
2597 2370 2633 2424 d
2707 2370 2782 2424 Be
2904 2370 2985 2424 VI
3102 2375 3131 2387 „

607 2405 884 2471 expositio
936 2398 1171 2472 symbola
1219 2417 1263 2456 s.
1299 2399 1613 2456 Athanasn
1661 2398 1886 2473 produt
1940 2441 2105 2496 Alius
2132 2411 2205 2496 afb
2231 2459 2296 2497 eo
2314 2389 2411 2495 {a
2435 2387 2535 2495 {ab
2550 2386 2676 2495 8τί
2691 2457 2725 2493 a
2741 2458 2768 2495 r
2787 2370 2922 2494 {fae
2952 2375 3229 2495 G’a‘ffii‘ess

606 2486 842 2544 demum
896 2487 958 2544 in
1009 2486 1154 2545 bibl.
1207 2487 1534 2545 casinensis
1567 2487 1884 2563 Florilegio
1941 2514 2109 2580 heim,
2138 2513 2239 2582 qui
2265 2513 2485 2585 primus
2525 2512 2740 2568 dicitur
2764 2513 2954 2578 fuisse,
2995 2512 3102 2582 qui
3126 2512 3229 2567 lin,

1940 2601 2056 2656 gua.
2083 2585 2410 2655 germanica
2450 2601 2595 2655 opus
2635 2584 3020 2639 conscriberet
3053 2584 3228 2638 histo·

665 2660 720 2736 ⁶⁴²)
751 2655 853 2780 OS.
906 2654 1000 2709 eit.
1051 2655 1146 2737 ΙΙΙ,
1200 2660 1498 2714 250-259.
1578 2658 1659 2712 cf.
1714 2655 1882 2712 etiam
1940 2656 2126 2712 ricum
2153 2661 2335 2730 (1216)
2376 2658 2497 2713 scil.
2537 2659 2920 2712 Reimchronik
2952 2676 3058 2713 von
3083 2660 3228 2737 Ganf

607 2727 751 2788 Hm,
838 2743 866 2781 e
911 2729 967 2781 la
1017 2727 1381 2798 ph1losophie
1433 2728 1604 2786 schol.
1652 2728 1885 2782 Parisiis
1940 2733 2220 2794 cler-aheim,
2247 2731 2431 2783 forma
2471 2729 2609 2783 satis
2635 2729 2767 2783 rudi
2811 2745 3003 2798 neque
3031 2745 3125 2782 ma
3167 2745 3230 2782 m

611 2801 762 2863 1880,
834 2845 845 2857 .
874 2804 905 2854 2
934 2802 1022 2854 t.1
1055 2818 1110 2869 p.
1137 2803 1206 2855 58
1231 2817 1302 2853 ss.
1348 2800 1450 2867 qui
1478 2799 1560 2854 nil
1586 2801 1885 2870 reprehen·
1984 2799 2113 2854 retii
2143 2800 2420 2855 historici.
2473 2800 2607 2855 Post
2645 2800 2788 2854 alias
2828 2799 2965 2854 edit.
3010 2799 3074 2853 in
3157 2799 3224 2852 G.

606 2869 763 2924 sione
791 2819 1031 2940 Signum
1073 2869 1134 2922 in
1175 2871 1297 2940 ejus
1336 2870 1598 2925 doctrina
1638 2871 1885 2942 philoso·
1982 2871 2076 2925 ist.
2128 2872 2401 2925 deutsche
2454 2870 2781 2926 Chroniken
2828 2871 2895 2936 11,
2940 2875 3229 2929 397-429

606 2941 776 3012 phica
803 2941 1044 3010 reperit:
1073 2941 1241 2994 Feret
1265 2944 1305 3007 I,
1331 2947 1435 2999 205
1463 2960 1504 2996 s.
1942 2961 2059 2997 cur.
2085 2942 2146 2996 L.
2174 2942 2460 2997 Weiland.
2511 2944 2594 2998 Cf.
2621 2943 2889 2998 Potthast
2912 2947 3038 3000 389.

849 3230 960 3329 ΙΙ.
1026 3230 1594 3369 Disciplinae
1661 3230 1778 3329 ad
1841 3258 1957 3331 ss,
2022 3230 2351 3329 literas
2417 3233 2958 3351 spectantes,

1942 3468 2099 3526 haud
2134 3467 2431 3526 immerito
2477 3468 2631 3526 male
2676 3467 2902 3526 audiit:
2950 3468 3227 3546 ingentes

1941 3556 2100 3614 enim
2134 3561 2334 3615 motus
2365 3559 2426 3616 et
2458 3558 2667 3615 turbas
2702 3556 2826 3615 suis
2860 3557 3108 3633 scriptis
3128 3574 3221 3615 ex-

701 3477 838 3530 126.
872 3466 1187 3525 Neminem
1219 3469 1328 3526 hoc
1360 3486 1504 3526 aevo
1536 3467 1881 3543 reperimu8‚

601 3557 705 3631 qui
739 3557 976 3632 scriptis
1021 3556 1176 3615 circa
1221 3575 1264 3615 s.
1301 3557 1664 3632 Scripturam
1710 3557 1885 3614 inno-

601 3647 787 3704 tuerit
805 3643 867 3727 ¹).
903 3666 1091 3704 unum
1124 3646 1174 3704 si
1207 3646 1481 3721 excipia8‚
1531 3646 1635 3720 qui
1686 3649 1885 3704 tamen

1910 3683 1915 3822 1
1942 3779 2011 3815 ss.
2038 3765 2269 3831 patrum
2297 3761 2596 3816 sententiis
2636 3762 2778 3816 locis
2822 3761 3074 3832 singulis
3100 3779 3223 3817 con-

676 3841 712 3898 ι)
740 3833 910 3888 Plura
955 3848 1128 3900 opera
1170 3849 1328 3885 mser.
1373 3832 1434 3885 in
1461 3850 1500 3886 s.
1530 3831 1883 3914 Scripturam
1910 3849 1914 3904 ι
1941 3833 2354 3897 venientibus‚··
2398 3835 2541 3887 teste
2582 3832 2827 3886 Henrico
2868 3834 3223 3904 gandavensi

599 3904 838 3972 reliquit
863 3905 908 3958 G
927 3903 1255 3957 uilelmus
1282 3904 1323 3955 L
1341 3920 1369 3955 e
1387 3921 1422 3970 y
1440 3920 1468 3956 c
1485 3921 1513 3957 e
1531 3921 1556 3956 s
1574 3907 1638 3956 tr
1654 3922 1675 3957 ι
1693 3922 1729 3957 u
1749 3921 1773 3957 s
1791 3904 1883 3968 (al.
1910 3925 1913 3974 ς
1940 3922 1983 3958 c.
2027 3910 2112 3961 33.
2166 3904 2660 3960 Circumferuntur
2709 3903 2882 3959 etiam
2933 3904 2998 3957 in
3050 3905 3223 3959 variis

604 3974 1008 4038 Montanus‚de
1021 3974 1335 4036 Montibus)
1355 3975 1505 4028 CSA.
1523 3974 1883 4028 Lincolnien-
1910 3987 1913 4024 Ι
1941 3976 2163 4030 Galliae
2195 3975 2555 4031 bibliothecis
2581 3976 2981 4030 commentarii
3008 3978 3135 4046 ejus
3159 3976 3219 4030 in

600 4045 675 4099 sis
702 4062 747 4100 c.
776 4051 933 4109 1217,
961 4046 1111 4098 inter
1128 4060 1275 4113 quae
1294 4046 1747 4100 concordantiae
1769 4046 1884 4101 bib·
1909 4057 1912 4100 l
1940 4048 2299 4113 Psalterium,
2327 4047 2374 4102 si
2399 4065 2516 4101 non
2544 4049 2679 4101 sunt
2694 4048 2820 4117 ejus
2836 4048 3223 4116 praedecesso·

601 4117 841 4176 liorum;
883 4118 952 4170 de
994 4116 1176 4186 tropis
1216 4117 1673 4186 Scripturammz
1719 4135 1883 4188 expo·
1908 4105 1912 4176 Ι
1937 4119 2016 4173 ris
2042 4118 2103 4172 in
2130 4120 2261 4173 sede
2276 4119 2575 4175 senonensi
2592 4118 2899 4189 etcognati
2924 4119 3224 4175 Michael

598 4188 835 4243 sitiones
855 4189 1282 4256 evangeliorum
1304 4193 1362 4242 et
1380 4188 1754 4259 epistolarum
1777 4193 1882 4244 etc.
1907 4179 1911 4280 ξ
1938 4191 1973 4243 d
1991 4207 2021 4244 e
2073 4191 2158 4244 Co
2173 4209 2202 4243 r
2219 4192 2254 4245 b
2270 4207 2302 4243 ο
2319 4190 2375 4245 li
2392 4208 2441 4253 0,
2493 4190 2588 4244 cui
2630 4190 2971 4246 tribuuntur
3010 4191 3224 4260 pariter

598 4260 680 4315 Cf.
726 4259 1022 4315 Fabricius
1067 4261 1161 4324 ΙΙΙ,
1207 4265 1326 4317 142.
1378 4293 1444 4302 —-
1500 4260 1768 4315 Petrus
1812 4261 1881 4314 de
1936 4262 2333 4316 commentarii
2355 4262 2417 4314 in
2435 4262 2705 4316 Psalmos.
2737 4294 2797 4303 —·
2830 4262 3229 4317 Alexander

597 4333 637 4387 O
656 4350 687 4386 ο
704 4350 731 4384 r
750 4333 832 4386 bo
852 4331 870 4385 l
888 4333 955 4385 io
1002 4330 1236 4385 Parisiis
1273 4332 1624 4403 theologiam
1665 4332 1881 4396 docuit,
1938 4333 1987 4386 N
2007 4349 2037 4387 e
2054 4350 2083 4386 c
2100 4333 2135 4384 k
2151 4349 2185 4386 a
2202 4352 2255 4387 m
2285 4349 2405 4387 can.
2434 4351 2476 4387 r.
2505 4352 2547 4390 s.
2574 4335 2724 4402 Aug.
2752 4333 2942 4402 patria
2968 4333 3224 4389 Hartfor·

600 4403 698 4458 ubi
740 4401 891 4457 inter
928 4402 1244 4474 discipulos
1279 4421 1410 4460 suos
1444 4403 1650 4458 habuit
1675 4403 1881 4457 Lotha·
1936 4404 2148 4459 diensis
2175 4407 2249 4475 (n.
2280 4410 2438 4476 1175)
2474 4404 2825 4458 academiam
2852 4405 3222 4473 parisiensem

597 4474 744 4528 rium
792 4475 1137 4545 Anagnium‚
1190 4475 1293 4544 qni
1336 4477 1529 4545 postea
1581 4475 1695 4529 fuit
1744 4491 1880 4546 pon·
1935 4475 2187 4538 accessit,
2241 4477 2343 4531 ubi
2394 4477 2451 4530 in
2496 4477 2615 4530 enii
2665 4475 2999 4557 prodigium
3047 4477 3226 4531 fuisse

597 4547 734 4599 tifex
764 4548 870 4598 sub
912 4547 1141 4600 nomine
1171 4547 1489 4602 Innocentii
1518 4547 1612 4600 ΙΙΙ.
1665 4546 1748 4600 Ex
1784 4563 1878 4617 pa·
1934 4546 2165 4602 dicitur.
2193 4547 2465 4617 Philosop
2513 4564 2580 4602 us
2600 4547 2857 4612 eximius,
2879 4547 3221 4602 eruditionis

595 4616 822 4671 risiensi
849 4619 898 4672 b.
927 4618 1140 4672 Mariae
1167 4619 1441 4673 canonico
1482 4622 1540 4672 et
1578 4618 1878 4689 designato
1904 4643 1909 4724 1
1934 4619 2254 4689 profundae
2281 4619 2602 4690 theologus,
2627 4619 2821 4673 rhetor
2846 4634 2912 4672 ac
2932 4622 3106 4690 poeta
3121 4635 3225 4674 suo

595 4690 973 4744 cameracensi
1000 4690 1266 4761 episcopo
1312 4689 1775 4761 archiepiscopus
1801 4707 1880 4743 se·
1937 4695 2189 4761 tempore
2230 4690 2495 4760 insignis,
2536 4706 2650 4758 quo
2696 4690 2759 4743 in
2784 4691 3090 4746 auctorum
3116 4691 3220 4745 lec·

597 4760 865 4816 nonensis
891 4764 956 4832 (c,
985 4779 1037 4818 a.
1066 4767 1232 4822 1200:
1260 4774 1287 4824 †
1317 4767 1473 4822 1222)
1515 4762 1700 4815 totum
1746 4777 1878 4831 apo·
1936 4761 2091 4815 tione
2121 4763 2317 4816 nullus
2385 4761 2727 4832 erspicacior
2751 4765 2857 4815 aut
2880 4761 3219 4833 elegantior,

594 4833 804 4887 stolum
850 4832 886 4892 i.
929 4849 973 4887 e.
1012 4850 1207 4888 omnes
1249 4836 1356 4904 Ap.
1398 4832 1565 4886 Pauli
1608 4832 1880 4902 epistolas
1906 4861 1909 4880 ι
1935 4833 2083 4888 circa
2110 4850 2162 4886 a.
2186 4837 2324 4888 1180
2344 4782 2579 4904 legebat
2595 4834 2719 4903 jam
2739 4832 2971 4903 publice
2991 4833 3226 4888 Parisiis

597 4904 899 4974 ..exposuit
924 4905 1216 4959 subtiliter
1242 4908 1300 4959 et
1326 4904 1571 4975 copiose,
1598 4904 1881 4975 appositis
1906 4911 1909 4960 Ι
1936 4922 2065 4958 cum
2093 4905 2411 4976 applausu:
2438 4921 2611 4972 quam
2640 4905 2713 4958 ob
2728 4921 2848 4960 rem
2864 4905 3219 4960 auditorium
