3475 5364
369 361 490 414 797

1410 341 1440 395 J
1448 358 1662 397 oannes
1687 346 1919 397 (jeraon.

2856 362 2977 415 798

363 531 647 589 adversus
699 529 962 604 Saigneti
1027 529 1508 587 lamentationem
1568 531 1642 587 ob
1699 530 2051 606 gelistarum
2070 529 2271 598 incisa,
2304 531 2375 588 ut
2405 549 2476 588 ea
2506 529 2579 588 ad
2612 528 2982 588 harmoniam

364 618 721 679 coelibatum
786 618 1188 686 sacerdotum:
1268 620 1339 675 de
1394 621 1644 677 simonia
1699 624 1947 678 revocet.
1964 614 2031 696 ¹).
2096 619 2511 678 Collectorium
2543 637 2721 694 super
2752 618 2981 695 Maqm‘-

365 707 569 790 (etiam
620 705 682 765 in
733 727 785 766 v.
837 707 890 764 d.
943 707 1132 765 Hardt
1180 707 1346 766 Conc.
1397 710 1583 766 const.
1617 709 1644 765 Ι
1695 708 1912 781 ficatin
1933 707 2013 765 IX
2034 710 2323 767 tractatus
2356 708 2650 776 divisum3
2682 728 2737 783 p.
2776 717 2810 769 2
2845 726 2982 765 ora·

364 819 419 873 p.
458 794 553 878 4);
605 816 660 871 p.
713 807 765 858 5.
815 815 902 864 ea,
951 814 1103 871 quae
1149 796 1221 854 ad
1266 796 1644 872 disciplinam
1699 799 1880 856 tiones
1932 797 2223 856 solemnes
2267 798 2613 872 eloquentes
2646 800 2708 856 et
2738 814 2982 873 graves:

364 885 750 946 monasticam
797 885 1117 960 pertinent,
1166 887 1325 944 inter
1370 905 1523 962 quae
1556 889 1646 944 est
1700 884 1991 962 epistolae,
2039 888 2306 945 carmina
2351 889 2413 944 et
2444 887 2562 945 alia
2591 881 2980 946 miscellanea.

363 977 541 1035 etiam
576 975 885 1049 responsio
918 975 989 1033 ad
1023 975 1374 1033 monachum
1405 975 1643 1033 carthu-
1700 1011 1787 1019 —
1822 975 2089 1050 Denique
2133 978 2177 1034 t.
2225 974 2291 1033 V.
2329 976 2528 1051 Dupin
2572 975 2812 1033 exhibet
2856 978 2983 1033 acta

366 1067 600 1124 sianum
634 1064 702 1121 de
733 1057 900 1123 libris
931 1064 1176 1141 leqendis
1220 1083 1257 1120 a
1289 1058 1564 1122 monacho
1577 1060 1641 1144 ¹).
1700 1070 1762 1124 et
1795 1068 2178 1124 monumenta
2212 1059 2417 1144 (etiam
2454 1064 2725 1133 aliorum,
2772 1064 2891 1123 imo
2922 1067 2984 1123 et

364 1188 451 1197 —
482 1154 552 1212 Ιιι
583 1156 628 1214 t.
662 1153 766 1211 111.
799 1173 856 1228 p.
891 1166 936 1214 l.
970 1153 1356 1211 continentur
1386 1172 1470 1222 ea,
1494 1172 1645 1227 quae
1701 1148 2200 1234 adversariorum)
2214 1153 2290 1212 ad
2306 1152 2981 1213 causamJoannisParvi

364 1244 434 1301 ad
483 1261 714 1300 morum
760 1241 1088 1300 doctrinm
1119 1243 1440 1317 pertinent,
1487 1242 1646 1301 inter
1701 1238 2110 1324 spectantiass).
2144 1242 2272 1300 Etsi
2294 1260 2432 1302 vero
2452 1243 2775 1301 Gersonius
2796 1241 2979 1300 schis-

368 1351 518 1407 quae
569 1332 606 1389 l.
653 1331 721 1388 de
752 1332 870 1388 vita
901 1332 1203 1406 spirituali
1234 1333 1465 1390 animae
1478 1353 1503 1406 ;
1552 1350 1643 1389 re-

360 1423 531 1500 yulae
561 1421 809 1478 morales
822 1442 851 1493 ,·
882 1421 1233 1495 definitiones
1264 1439 1466 1478 rerum
1500 1440 1644 1494 qua·

365 1510 621 1569 rundam
666 1509 736 1566 ad
784 1509 1141 1585 theologiam
1189 1510 1469 1569 moralem
1512 1528 1642 1584 per-

366 1597 719 1666 tinentium:
768 1601 841 1656 tr.
874 1599 943 1657 de
968 1599 1342 1674 passionibus
1371 1601 1605 1657 animae
1618 1618 1645 1669 ,-

365 1690 434 1746 de
464 1688 879 1757 contractibus3
928 1690 1002 1745 tr.
1037 1689 1105 1746 de
1136 1690 1398 1747 oratione
1445 1695 1496 1746 et
1526 1689 1646 1762 ejus

363 1779 556 1836 valore
571 1797 598 1847 ,·
657 1780 730 1834 tr.
782 1777 849 1835 de
899 1778 1170 1851 parvulis
1217 1773 1300 1836 ad
1353 1777 1646 1835 Christum

367 1861 665 1924 trahendis
687 1861 756 1946 ²).
833 1867 896 1923 P.
935 1875 988 1928 2.
1041 1866 1423 1924 continentur
1471 1884 1646 1941 opera

367 1955 613 2032 mystica
644 1957 705 2013 et
735 1955 851 2030 pia,
885 1973 1022 2013 nam
1053 1955 1118 2013 in
1136 1955 1495 2033 theologiam
1516 1974 1643 2030 my-

366 2046 571 2103 sticam
622 2044 938 2103 admodum
971 2044 1409 2119 propendebat:
1474 2044 1537 2101 it.
1570 2048 1644 2106 tr.

365 2135 435 2192 de
465 2135 702 2207 mystica
735 2133 1008 2211 theoloyia
1023 2155 1046 2205 ;
1074 2136 1150 2191 tr.
1181 2134 1251 2193 de
1271 2135 1646 2192 elucidatione

365 2224 706 2281 scholastica
737 2224 1007 2298 mysticae
1037 2224 1346 2301 theologiae
1360 2243 1389 2294 ;
1408 2223 1475 2280 de
1505 2224 1645 2280 sim-

357 2312 728 2387 plificatione,
762 2311 1146 2380 stabilitione,
1169 2311 1646 2370 mundificatione

367 2400 558 2459 cordis
591 2398 659 2480 (s.
693 2401 730 2457 l.
765 2403 826 2458 et
862 2420 910 2458 a.
933 2419 980 2458 c.
1014 2411 1173 2462 1472
1198 2420 1271 2458 m.
1299 2395 1483 2480 5oo);
1518 2399 1639 2458 Col-

367 2491 620 2566 loquium
651 2490 907 2548 hominis
939 2489 1380 2565 contemplativi
1410 2489 1484 2547 ad
1517 2489 1642 2547 ani-

368 2598 524 2636 mam
590 2596 755 2636 suam
820 2583 880 2637 et
928 2578 1161 2638 animae
1225 2580 1297 2638 ad
1347 2578 1641 2637 hominem

368 2687 548 2743 super
578 2671 929 2744 paupertate
961 2671 1021 2727 et
1053 2668 1433 2727 mendicitate
1467 2667 1641 2743 spiri-

366 2758 517 2816 tuali
534 2780 547 2827 3
569 2759 641 2815 tr.
663 2758 731 2814 de
751 2765 935 2816 monte
953 2760 1462 2833 contemplationis,
1486 2774 1644 2816 unus

369 2865 434 2904 ex
468 2846 816 2905 melioribus
851 2846 1120 2906 Gersonii
1150 2848 1341 2916 libris,
1381 2847 1642 2921 primum

368 2936 580 3013 gallice
612 2936 1015 3011 conscriptus:
1048 2936 1116 2993 de
1148 2938 1394 2995 diversis
1430 2936 1646 2994 diaboli

367 3025 772 3084 tentationibus
783 3047 809 3099 ,·
841 3024 1341 3084 considerationes
1373 3026 1443 3082 de
1472 3044 1516 3082 s.
1539 3025 1643 3082 Jo-

366 3115 538 3186 sepho
583 3109 866 3196 (gallice).
928 3116 998 3173 In
1030 3114 1143 3172 fine
1190 3135 1244 3190 p.
1296 3122 1639 3178 770—-800

368 3202 646 3279 adjicitur
705 3204 1087 3279 Alphabetum
1153 3206 1341 3262 divini
1401 3204 1642 3276 amoris,

367 3292 522 3368 quod
576 3295 776 3350 tamen
825 3293 1220 3368 suppositum,
1288 3294 1380 3350 vel
1432 3293 1641 3349 saltem

366 3380 616 3439 dubium
647 3380 900 3440 videtur.
964 3382 1195 3441 Prodiit
1226 3383 1339 3440 sub
1373 3380 1642 3439 Gersonii

368 3471 602 3529 nomine
635 3487 680 3527 s.
713 3471 750 3529 l.
785 3475 846 3529 et
878 3489 927 3530 a.
964 3467 1034 3552 (c.
1075 3468 1293 3551 1473).
1325 3472 1386 3529 P.
1423 3478 1477 3532 3.
1502 3486 1639 3527 con-

366 3558 520 3618 tinet
550 3577 854 3618 sermones.
902 3593 984 3603 —-
1032 3561 1093 3622 Τ.
1127 3560 1224 3619 IV.
1270 3581 1324 3635 p.
1367 3571 1416 3622 1.
1450 3557 1640 3617 conti-

366 3652 587 3706 nentur
636 3666 813 3723 opera
861 3651 1175 3726 exegetica,
1224 3655 1294 3707 ut
1342 3650 1416 3711 tr.
1466 3663 1643 3720 super

365 3740 589 3795 cantica
620 3740 994 3815 canticorum,
1014 3739 1214 3797 triduo
1239 3741 1378 3796 ante
1390 3740 1640 3796 mortem

367 3826 708 3896 absolutus;
751 3834 1180 3887 monotessaron
1213 3846 1320 3886 seu
1349 3845 1540 3886 unum
1571 3844 1638 3883 ex

367 3919 625 3990 quatuor
644 3917 990 3993 evangeliis,
1012 3935 1162 3993 opus
1183 3917 1355 3977 valde
1387 3916 1637 3974 laborio-

365 4023 496 4062 sum
530 4008 592 4062 et
622 4004 892 4082 diligens,
923 4007 1037 4065 etsi
1069 4006 1222 4064 forte
1251 4006 1449 4065 minus
1480 4004 1638 4073 felix,

366 4095 523 4168 quod
559 4112 620 4153 se
652 4094 920 4153 extendit
949 4096 1042 4154 vel
1088 4095 1163 4154 ad
1194 4095 1434 4172 singula
1464 4113 1637 4152 evan-

1700 1332 1879 1391 matis
1919 1331 2377 1390 difficultatibus
2417 1329 2842 1407 propemodum
2878 1331 2980 1391 ad-

1700 1425 1869 1480 actus
1933 1420 2410 1497 superioritatem
2473 1420 2708 1479 concilii
2777 1419 2984 1479 docuit

1702 1529 1883 1586 supra
1914 1510 2253 1585 pontificem
2275 1511 2369 1568 vel
2401 1509 2753 1586 legitimum,
2788 1508 2981 1569 fassus

1700 1603 1901 1658 tamen
1949 1602 2039 1658 est
2084 1599 2212 1675 ipse
2257 1616 2434 1673 saepe
2466 1598 2794 1658 doctrinam
2834 1599 2984 1657 hanc

1701 1689 1893 1748 fuisse
1923 1707 2154 1758 novam,
2181 1690 2242 1746 et
2273 1688 2338 1746 in
2370 1687 2485 1746 fine
2517 1688 2674 1746 vitae
2714 1707 2825 1763 per
2855 1705 2980 1746 mo-

1702 1779 1845 1837 dum
1881 1777 2318 1836 retractationis
2352 1795 2492 1837 suos
2513 1777 2858 1848 exhortatus
2889 1781 2983 1835 est

1700 1868 1968 1937 lectores,
1989 1870 2060 1924 ut
2079 1865 2437 1942 posthabitis
2457 1865 2694 1941 scriptis
2714 1866 2842 1924 suis
2861 1884 2982 1924 non

1701 1957 2018 2024 novitates,
2073 1956 2173 2014 sed
2207 1960 2476 2014 veterum
2508 1953 2815 2014 doctorum
2848 1973 2982 2013 sen-

1699 2045 1925 2104 tentias
1989 2045 2331 2120 sequantur,
2395 2043 2749 2103 declarando
2812 2062 2982 2119 prae·

1700 2139 1869 2194 terea
1929 2152 1990 2192 se
2052 2152 2187 2192 cum
2250 2133 2491 2193 horrore
2536 2133 2758 2191 vidisse
2818 2133 2984 2192 varia

1702 2224 1991 2298 opuscula
2023 2241 2132 2280 suo
2152 2224 2393 2282 nomine
2417 2223 2739 2297 propalata,
2766 2222 2982 2297 partim

1700 2312 2048 2380 incorrecta,
2073 2311 2288 2386 partim
2310 2311 2541 2381 falsata,
2577 2330 2730 2385 quae
2749 2314 2985 2386 optaret

1701 2401 1937 2459 flamma
1967 2418 2144 2460 vorax
2185 2400 2609 2476 assumpsisset
2651 2403 2758 2458 aut
2785 2399 2986 2458 minu-

1700 2491 1875 2548 tatim
1906 2489 2159 2549 lacerata
2187 2490 2344 2548 irent
2374 2489 2437 2547 in
2456 2488 2766 2548 oblivionis
2793 2492 2981 2548 aeter-

1701 2598 1812 2637 nae
1857 2579 2209 2654 sepulcrum.
2278 2578 2590 2637 commend
2598 2573 2737 2636 aba't
2782 2580 2982 2637 autem

1701 2689 1771 2728 ex
1806 2668 2106 2728 veteribus
2151 2666 2493 2728 doctoribus
2541 2667 2889 2743 praesertim
2935 2686 2980 2725 s.

1700 2760 2184 2819 Bonaventuram
2231 2761 2293 2816 et
2336 2756 2728 2815 Alexandrum
2763 2756 2979 2815 Halon-

1702 2866 1841 2906 sem.
1892 2848 2079 2906 Stilus
2113 2849 2243 2922 ejus
2275 2850 2368 2905 est
2400 2845 2701 2915 robustus,
2737 2846 2837 2905 sed
2871 2847 2981 2904 du-

1701 2956 1805 2995 rus
1837 2940 1898 2995 et
1927 2937 2249 3013 neglectus.

1797 3124 1939 3177 399.
2003 3116 2055 3173 A
2106 3115 2389 3174 Gereonio
2437 3115 2720 3173 nolumus
2783 3113 2983 3188 sejun-

1700 3222 1839 3280 gere
1873 3204 1925 3262 N
1947 3205 2063 3262 ico
2085 3204 2288 3263 laum
2323 3202 2729 3271 Poillevillain‚
2777 3224 2810 3260 a
2855 3202 2985 3260 loco

1701 3292 1897 3366 patrio
1944 3293 2172 3352 dictum
2217 3293 2289 3351 de
2337 3292 2782 3367 Clamanges
2826 3284 2983 3373 (Cla-

1700 3381 1971 3457 mengiis,
2006 3381 2077 3439 de
2109 3382 2454 3457 Clemanges
2486 3376 2639 3459 etc.),
2691 3381 2820 3455 ejus
2864 3380 2981 3437 scil.

1780 3626 1813 3692 ¹)
1844 3621 1925 3676 Cf.
1979 3622 2154 3675 Pesch
2203 3622 2470 3682 Zeitschr
2513 3624 2551 3677 f.
2598 3622 2653 3675 k.
2700 3622 2893 3675 Theol.
2937 3623 2985 3674 X

1700 3697 1924 3835 ‹182843'fi
1928 3699 2143 3818 2353&
2163 3766 2254 3829 111,
2271 3768 2475 3821 2263-
2484 3768 2643 3825 2291,
2671 3763 2771 3833 qui
2793 3779 2985 3819 secun·

1697 3836 1837 3889 dum
1881 3836 2030 3889 hanc
2069 3836 2153 3891 ed.
2198 3834 2390 3890 omnia
2418 3805 2675 3889 Gereonii
2716 3837 2985 3897 recenset,

1697 3908 1960 3975 quamvis
1972 3924 2086 3961 non
2097 3907 2234 3961 satis
2245 3905 2455 3965 critice:
2469 3906 2706 3961 Schwab
2715 3905 2765 3960 J.
2770 3907 2815 3961 G
2824 3924 2986 3962 erson

1698 3978 2214 4049 Wfirzburg1858;
2254 3978 2524 4049 Knopfier
2550 3978 2662 4034 KL.
2688 3978 2738 4030 V
2743 3985 2765 4017 ²
2809 3983 2985 4035 457—

1695 4054 1833 4109 473:
1862 4067 1975 4103 von
2001 4050 2101 4103 der
2136 4049 2321 4103 Hardt
2348 4051 2369 4103 Ι
2398 4068 2453 4120 p.
2484 4050 2556 4102 IV
2586 4066 2715 4120 pag.
2742 4055 2811 4107 26
2826 4055 2984 4107 —572

1696 4122 1861 4177 Bern.
1889 4122 2231 4176 DesirantO.
2251 4122 2303 4175 S.
2322 4124 2469 4192 Aug.
2486 4118 2547 4173 in
2562 4137 2656 4191 op.
2672 4120 2986 4203 Consilium

1698 4193 1952 4264 pietatis,
1979 4194 2190 4247 Romae
2219 4199 2359 4250 1720
2386 4197 2426 4245 t.
2452 4198 2482 4249 1
2512 4192 2645 4249 diss.
2670 4198 2738 4258 2.,
2782 4193 2845 4246 in
2873 4209 2989 4262 qua

1699 4283 1777 4320 cc.
1805 4271 1870 4323 21
1902 4263 2162 4319 Gereonii
2188 4265 2385 4328 vitam,
2413 4264 2749 4329 doctrinam,
2777 4280 2987 4318 errores

443 4338 478 4405 ¹)
504 4335 569 4387 In
596 4333 914 4403 appendice
953 4336 1127 4405 hujus
1166 4338 1224 4389 et
1258 4334 1642 4417 praecedentis
1699 4338 1863 4391 docte
1923 4335 2303 4406 prosequitur.
2350 4336 2654 4406 Epitomen
2703 4336 2877 4391 habes
2928 4335 2989 4388 in

364 4404 728 4460 continentur
755 4405 925 4475 plura
968 4407 1179 4488 scripta
1217 4406 1249 4459 J
1268 4423 1401 4459 oan
1421 4407 1534 4458 nis
1574 4405 1644 4458 de
1698 4407 1869 4462 Mich.
1898 4425 1931 4459 a
1958 4425 1998 4462 s.
2025 4408 2236 4475 Joseph
2257 4407 2523 4489 bibliogr.
2540 4407 2664 4462 crit.
2686 4407 2779 4473 ΙΙΙ,
2797 4411 2886 4464 63·
2889 4412 2988 4463 70:

364 4476 734 4557 Varennis
761 4477 1007 4532 doctoris
1034 4477 1362 4548 parisiensis
1382 4480 1442 4531 et
1458 4480 1644 4559 pasto-
1702 4478 1999 4533 Praeludia
2048 4478 2134 4533 ed.
2180 4478 2437 4546 Dupinii
2480 4477 2630 4532 inter
2669 4494 2816 4547 quae
2858 4477 2989 4532 Ger-

363 4546 440 4601 ris
467 4565 508 4601 s.
536 4547 676 4613 Leti,
706 4549 805 4617 qui
834 4548 1137 4604 Benedicto
1166 4549 1310 4602 xm.
1336 4548 1639 4603 cessionem
1701 4550 1942 4605 soniana
1994 4549 2057 4606 11.
2100 4555 2151 4613 4,
2204 4550 2414 4618 quibus
2457 4552 2649 4603 tamen
2699 4567 2816 4603 non
2868 4550 2989 4603 sine

361 4618 664 4683 consuluit,
707 4620 776 4674 de
804 4621 1012 4688 quibus
1051 4622 1123 4676 of.
1149 4620 1339 4675 Oudin
1367 4622 1461 4684 ΙΙΙ,
1490 4624 1645 4677 1266.

363 4689 586 4745 Floruit
611 4698 851 4746 exeunte
877 4708 985 4747 sec.
1011 4693 1157 4747 XIV.

1740 4638 1882 4679 rano
1926 4622 2062 4674 salis
2101 4620 2211 4675 erit
2249 4621 2561 4679 utendum:
2613 4621 2853 4675 Werner
2887 4620 2989 4674 Die

1742 4693 2021 4747 cholastik
2048 4694 2146 4747 des
2173 4696 2435 4763 spateren
2463 4693 2607 4756 MA..
2652 4692 2824 4746 Wien
2849 4696 2987 4748 1887

438 4772 474 4827 ²)
504 4762 658 4827 Quae
684 4763 756 4816 ad
785 4765 1199 4833 paedagogiam
1225 4766 1502 4833 spectant,
1527 4779 1646 4832 ger·
1701 4767 1741 4817 t.
1768 4769 1832 4823 4:
1861 4763 1994 4817 Bess
2019 4761 2279 4818 Realenc.
2308 4764 2428 4829 V1·,
2456 4768 2754 4821 612-617.
2783 4762 2988 4816 Recen-

363 4834 586 4887 manice
628 4850 787 4887 versa
823 4834 1162 4904 prodierunt
1204 4834 1472 4903 Friburgi
1507 4838 1647 4891 1904
1701 4835 1918 4888 tissime
1945 4836 2206 4890 accurate
2233 4836 2357 4904 ejus
2384 4834 2561 4888 vitam
2588 4836 2646 4888 et
2672 4850 2841 4904 opera
2869 4851 2988 4903 per-

361 4903 421 4955 in
449 4904 592 4959 Bibl.
619 4905 719 4960 der
742 4905 903 4960 kath.
931 4906 1266 4976 Padagogik
1290 4908 1334 4963 t.
1359 4907 1478 4961 XV.

1703 4908 1962 4974 sequitur
1992 4906 2157 4959 Feret
2185 4906 2274 4971 IV,
2301 4912 2471 4963 223—
2480 4910 2565 4961 73.
