3475 5364
338 347 360 398 ‘1
381 345 503 399 353
1295 326 1543 383 ,lacobus
1568 327 1982 399 Wimpheling.

2787 346 2949 399 1354

336 514 662 589 plurimum
722 514 1018 588 promovit
1065 533 1099 572 a
1149 513 1378 572 Basilea
1421 532 1612 589 usque
1670 534 1848 589 quam
1882 514 2155 590 plurimis
2187 515 2448 590 ejusdem
2484 514 2719 589 scriptis
2752 513 2951 589 aliqua

332 601 700 679 Moguntiam
724 602 1141 661 humaniorum
1158 603 1465 660 literarum
1487 603 1613 661 cul·
1669 604 2074 663 nominemus:
2151 604 2282 662 Huc
2360 607 2630 678 spectant
2691 604 2949 678 primum

328 698 530 750 turam
562 694 623 749 et
655 691 984 751 scholarum
1004 691 1463 750 renovationem.
1502 691 1611 750 Ju-
1672 693 1890 767 scripta
1942 693 2338 769 paedagogica
2382 696 2452 750 ut
2484 693 2789 751 Isidoneus
2814 711 2947 769 yer-

332 782 499 839 venis
551 781 667 838 sibi
731 781 977 839 relictus
1025 786 1267 839 secutus
1325 785 1415 840 est
1477 800 1615 839 sane
1668 785 1931 840 monicus
1960 783 2165 858 paucis
2217 780 2599 839 hebdomadis
2632 785 2723 839 ter
2755 782 2949 839 editus

322 870 667 945 juventutis
702 870 846 927 vitia
876 869 1327 945 composuitque
1359 870 1616 928 carmina

333 959 569 1034 aliaque
603 958 823 1034 scripta
867 958 1168 1027 obscoena,
1218 959 1320 1017 sed
1351 959 1476 1017 visa
1509 959 1613 1017 Er-

330 1048 555 1106 fordiae
589 1049 653 1106 in
686 1047 887 1119 aliqua
936 1048 1181 1107 ecclesia
1225 1048 1614 1123 inscriptione

1672 868 1695 949 (
1706 883 1726 932 l
1744 880 1823 932 49
1836 868 1914 948 7);
1945 873 2353 937 Adolescentia,
2378 882 2402 933 1
2420 881 2451 933 5
2464 882 2563 941 00,
2583 889 2758 946 saepe
2773 870 2946 928 edita.

1672 960 1937 1018 Diatriba
1998 963 2066 1019 de
2101 960 2292 1034 proba
2339 962 2693 1017 institutione
2739 976 2946 1034 puero-

1670 1069 1802 1107 rum
1832 1049 1895 1107 in
1928 1050 2262 1108 trivialibus
2309 1052 2370 1106 et
2412 1048 2852 1107 adolescentum
2885 1049 2947 1105 in

336 1137 500 1206 ,noli
528 1155 784 1213 peccare,
819 1138 977 1195 Deus
1008 1135 1232 1207 videt‘‚
1276 1138 1616 1196 salutariter
1668 1139 2109 1197 universalibus
2142 1138 2503 1215 gymnasiis:
2546 1137 2948 1213 subjiciuntur

331 1230 664 1284 commotus
700 1225 774 1284 ad
808 1226 1107 1284 meliorem
1126 1226 1305 1284 rediit
1335 1230 1613 1284 mentem:

339 1315 479 1373 hinc
508 1315 633 1390 ipse
665 1316 1039 1390 postmodum
1087 1315 1335 1373 lectores
1381 1317 1611 1373 veniam

336 1408 615 1479 precatur
647 1407 933 1480 rogatque
975 1406 1043 1462 ut
1076 1404 1366 1479 ejusmodi
1398 1405 1616 1480 scripta

337 1512 410 1560 ,e
442 1492 696 1569 vestigio
729 1493 1040 1551 voracibus
1062 1493 1314 1551 fiammis
1348 1495 1614 1551 commit·

1671 1228 1740 1286 de
1774 1227 2238 1303 interpretandis
2269 1228 2561 1285 Ecclesiae
2577 1227 2840 1286 collectis
2856 1245 2946 1283 re-

1669 1316 1846 1392 gulae
1878 1317 2041 1387 XVI3
2088 1317 2279 1391 deque
2329 1316 2534 1374 ordine
2566 1316 2721 1373 vitae
2754 1334 2946 1373 sacer-

1670 1404 1907 1477 dotalis,
1942 1407 2229 1483 Hagenau
2271 1415 2430 1468 1540
2455 1406 2519 1463 in
2543 1416 2598 1467 4.
2620 1439 2703 1448 —
2729 1405 2945 1463 Immu-

1670 1497 1869 1553 nitatis
1899 1503 1950 1553 et
1979 1496 2257 1554 libertatis
2301 1494 2704 1552 ecclesiasticae
2733 1500 2945 1551 status·

332 1585 501 1640 tere‘
554 1582 756 1651 velint,
807 1586 937 1640 tum
988 1586 1341 1658 ,corruptae
1387 1584 1612 1641 adoles·
1669 1603 1774 1660 que
1833 1586 2204 1643 sacerdotalis
2264 1584 2515 1657 defensio
2576 1602 2620 1641 3.
2672 1583 2710 1640 l.
2763 1586 2824 1640 et
2864 1601 2945 1651 a.;

334 1672 562 1729 centiae
612 1676 673 1728 et
720 1671 1083 1747 imprudenti
1125 1671 1508 1749 nondumque
1552 1672 1615 1729 in

1671 1673 1872 1731 Oratio
1922 1675 2241 1749 querulosa
2288 1679 2488 1731 contra
2521 1671 2823 1730 Invasores
2852 1690 2946 1729 sa-

334 1779 475 1819 vera
535 1759 861 1818 christiana
935 1760 1223 1837 religione
1298 1761 1614 1819 institutae
1668 1764 1958 1821 cerdotum
2010 1758 2269 1845 (1493);
2327 1763 2396 1820 de
2443 1762 2655 1836 triplici
2701 1763 2948 1819 candore

335 1849 628 1924 pueritiae
647 1849 953 1907 tribuere‘
986 1848 1336 1927 dignentur:
1370 1854 1613 1925 totaque

1670 1851 1916 1921 Mariae,
1952 1871 2186 1910 carmen
2208 1851 2302 1910 3.1.
2326 1854 2387 1908 et
2407 1872 2474 1920 a.‚
2510 1851 2574 1908 in
2593 1869 2711 1926 quo
2732 1869 2948 1925 magna

335 1939 460 1995 vita
493 1956 601 1997 sua
632 1957 766 1995 cum
816 1937 997 1995 animi
1047 1939 1444 1998 amaritudine
1478 1958 1614 1997 suo·
1668 1943 1890 2016 pietate
1935 1945 2142 2000 tuetur
2189 1940 2630 1999 immaculatum
2682 1939 2946 2014 ejusdem

335 2046 470 2084 rum
502 2027 922 2086 recordabatur
952 2033 1293 2086 erratorum.
1340 2028 1471 2086 Etsi
1496 2030 1614 2103 jam
1669 2034 2046 2105 conceptum:
2094 2032 2162 2088 de
2193 2032 2512 2105 intem-itate
2541 2028 2801 2097 libellus,
2838 2029 2946 2084 Ar-

331 2117 438 2173 diu
501 2115 938 2176 desideraverat
988 2116 1272 2175 sinceram
1323 2117 1614 2176 Ecclesiae
1668 2121 1948 2195 gentinae
2005 2129 2170 2182 1505
2221 2120 2285 2177 in
2336 2129 2409 2187 4.,
2461 2136 2567 2176 seu
2605 2117 2678 2174 de
2720 2115 2946 2192 duplici

338 2206 802 2275 innovationem,
835 2203 980 2262 visis
1008 2206 1368 2264 tristissimis
1404 2226 1613 2282 seque-

337 2294 429 2363 lis,
463 2293 680 2368 quibus
712 2294 1007 2352 Lutherus
1034 2295 1146 2353 sub
1176 2294 1614 2354 reformationis

1670 2210 1952 2282 puritate,
1987 2228 2104 2284 qua
2137 2208 2392 2283 praediti
2437 2225 2563 2265 esse
2607 2205 2825 2264 debent
2856 2223 2945 2263 sa·

1671 2297 1958 2367 cerdoteS,
2010 2317 2240 2357 morum
2288 2297 2406 2357 scil.
2457 2300 2518 2354 et
2566 2294 2720 2364 fidei,
2773 2294 2876 2369 qui
2907 2294 2944 2350 1.

336 2384 1614 2459 praetextuoccasionempraebuerat.Literis
1670 2387 1940 2463 ingentes
1974 2386 2256 2444 excitavit
2284 2386 2494 2443 turbas
2541 2388 2601 2443 et
2645 2386 2945 2443 concerta-

338 2490 785 2545 quaquaversus
802 2471 1001 2530 missis
1031 2472 1199 2531 nisus
1235 2478 1328 2531 est
1344 2492 1615 2532 revocare
1667 2476 1888 2535 tionem
1939 2475 2260 2533 literariam
2320 2493 2455 2533 cum
2516 2473 2948 2550 augustinianis

338 2580 373 2617 a
406 2560 700 2618 sectandis
725 2561 888 2619 illius
913 2562 1178 2637 vestigiis
1198 2566 1289 2621 tot
1310 2581 1448 2620 suos
1470 2563 1614 2621 ami·
1672 2564 1918 2641 aliisque
1979 2562 2357 2640 regularibus
2403 2567 2653 2631 tantam,
2706 2565 2776 2620 ut
2820 2562 2947 2637 ipse

334 2668 452 2709 cos.
500 2650 791 2708 Ultimum
844 2651 1130 2727 scriptum
1183 2652 1255 2709 ab
1303 2651 1434 2727 ipso
1480 2656 1616 2711 ante
1670 2654 1745 2712 ad
1777 2654 1971 2714 sedem
2007 2653 2335 2712 deferretur
2363 2652 2756 2729 apostolicam.
2790 2651 2860 2709 In
2880 2669 2946 2710 eo

336 2741 591 2798 mortem
628 2739 851 2797 editum
887 2745 979 2799 est
1010 2740 1259 2816 epistola
1290 2741 1362 2799 ad
1392 2743 1613 2800 Luthe-
1670 2743 1824 2802 enim
1856 2747 2081 2814 tuetur,
2117 2762 2159 2801 S.
2181 2743 2587 2819 Augustinum
2618 2761 2738 2801 non
2767 2740 2947 2799 fuisse

332 2848 470 2886 rum
506 2832 566 2886 et
598 2828 950 2906 Zwinglium
1004 2849 1108 2888 seu
1142 2833 1380 2889 canonis
1412 2833 1618 2889 missae
1671 2832 1925 2909 alicujus
1958 2833 2184 2892 ordinis
2216 2832 2561 2908 religiosum
2607 2849 2714 2888 seu
2745 2848 2944 2889 mona-

338 2918 591 2989 defensio
643 2936 685 2975 3.
738 2918 792 2988 1.,
848 2919 1172 2995 praemissa
1221 2920 1400 2978 etiam
1452 2921 1616 2995 operi
1672 2922 1850 2981 chum
1883 2926 1943 2980 et
1991 2921 2207 2980 acriter
2255 2921 2558 2980 invehitur
2602 2920 2667 2977 in
2708 2919 2948 2978 clericos

339 3006 499 3063 Hier.
533 3006 578 3063 E
597 3027 651 3063 m
673 3025 699 3064 3
718 3027 795 3064 31·
827 3008 864 3064 l.
888 3010 1145 3067 demissa
1168 3018 1354 3080 1524,
1373 3028 1489 3085 qua
1521 3029 1618 3069 eos
1672 3012 2108 3070 incontinentes
2156 3015 2219 3070 et
2264 3010 2683 3069 beneficiorum
2729 3008 2948 3067 avidos,

342 3098 533 3170 rogat,
567 3097 638 3152 ut
669 3113 793 3152 eam
828 3100 1056 3155 attente
1088 3098 1291 3173 legant
1323 3104 1381 3157 et
1411 3118 1485 3157 ne
1515 3119 1617 3156 an·
1674 3102 1750 3158 Et
1767 3120 1972 3159 revera
2005 3101 2246 3159 Romam
2266 3100 2383 3158 fuit
2403 3100 2636 3167 citatuS‚
2660 3097 2761 3155 sed
2779 3097 2951 3156 facile

338 3183 545 3258 tiquos
606 3183 907 3259 bonosque
970 3191 1252 3261 spernant
1300 3188 1472 3245 ritus
1536 3188 1617 3245 Ex
1674 3190 1932 3264 placavit
1979 3189 2015 3247 J
2022 3190 2212 3247 ulium
2257 3188 2351 3258 11.,
2404 3192 2471 3246 ut
2520 3187 2660 3245 illuc
2710 3205 2951 3263 pergere

1677 3279 1790 3336 sibi
1820 3297 1942 3337 non
1972 3279 2150 3336 fuerit
2183 3296 2435 3335 necesse.
2483 3277 2697 3334 Contra
2729 3282 2952 3350 turpem

342 3388 677 3458 Einleitung
718 3389 1009 3455 vergehen‚
1048 3389 1306 3443 Mfingter
1332 3394 1486 3446 1392,
1539 3390 1619 3445 Cf,
1676 3369 1713 3429 l.
1747 3368 2064 3424 Philomusi
2112 3362 2344 3447 (Jacobi
2376 3361 2655 3444 Locher):
2702 3365 2952 3436 defensio

340 3461 578 3513 Janssen
607 3461 805 3514 Gesch.
833 3461 930 3513 des
957 3461 1011 3515 d.
1042 3461 1246 3514 Volkes
1274 3461 1314 3524 Ι,
1342 3467 1408 3517 91
1432 3479 1491 3525 3.,
1520 3463 1622 3530 qui
1677 3456 1981 3531 theoloyiae
2011 3456 2378 3512 scholasticae
2409 3457 2468 3511 et
2498 3452 2950 3520 neotericorum,

344 3548 471 3585 eum
525 3548 732 3601 magno
783 3532 1037 3586 encomio
1083 3533 1480 3600 prosequitur:
1531 3533 1621 3586 W.
1677 3563 1718 3601 3,
1753 3545 1791 3601 1,
1825 3549 1886 3601 et
1917 3563 1963 3600 a,
2005 3544 2205 3613 1518;
2267 3544 2463 3619 hymni
2505 3544 2574 3599 de
2621 3548 2874 3619 tempore
2904 3547 2954 3597 et

345 3619 461 3690 zvar
486 3603 586 3683 der
613 3602 1165 3684 ausgezeichneteste
1202 3604 1623 3674 pedagogische
1678 3635 1747 3690 de
1776 3633 2023 3691 samm-3:
2067 3633 2128 3689 in
2161 3651 2290 3690 eam
2320 3633 2566 3690 formam
2621 3649 2737 3704 qua
2768 3649 2801 3687 a
2832 3629 2953 3687 suis

344 3673 770 3737 §chrlftstellen
834 3690 990 3727 emer
1052 3674 1151 3729 der
1203 3675 1622 3729 ruhmvollstcn
2573 3673 2585 3699 '

344 3744 872 3799 Wiederhersteller
911 3745 1066 3799 eines
1111 3745 1468 3814 gelauterten
1512 3751 1622 3802 Fn-
1681 3721 2022 3780 auctoribus
2058 3720 2266 3795 scripti
2297 3723 2455 3788 sunt,
2507 3719 2700 3819 ‘defun-³
2733 3718 2956 3776 redacti

348 3817 611 3870 terrichts
673 3818 779 3869 auf
835 3818 963 3871 dem
1012 3817 1205 3870 Boden
1269 3817 1625 3872 christlicher
1680 3814 1742 3869 et
1773 3811 2098 3868 secundum
2130 3810 2324 3886 legem
2345 3828 2616 3867 carmims
2636 3807 2957 3885 diligenter

343 3887 519 3941 xvelt·
546 3888 666 3941 und
693 3888 1303 3959 LebensanSChauung.
1342 3889 1624 3943 Reuchlin
1680 3899 1975 3958 emendati
2009 3903 2187 3973 affique
2224 3898 2616 3974 insserprefaii,
2651 3898 2955 3959 ib01513'

342 3960 444 4012 sah
483 3959 585 4012 ihn
626 3959 861 4040 deshalb
902 3959 985 4013 als
1026 3960 1191 4014 einen
1219 3961 1626 4029 (arundpseiler
1679 3989 2102 4046 „Germania
2121 3988 2346 4046 Aeneae
2365 3987 2549 4062 Syll&
2581 3987 2643 4044 in
2662 4005 2780 4062 qua
2818 4004 2956 4045 can,

344 4047 577 4084 unserer
627 4030 891 4101 Rehgion
941 4047 1017 4084 an
1067 4030 1186 4084 und
1227 4033 1373 4086 nach
1413 4034 1625 4086 seinem
2551 4031 2564 4057 '
2783 4032 2796 4057 '

343 4101 500 4155 'rode
527 4103 753 4155 ffihmte
784 4104 990 4156 Beatug
1008 4102 1348 4157 Rhenanus:
1375 4103 1625 4160 WQabe
1681 4078 1818 4136 dide
1838 4078 2038 4147 lector,
2056 4077 2436 4135 continentur
2449 4076 2793 4152 gravamina
2825 4094 2956 4152 ger-

347 4173 430 4224 als
483 4173 523 4224 F
526 4173 709 4226 reund
760 4174 878 4227 und
932 4173 1296 4228 Ermunterer
1360 4175 1476 4228 und
1528 4176 1625 4228 Be·
1682 4167 1942 4224 manicae
1974 4166 2248 4225 nationis
2283 4165 2619 4224 Confutatio
2639 4165 2957 4223 eorundem

342 4244 606 4297 schiltzer
658 4245 749 4296 fiir
790 4244 882 4298 (113
927 4245 1253 4316 Erziehung
1298 4247 1413 4299 und
1462 4245 1627 4300 ihren
1683 4275 1817 4315 cum
1861 4255 2113 4330 replicis,
2162 4254 2523 4331 Argentinae
2575 4264 2737 4317 1515
2790 4254 2853 4312 in
2888 4264 2957 4322 4;

346 4315 926 4395 wissenschaftlichen
969 4316 1309 4371 Fortschritt
1339 4318 1400 4370 in
1443 4318 1628 4372 einem
1684 4345 1745 4403 E
1786 4347 1951 4404 itone
1971 4364 2166 4403 rerum
2223 4345 2653 4402 &manicarum
2672 4361 2742 4400 us
2789 4361 2863 4400 ue
2886 4343 2958 4401 ad

348 4386 507 4439 Mat'e
586 4387 828 4456 gewirkt
905 4388 1010 4440 wie
1081 4393 1240 4441 sonst
1301 4388 1509 4442 Keiner
1568 4390 1624 4442 in
1730 4363 1779 4419 Ρ
1866 4366 1886 4402 ⁷
2185 4363 2220 4420 9
2747 4363 2786 4418 q

349 4457 757 4513 Deutschlancl.
807 4458 887 4511 De
924 4459 1045 4528 ejus
1074 4475 1240 4529 opere
1267 4465 1629 4516 Adolescentia
1684 4436 1890 4534 nf'stn}
1950 4431 2297 4533 tempora{)‚
2361 4433 2554 4532 Prima
2615 4431 2961 4532 Germaniae

349 4528 441 4581 die
467 4529 694 4598 Jugend
742 4530 1091 4599 Argentinae
1142 4535 1293 4597 1500,
1341 4549 1396 4601 p.
1439 4538 1508 4589 93
1547 4532 1631 4585 ait
1685 4524 1931 4581 historia
1991 4523 2282 4598 generalis
2344 4522 2555 4597 lingua
2631 4526 2963 4595 conscnpta

350 4616 407 4652 es
438 4601 674 4669 „gehort
698 4618 767 4652 zu
795 4600 904 4653 den
931 4603 993 4654 in
1021 4601 1122 4654 der
1146 4601 1275 4656 Wel
1346 4603 1629 4658 eschichte
1685 4613 1901 4687 patria,
1936 4630 2054 4670 non
2087 4611 2214 4669 sine
2235 4610 2442 4687 pretio,
2478 4609 2579 4667 Sed
2599 4608 2819 4685 absque
2839 4609 2959 4667 suf.

350 4671 866 4753 bahnbfeehendeq
893 4672 1195 4754 thrffften·
1322 4691 1394 4728 0¹¹
1424 4675 1629 4728 ¹¹¹i¹²⁰ri
1683 4701 1909 4759 ficienti
1931 4700 2158 4777 judicio
2191 4700 2390 4758 critico
2424 4699 2772 4758 concinnata
2804 4717 2962 4756 erro-

346 4758 604 4797 eucomio
669 4742 893 4797 extollit
952 4744 1109 4797 1llms
1161 4745 1403 4799 alterum
1455 4762 1628 4817 opus:

368 4817 662 4881 Weqweiser
707 4816 797 4867 fiir
823 4814 914 4868 die
940 4816 968 4868 J
977 4817 1166 4885 ugend
1194 4816 1629 4882 Deutschla-nds,

347 4886 501 4952 quod
532 4889 699 4940 antea
720 4886 1013 4956 prodierat
1039 4904 1089 4941 a.
1117 4887 1233 4942 scil.
1260 4893 1415 4946 1497.

1766 4895 1803 4955 ¹)
1834 4887 1915 4949 Cf,
1944 4888 2183 4942 Janssen
2212 4888 2307 4952 1¹⁵³,
2341 4891 2456 4945 138.
