3475 5364
357 380 387 437 ι
401 378 524 437 033
1022 363 1383 430 Chrestonus‚
1410 364 1728 431 Attavanti‚
1758 364 1961 419 Petrus
1986 381 2019 417 a
2045 363 2189 418 Rivo
2217 367 2320 423 etc.
2564 320 2567 325 ·
2807 384 2832 434 1
2849 382 2973 436 034

348 554 417 610 et
447 550 815 627 quaestionis
834 548 1028 609 finalis
1049 550 1417 610 discussione
1437 550 1638 609 fecun-
1692 555 1756 609 et
1793 559 1979 621 1588,
2014 550 2086 609 de
2116 569 2236 625 qua
2266 552 2464 609 tamen
2508 550 2596 609 ed.
2640 550 2799 626 apud
2830 550 2975 609 alios

348 639 616 709 dissime,
636 639 857 714 quibus
872 639 1261 710 demonstrat,
1298 639 1638 715 Sapientem
1692 638 1883 698 altum
1917 640 2243 698 silentium.
2275 640 2520 699 Praeter
2552 639 2671 698 alia
2699 638 2973 720 (inedita)

355 729 420 786 in
453 729 670 805 spiritu
700 729 1046 804 prophetico
1091 728 1378 788 cecinisse
1409 728 1638 805 epitha-
1692 727 2010 804 descripsit
2057 731 2232 787 vitam
2262 748 2307 788 s.
2352 729 2644 787 Joachimi
2676 728 2971 797 Senensis,

355 817 576 877 lamion
609 818 826 876 Christi
856 818 922 876 D.
957 820 1018 876 et
1047 817 1344 877 Ecclesiae
1389 818 1635 877 catholi-
1694 819 1877 877 nnius
1910 836 1979 876 ex
2013 818 2242 877 ordinis
2258 817 2691 885 fundatoribus,
2724 818 2788 875 in
2805 817 2971 877 Actis

348 925 452 966 cae
484 925 737 982 sponsae
768 907 914 983 ejus,
948 907 1227 983 Lugduni
1265 912 1432 969 1512
1471 907 1534 965 in
1564 905 1635 977 f.;
1694 907 1791 965 SS.
1832 918 1928 970 16.
1961 908 2100 983 Apr.
2133 906 2209 977 11,
2246 916 2520 978 455-653
2555 906 2971 965 etinCanali

361 990 562 1066 15143
627 990 873 1055 Parisiis
915 1006 1111 1066 15333
1165 995 1431 1055 Venetiis
1470 1004 1632 1059 1568
1693 996 2043 1070 Compendio
2086 997 2226 1054 delle
2273 996 2393 1054 Vile
2422 997 2485 1053 di
2514 1003 2645 1054 setta
2674 1003 2768 1053 tra
2803 994 2975 1054 Santi

353 1089 400 1146 t.
434 1094 467 1146 2
504 1085 568 1143 in
603 1095 657 1147 4.
691 1118 779 1129 —
810 1084 1156 1144 Joannes
1204 1085 1636 1145 Crestonus
1692 1105 1720 1142 e
1770 1087 1939 1144 Beati
1988 1085 2247 1148 dell’ord.
2298 1086 2390 1143 dei
2434 1084 2598 1143 Se'rvi
2641 1086 2703 1143 di
2750 1084 2972 1159 Maria,

351 1168 763 1256 (Chrestonus,
799 1175 1139 1245 CrastonuS,
1161 1170 1437 1251 corrupte
1458 1174 1636 1232 Gros·
1690 1176 1882 1233 Lucca
1908 1183 2103 1245 17293
2136 1174 2441 1233 Bononiae
2469 1182 2632 1238 1862
2659 1195 2672 1244 ;
2706 1173 2972 1242 (ὶωιᾶταὲ

356 1259 566 1342 lotius)
603 1263 665 1321 O.
717 1264 901 1323 Carm.
933 1262 1334 1333 Placentinus,
1382 1263 1637 1338 scriptor
1691 1262 1975 1341 gesimale
2006 1265 2077 1321 de
2104 1265 2299 1321 reditu
2319 1265 2644 1337 peccatoris
2674 1262 2743 1321 ad
2763 1264 2969 1333 Deum,

361 1350 758 1411 *Vocabulisiae
806 1371 914 1412 seu
961 1352 1157 1412 Lexici
1187 1348 1362 1410 latini
1412 1352 1633 1429 graeci·
1691 1352 2011 1413 Mediolani
2067 1362 2266 1423 14793
2311 1353 2562 1411 alterum
2611 1352 2972 1427 inscriptum

349 1458 490 1517 que,
553 1441 854 1511 Vicentiae
928 1451 1122 1513 14833
1199 1442 1370 1519 Regii
1431 1441 1635 1517 Lepidi
1691 1441 2004 1501 Paulinum
2081 1444 2270 1500 morte
2346 1443 2483 1518 ejus*
2536 1441 2971 1500 interveniente

366 1540 522 1592 1497
556 1534 682 1599 etc„
729 1531 918 1590 edidit
948 1528 1295 1590 Psalterium
1337 1549 1544 1609 graece
1576 1533 1637 1588 et
1689 1531 1907 1590 mansit
1948 1530 2392 1607 imperfectum3
2439 1532 2813 1589 Breviorium
2856 1531 2971 1588 De-

349 1620 427 1677 de
448 1619 627 1678 verbo
647 1619 721 1677 ad
741 1620 986 1679 verbum
1007 1616 1414 1696 propriissime
1440 1623 1633 1678 trans·
1691 1621 1859 1691 creti,
1880 1620 2295 1690 Decretalium,
2318 1619 2480 1679 Sexti
2497 1623 2558 1678 et
2572 1620 2969 1678 clementina-

352 1709 517 1778 tulit,
539 1708 699 1784 quod
721 1704 1109 1785 opus,‘inquit
1139 1708 1184 1767 Τ
1201 1710 1478 1768 rithem
1498 1708 1570 1766 iu
1587 1726 1632 1777 S,
1689 1729 1841 1779 rum,
1876 1708 2228 1786 Ingolstadii
2268 1716 2452 1772 1479.

352 1816 527 1857 nemo
559 1797 739 1875 digne
769 1798 1012 1857 laudare
1041 1798 1279 1868 sufficit,
1317 1797 1635 1857 Mediolani

361 1895 519 1949 1481
564 1886 626 1945 in
657 1886 694 1944 f.
728 1881 830 1970 (m.
872 1883 1040 1969 180).
1101 1887 1287 1947 Juxta
1316 1886 1634 1964 praefatio·
1783 1898 1928 1951 495.
1963 1887 2243 1946 Petrus
2304 1907 2337 1944 a
2397 1887 2586 1946 Biv'o
2638 1886 2970 1945 Alostensis

352 1994 490 2033 nem
521 1978 724 2035 tamen
754 1977 1084 2036 versionem
1116 1977 1365 2049 latinam
1396 1979 1632 2035 tantum
1687 1976 1934 2035 Lovanii
1964 1977 2038 2035 ab
2069 1996 2118 2034 a.
2157 1984 2320 2039 1460
2356 1976 2680 2035 rhetoricae
2711 1975 2968 2051 primum

353 2066 765 2142 recognovisse
827 2065 1069 2125 videtur
1128 2069 1190 2125 et
1235 2065 1300 2124 in
1355 2075 1432 2129 70
1485 2060 1631 2124 locis
1687 2065 1988 2143 magister,
2038 2065 2250 2124 deinde
2294 2083 2340 2124 s.
2387 2065 2719 2142 theologiae
2762 2064 2970 2123 doctor

343 2155 521 2230 juxta
551 2157 784 2213 textum
829 2174 1102 2231 graecum
1154 2154 1512 2214 emendasse.
1550 2166 1652 2197 -’
1688 2157 1750 2213 et
1778 2155 2076 2232 professor
2120 2156 2183 2213 in
2226 2154 2619 2213 universitate
2664 2156 2725 2212 et
2767 2155 2971 2229 pastor

355 2243 731 2302 Albertus
774 2242 815 2301 J
829 2246 1104 2303 oannis
1153 2244 1218 2307 Ο.
1251 2245 1434 2303 Carm.
1479 2243 1633 2301 Har·
1688 2244 1763 2302 ad
1780 2244 1834 2302 d.
1855 2242 2118 2315 Petrum,
2139 2245 2588 2302 Monotessaron
2603 2261 2710 2301 seu
2729 2260 2967 2301 concor-

354 2331 570 2390 lemius
636 2328 698 2414 (†
754 2331 945 2411 1496)
1007 2333 1249 2409 scripsit
1308 2334 1373 2391 in
1433 2331 1633 2390 Eccle-
1687 2332 1849 2392 diam
1909 2333 2306 2409 evangelicam
2340 2336 2345 2339 ’
2370 2332 2702 2408 composuit
2751 2328 2967 2414 (inedi-

351 2420 675 2491 siasticum,
709 2425 770 2479 et
802 2424 1177 2497 quaestiones
1193 2426 1258 2480 in
1278 2421 1630 2498 magistrum
1688 2417 1871 2503 tam);
1906 2422 2190 2480 disseruit
2219 2439 2458 2497 quoque
2488 2422 2561 2479 de
2590 2440 2761 2495 anno,
2796 2422 2891 2478 die
2919 2426 2971 2478 et

357 2511 804 2568 sententiarum.
867 2544 954 2555 -·
1014 2512 1159 2588 Ejus
1227 2510 1444 2571 sodalis
1506 2512 1632 2569 Go·
1690 2512 1855 2587 seria.
1875 2511 2196 2570 dominicae
2230 2512 2533 2586 passionis
2576 2517 2627 2568 et
2672 2527 2964 2568 resurrec-

352 2598 721 2658 defridus
768 2600 1278 2661 Candelarius
1327 2595 1387 2681 (†
1440 2594 1633 2680 1499)
1688 2602 1862 2659 tionis
1893 2601 1950 2659 ll.
1982 2602 2042 2677 3,
2079 2600 2300 2676 quibus
2330 2599 2556 2657 Pauli
2599 2598 2967 2657 middelbur-

351 2688 702 2760 Germanus,
737 2689 922 2749 lector
940 2689 1341 2767 philosophiae
1374 2691 1436 2748 et
1465 2689 1633 2747 theo·
1688 2691 1884 2768 gensis
1945 2690 2248 2767 apologiae
2307 2689 2572 2749 modeste
2640 2688 2966 2764 respondit,

357 2777 550 2855 logiae
600 2779 663 2837 in
713 2779 976 2838 Carmelo
1025 2779 1343 2839 coloniensi
1393 2778 1635 2854 scripsit
1689 2779 1934 2838 Lovanii
1962 2787 2125 2841 1492
2161 2780 2226 2838 in
2259 2779 2328 2848 f.;
2361 2780 2640 2856 dialoqus,
2675 2776 2967 2852 quomodo

353 2870 590 2943 praeter
621 2868 735 2927 alia
769 2867 830 2926 in
863 2870 900 2926 l.
935 2869 1277 2945 Sapientiae
1310 2874 1372 2926 et
1401 2866 1474 2926 de
1494 2885 1631 2927 con·
1690 2868 1891 2927 omnia
1922 2869 1985 2927 in
2016 2868 2322 2927 meliorem
2350 2871 2583 2944 partem
2613 2885 2846 2942 semper
2875 2866 2968 2924 in-

352 2956 628 3032 ceptione
677 2957 732 3014 b.
783 2957 1000 3016 Mariae
1049 2959 1115 3016 V.
1162 2959 1224 3018 ll.
1261 2967 1316 3019 2.
1348 2990 1434 3000 -
1465 2957 1638 3015 Alter
1687 2957 2074 3034 terpretanda
2104 2957 2245 3028 sint,
2280 2957 2517 3016 homine
2537 2958 2599 3014 et
2616 2956 2848 3014 ratione
2876 2955 2969 3013 in·

353 3045 574 3104 sodalis
608 3046 978 3105 Matthias
1023 3047 1282 3105 Emich
1327 3046 1635 3104 Anderna-
1688 3047 2173 3117 terlocutoribns,
2224 3046 2435 3105 Leidae
2490 3055 2676 3108 1509.
2740 3044 2970 3103 Falsum

355 3135 570 3202 censis,
604 3152 763 3193 unus
796 3154 865 3194 ex
897 3136 1193 3211 primariis
1212 3135 1556 3194 auctoribus
1578 3136 1638 3191 et
1690 3141 1889 3195 tamen
1951 3136 2022 3194 de
2084 3137 2425 3195 futurorum
2492 3132 2971 3211 contingentium

359 3224 792 3298 professoribus
844 3223 1169 3283 academiae
1229 3224 1634 3301 moguntinae,
1692 3224 1948 3284 veritate
1996 3225 2336 3300 opinionem
2387 3223 2669 3292 defendit,
2716 3241 2866 3298 quae
2898 3221 2971 3280 ad

362 3311 673 3388 episcopus
719 3314 1058 3390 cyrenensis
1104 3317 1166 3373 et
1209 3313 1512 3372 auxiliaris
1545 3331 1635 3370 ar·
1692 3314 2048 3372 academiam
2096 3313 2487 3388 parisiensem
2531 3313 2728 3370 delata
2772 3328 2971 3388 repro·

356 3401 717 3477 chiepiscopi
769 3403 1108 3479 moguntini
1157 3400 1387 3484 (14763
1449 3400 1485 3467 †
1538 3410 1637 3462 24.
1693 3402 1838 3461 bata
1851 3402 1971 3460 fuit
1985 3405 2046 3460 et
2060 3405 2270 3461 contra
2297 3420 2474 3477 quam
2492 3400 2971 3476 scripsitFran-

364 3490 492 3566 Maj.
535 3486 726 3572 1480)
754 3492 1002 3568 reliquit
1031 3493 1096 3550 in
1110 3493 1328 3551 Isaiam
1361 3492 1637 3549 lecturas
1694 3492 1933 3550 ciscus
1954 3492 2026 3549 de
2047 3492 2344 3550 Ruvere
2379 3486 2611 3573 (postea
2627 3489 2827 3547 Sixtus
2846 3483 2970 3566 IV.)

362 3612 446 3622 -—
479 3577 705 3639 Pauli
735 3582 783 3640 A
803 3582 1153 3640 ttavanti
1184 3581 1246 3639 O.
1282 3581 1442 3639 Serv.
1474 3580 1530 3636 b.
1563 3579 1638 3636 M.
1694 3599 1870 3639 suum
1916 3584 1990 3638 tr.
2042 3581 2110 3638 de
2136 3580 2361 3654 futuris
2390 3578 2842 3657 continyentibus
2877 3572 2972 3656 (cf.

361 3668 428 3727 V.
461 3668 806 3740 Florentini,
856 3670 959 3746 qui
1004 3674 1142 3746 post
1171 3670 1336 3729 varia
1365 3668 1641 3728 fortunae
1693 3690 1750 3747 p.
1792 3663 2003 3749 1007).
2035 3701 2123 3712 —
2158 3668 2602 3727 Bartholom
2624 3684 2802 3725 aeus
2836 3664 2973 3724 O.S.

362 3756 621 3816 ludibria
651 3752 956 3834 tamquam
980 3762 1191 3836 ingens
1208 3757 1640 3818 vicissitudinis
1695 3759 1852 3834 Aug.
1899 3758 2244 3828 Patavinus,
2302 3756 2635 3833 provinciae
2686 3755 2975 3814 Marchiae

359 3864 559 3905 rerum
591 3848 924 3924 exemplum
946 3848 1198 3908 decessit
1222 3860 1248 3911 1
1264 3857 1388 3911 499
1412 3868 1460 3906 a.
1483 3850 1641 3905 aeta·-
1695 3846 2023 3908 tarvisinae
2039 3846 2416 3924 praepositus
2434 3842 2491 3927 (1
2509 3841 2682 3926 480),
2699 3843 2978 3922 exposuit

361 3936 442 3994 tis
479 3946 579 4006 80,
615 3938 1039 3997 commentaria
1085 3940 1150 3996 in
1183 3938 1500 4015 prophetas
1530 3936 1639 3993 mi-
1697 3935 2021 4013 Evangelia
2052 3938 2112 3994 et
2143 3953 2347 3994 omnes
2380 3953 2426 3993 s.
2457 3934 2631 3993 Pauli
2676 3933 2975 4010 epistolas.

362 4043 531 4084 nores
573 4027 867 4101 prodiisse
913 4026 1196 4086 dicuntur
1244 4046 1277 4084 a
1321 4024 1643 4103 Lipenio
1701 4058 1782 4070 --
1802 4025 1925 4084 Has
1940 4025 2215 4102 exposuit
2230 4028 2291 4083 et
2320 4024 2768 4083 Bernardus
2800 4023 2977 4082 Savo-

363 4113 425 4170 in
443 4114 586 4172 bibl.
613 4116 758 4174 reali
785 4116 1116 4192 theologica
1130 4116 1204 4185 II,
1225 4125 1369 4180 562.
1402 4135 1449 4173 a.
1479 4123 1639 4178 1583
1698 4115 1901 4174 nensis
1933 4115 2060 4190 ejus
2081 4114 2317 4184 sodalis,
2349 4115 2518 4189 cujus
2548 4112 2979 4171 vocabularium

1699 4206 2135 4263 ecclesiasticum
2165 4203 2389 4280 prodiit
2417 4201 2739 4261 Mediolani
2780 4209 2977 4270 148ος

361 4282 476 4335 diist»
530 4284 781 4338 venetiis
832 4290 968 4342 1591
1015 4320 1078 4327 -—
1126 4285 1525 4338 Anflelmufl
1576 4283 1644 4337 de
1700 4293 1964 4353 Venessiis
2004 4301 2187 4357 1539·
2236 4326 2325 4337 ...-
2373 4291 2775 4350 Hubflrfeuss
2806 4289 2979 4350 Leo-

364 4354 610 4478 {1⁰¹¹ssss
654 4357 695 4409 F
713 4357 876 4410 2¹⁰⁰
923 4356 985 4412 Ο·
1023 4357 1077 4412 S·
1115 4359 1279 4438 {mgr
1324 4353 1645 4437 theologiae
1699 4383 1922 4441 nardi
1986 4382 2049 4441 Ο.
2100 4383 2283 4441 Carm.
2334 4382 2620 4458 magister
2669 4383 2730 4438 et
2778 4380 2982 4439 doctor

389 4429 559 4491 ector,
587 4427 658 4480 ab
685 4443 735 4482 a.
764 4431 1045 4485 1468-79
1085 4445 1335 4483 vicarius
1369 4428 1647 4499 generalis

362 4498 829 4568 congregationis
853 4499 1143 4554 ilicitanae
1170 4503 1229 4553 et
1253 4501 1324 4553 ab
1344 4515 1394 4552 a.
1415 4503 1648 4556 1488-96
1701 4471 2037 4548 the⁰l⁰gi³⁶
2098 4471 2460 4547 pm'iSiemis’
2524 4470 2795 4546 episcopo
2858 4469 2978 4569 ἔφ’

367 4567 523 4638 prior
608 4568 851 4624 eneralis
896 4572 1074 4625 totius
1101 4570 1315 4625 ordinis
1344 4577 1390 4638 (†
1417 4575 1467 4626 7.
1494 4571 1648 4640 Sept.
1703 4560 1894 4619 diensi
1926 4559 2223 4619 Ludovico
2255 4561 2324 4619 de
2342 4559 2622 4619 Bourbon
2655 4578 2689 4617 a
2720 4558 2981 4617 consiliis

367 4644 544 4720 1497)·
613 4642 711 4711 j¹¹⁸
737 4642 1142 4725 commentaria
1183 4644 1207 4695 t
1286 4644 1335 4724 i?
1373 4641 1649 4711 prodiissflss
1704 4652 1767 4707 et
1796 4648 2286 4720 confessionibus,
2309 4648 2632 4725 inquisitor
2660 4647 2982 4706 haereticae

362 4711 654 4767 dicuntur.
683 4745 748 4754 —
779 4714 1199 4767 Guilelmus
1299 4716 1650 4766 intraeus

361 4781 619 4855 (Byntre)
648 4784 701 4837 N
704 4784 951 4838 orfolcen
959 4785 1034 4838 sis
1061 4786 1122 4838 O.
1155 4784 1335 4838 Carm.
1367 4786 1414 4848 (†
1430 4789 1480 4840 3.
1497 4784 1650 4853 Sept.
1704 4737 2021 4814 pmVitatis
2052 4757 2160 4839 pe?
2191 4738 2522 4839 dioeqaeimJ
2558 4739 2762 4837 “intra
2793 4736 2982 4794 nivel'

367 4858 544 4912 1493).
573 4888 640 4896 --
667 4855 695 4908 J
719 4874 757 4908 u
773 4856 795 4910 l
811 4855 831 4908 i
846 4872 880 4908 a
897 4873 934 4908 n
951 4874 988 4908 u
1007 4874 1033 4910 s
1077 4857 1146 4909 de
1195 4856 1235 4908 P
1253 4857 1290 4909 h
1308 4856 1328 4908 i
1347 4855 1400 4909 li
1417 4873 1454 4924 p
1471 4872 1509 4924 p
1527 4871 1560 4910 o
1589 4855 1650 4911 Ο.
1706 4828 1901 4886 lenses
1919 4828 2243 4887 haeretlcos
2263 4830 2388 4904 08st
2406 4828 2781 4901 scnpffltque·
2814 4825 2984 4882 Anno

363 4923 547 4980 Carm.
577 4926 943 4980 Florentinus
969 4931 1016 4998 (†
1042 4931 1129 4985 30.
1155 4927 1269 4982 Jul.
1298 4930 1475 4998 1481).
1715 4926 1881 4979 1474
1915 4916 2111 4975 factus
2144 4920 2237 4975 est
2266 4917 2575 4992 episcopus
2599 4913 2891 4972 dariensis
2924 4915 2987 4972 et
