3475 5364
535 339 653 390 705
910 318 940 372 J
952 337 1014 370 us
1041 318 1395 373 canonicum.
1432 319 1638 372 Baldus
1665 321 1733 374 de
1766 320 2014 378 Ubaldis.
2048 320 2313 382 Romano,
2335 320 2632 391 Philippus
2664 325 2769 375 etc.
3028 340 3147 392 705

528 505 650 562 suis
685 506 1009 564 illustravit
1058 501 1564 580 praelectionibus.
1614 505 1678 564 in
1709 525 1812 565 ne·
1869 507 2039 582 cujus
2072 509 2369 582 epitomen
2402 507 2638 565 exhibet
2667 506 3006 583 Raynaldus
3029 511 3150 565 An-

528 594 705 670 gotiis
733 594 988 670 publicis
1020 597 1246 670 partem
1281 595 1509 664 habuit,
1544 594 1811 671 undique
1869 597 1983 653 nal.
2038 595 2163 662 VII,
2221 605 2334 658 321
2381 615 2451 655 se.
2502 596 2590 655 ed.
2641 596 2751 654 luc.
2811 605 3007 660 1752:
3059 597 3151 654 cui

527 682 644 740 fuit
674 684 977 742 consultus
1026 687 1086 742 et
1136 703 1353 760 magna
1400 702 1630 759 semper
1680 688 1811 744 erat
1868 684 2083 760 adjecit
2133 687 2495 763 alleqationes
2541 686 2827 744 secundas
2892 703 2996 760 pro
3042 686 3151 742 Ur-

528 772 870 831 auditorum
932 791 1147 832 corona
1206 774 1452 831 cinctus.
1549 775 1813 832 Decessit
1868 775 2019 833 bano
2072 774 2184 834 VI..
2236 793 2384 849 quas
2431 774 2650 833 ibidem
2692 774 2951 850 reperies
2999 774 3071 832 ad
3104 794 3150 831 a.

532 879 727 920 morsu
759 862 949 920 rabidi
979 862 1138 921 canis
1173 862 1513 921 vnlneratus
1549 871 1646 925 28.
1672 865 1811 938 Apr.
1877 873 2061 926 1378.
2112 863 2234 933 VII,
2287 873 2411 927 613
2447 882 2520 922 ss,
2584 863 2805 922 Verum
2838 867 3152 921 accusatur

543 960 719 1012 1400.
756 952 993 1009 Praeter
1024 971 1202 1027 opera
1233 952 1307 1010 ad
1331 953 1432 1027 jus
1452 952 1621 1010 civile
1645 970 1810 1027 spec·
1868 957 2071 1027 postea
2116 957 2377 1011 mutasse
2424 953 2780 1011 sententiam
2832 956 2893 1011 et
2937 952 3153 1010 favisse

529 1040 733 1108 tantia,
769 1041 830 1098 in
863 1041 1083 1114 quibus
1109 1042 1210 1116 jus
1244 1042 1591 1100 canonicum
1626 1036 1810 1099 attin·
1867 1041 2154 1100 Clementi
2173 1042 2295 1100 VII.
2330 1042 2491 1117 Opus
2507 1041 2577 1099 de
2599 1041 3151 1100 commemoratione

530 1129 636 1205 git,
687 1129 961 1204 reliquit:
1009 1129 1260 1187 Lectum
1309 1149 1486 1205 super
1530 1131 1586 1191 ll.
1633 1134 1813 1188 1—-3
1868 1130 2399 1191 famosissimorum
2447 1130 2751 1189 doctorum
2802 1130 2864 1188 in
2898 1133 3151 1205 utroque

530 1219 916 1294 decretalium,
959 1218 1277 1278 Mediolani
1315 1228 1609 1282 1476—7
1622 1230 1656 1282 8
1691 1224 1734 1277 t.
1774 1229 1806 1280 2
1859 1221 1996 1295 jure
2029 1224 2120 1278 est
2151 1219 2541 1295 deperditum.
2604 1219 2777 1277 Tanti
2822 1220 3012 1278 factus
3061 1223 3154 1277 est

531 1303 623 1386 (in
655 1307 691 1369 1.
733 1319 782 1368 1.
816 1310 876 1365 et
911 1305 1025 1384 2.);
1068 1318 1218 1370 149]
1252 1331 1265 1378 ς
1313 1308 1572 1366 Venetiis
1615 1319 1809 1376 1495;
1867 1329 1901 1366 a
1932 1309 2180 1384 posteris
2229 1312 2289 1368 et
2333 1309 2700 1384 aequalibus,
2749 1312 2820 1367 nt
2858 1307 3154 1367 diceretur

537 1405 733 1462 1500;
798 1396 1080 1472 Lugduni
1119 1407 1314 1468 15,14;
1370 1407 1568 1467 15433
1613 1408 1809 1464 1547;
1874 1399 2234 1467 ,oraculum
2268 1416 2507 1465 numen,
2553 1399 2807 1466 lucerna,
2842 1397 3155 1456 monarcha

531 1485 933 1559 Repertorinm
965 1505 1138 1561 super
1161 1486 1504 1555 Innocentio,
1540 1487 1696 1562 quod
1722 1489 1813 1545 est
1858 1487 2074 1561 juris‘
2145 1488 2222 1545 Et
2252 1506 2459 1545 revera
2492 1486 2684 1545 adhuc
2711 1487 2952 1562 juvenis
2993 1496 3066 1547 17
3104 1505 3151 1544 a.

530 1575 705 1632 index
768 1574 1172 1650 alphabeticus
1218 1575 1289 1633 ad
1336 1576 1667 1635 Innocentii
1716 1576 1809 1634 IV.
1869 1576 2100 1651 publice
2133 1576 2205 1635 de
2227 1577 2366 1652 jure
2412 1576 2745 1651 disputavit
2793 1575 3152 1651 promeruit·

530 1664 948 1722 commentaria
970 1682 1076 1722 seu
1091 1670 1441 1739 apparatum
1463 1665 1525 1722 in
1544 1665 1809 1723 decreta·
1867 1685 1981 1740 que
2044 1666 2303 1724 lauream
2356 1665 2731 1724 doctoralem.
2793 1664 3154 1724 Prodierunt

531 1754 616 1810 les
629 1753 964 1827 Maryarita
991 1753 1810 1830 cognominatum,quodpas-
1866 1756 1995 1830 ejus
2028 1773 2207 1829 opera
2238 1759 2279 1813 t.
2320 1767 2350 1817 7
2389 1755 2631 1813 collecta
2663 1753 2926 1813 Venetiis
2968 1763 3150 1820 1572;

531 1842 637 1900 sim
674 1861 806 1900 cum
841 1842 948 1901 hoc
982 1848 1268 1918 apparatu
1299 1842 1537 1918 prodiit,
1591 1848 1664 1901 ut
1695 1861 1740 1901 s.
1774 1845 1811 1900 l.

531 1934 592 1988 et
625 1951 673 1989 a.
708 1931 779 2010 (c.
825 1928 1045 2010 1474);
1097 1931 1364 1990 Venetiis
1405 1943 1603 1994 1481:
1655 1933 1812 2009 Lug-

531 2019 676 2077 duni
740 2030 921 2089 1525,
974 2024 1036 2078 et
1082 2021 1262 2078 etiam
1308 2022 1550 2080 seorsim
1584 2024 1810 2097 Argen·

531 2109 689 2166 tinae
715 2119 875 2171 1478
896 2131 910 2174 ς
933 2109 1250 2168 Mediolani
1275 2121 1429 2172 1481
1457 2129 1471 2185 ;
1504 2119 1657 2171 1491
1684 2114 1813 2179 etc.;

531 2199 601 2256 de
629 2200 944 2268 schismate,
989 2199 1053 2256 in
1086 2217 1204 2273 quo
1237 2200 1457 2274 scripto
1487 2199 1702 2274 probat
1732 2199 1812 2257 le-

532 2286 802 2362 gitimam
837 2287 1021 2347 fuisse
1063 2288 1408 2346 electionem
1444 2288 1662 2347 Urbani
1697 2288 1812 2357 VL,

725 2411 838 2418 --

534 2475 602 2510 zu
615 2458 726 2511 den
737 2458 1232 2527 hervorragenden
1247 2459 1552 2528 gerechnet
1569 2458 1812 2524 werden,

533 2529 800 2582 zeichnen
841 2529 960 2582 sich
1001 2530 1135 2582 aber
1161 2547 1262 2586 aus
1291 2530 1471 2585 durch
1499 2529 1624 2582 eine
1652 2529 1815 2582 Fiille

534 2600 630 2653 des
682 2600 900 2663 Stoffes,
949 2600 1322 2654 interessente
1368 2601 1815 2664 Einzelnheiten‚

534 2671 857 2741 praktische
885 2672 1314 2744 Beherrschung
1359 2673 1476 2727 und
1523 2673 1684 2726 einen
1714 2673 1822 2726 auf

534 2743 625 2797 die
651 2744 1006 2813 Auffassung
1049 2761 1151 2797 aus
1178 2745 1305 2798 dem
1334 2761 1553 2816 ganzen
1582 2744 1815 2799 Gebiete

533 2815 885 2881 gerichteten
913 2816 1068 2868 Sinn.
1097 2815 1190 2870 Sic
1217 2817 1344 2869 sind
1372 2819 1508 2871 stete
1529 2817 1589 2869 in
1607 2817 1815 2870 hohem

534 2888 795 2941 Ansehen
845 2886 1162 2955 geblieben.
1213 2887 1573 2956 Exprobrant
1625 2891 1815 2942 tamen

532 2957 631 3010 alii
659 2958 894 3011 nimiam
938 2958 998 3011 in
1018 2958 1332 3027 judicando
1378 2958 1670 3012 licentiam
1699 2977 1811 3013 non

533 3029 668 3082 satis
695 3029 1013 3093 fundatam,
1059 3030 1250 3098 legum
1294 3029 1595 3085 citationes
1622 3047 1815 3099 super-

532 3099 689 3163 fluas,
718 3101 953 3153 nimiam
983 3100 1367 3170 prolixitatem
1387 3104 1648 3172 junctam
1685 3119 1815 3155 cum

532 3171 880 3240 parsimonia
931 3171 990 3224 in
1056 3173 1491 3240 quaestionibus
1552 3172 1815 3241 alioquin

532 3243 873 3307 necessariis,
927 3242 1359 3298 immoderatam
1413 3244 1814 3310 subtilitatem,

531 3312 810 3368 defectum
875 3314 1218 3383 cognitionis
1294 3315 1693 3384 chronologiae
1760 3319 1817 3368 et

530 3385 814 3439 historiae.
854 3385 934 3439 Cf.
971 3386 1323 3456 Vermiglioli
1350 3386 1634 3455 Biografia
1661 3387 1814 3456 degli

532 3457 791 3511 Scrittori
819 3458 1082 3527 perugini
1119 3460 1155 3519 1.
1182 3462 1480 3520 112-143,
1527 3459 1627 3526 qui
1654 3474 1813 3511 accu-

530 3528 811 3581 ratissime
838 3528 907 3581 de
934 3529 1098 3582 Baldi
1144 3530 1265 3583 vita
1310 3534 1368 3582 et
1393 3529 1660 3599 operibus
1687 3530 1815 3582 scri-

529 3598 643 3652 bit:
689 3600 839 3653 sicut
864 3605 921 3653 et
946 3601 1014 3653 de
1042 3601 1167 3654 aliis
1197 3601 1376 3654 Bald
1396 3618 1424 3654 e
1443 3601 1599 3653 schi
1628 3599 1815 3665 claris,

533 3674 599 3724 ut
623 3670 692 3725 de
721 3674 768 3723 A
787 3689 823 3722 n
839 3690 876 3740 g
893 3688 921 3724 e
939 3672 956 3725 l
974 3688 1005 3725 o
1032 3672 1076 3724 B
1094 3691 1118 3723 a·
1143 3672 1212 3724 ld
1236 3673 1252 3725 i
1281 3673 1462 3727 nostri
1480 3672 1650 3724 fratre
1673 3672 1814 3725 adeo

528 3742 740 3812 insigni
761 3742 912 3812 juris
948 3743 1225 3805 consulto,
1269 3747 1335 3797 ut
1373 3743 1657 3796 diceretur
1701 3743 1814 3812 ..ju-

530 3813 718 3867 dicum
748 3814 944 3868 doctor
969 3819 1027 3868 et
1051 3814 1244 3885 praxis
1272 3818 1480 3884 pater,“
1512 3814 1652 3882 juris
1679 3814 1815 3867 civi·

529 3885 598 3939 lis
644 3888 957 3955 professore
1003 3891 1060 3939 et
1105 3887 1439 3955 magistratu
1488 3889 1534 3957 (†
1561 3903 1607 3941 c.
1637 3888 1813 3957 1407),

530 3957 606 4011 ib.
632 3975 688 4026 p.
715 3962 819 4014 95-
859 3962 990 4017 1082
1019 3959 1086 4010 de
1117 3958 1430 4012 Nicolao
1459 3958 1517 4012 B.
1546 3957 1699 4010 infra.
1740 3957 1815 4009 lo-

531 4046 801 4096 quemur:
851 4028 935 4082 ita
976 4039 1033 4083 et
1057 4030 1125 4083 de
1169 4029 1209 4082 P
1228 4034 1387 4083 etro
1417 4029 1476 4084 Β.
1529 4028 1610 4083 Cf.
1639 4030 1814 4082 etiam

533 4100 902 4153 Mazzuchelli
942 4101 1007 4164 11,
1051 4119 1103 4169 p.
1151 4102 1186 4160 1,
1217 4120 1271 4169 p.
1300 4105 1433 4158 1462
1485 4099 1813 4154 Tiraboschi

533 4172 597 4225 V.
625 4172 661 4225 l.
689 4177 721 4227 2
749 4176 929 4227 c.4n.
957 4178 1026 4229 26
1052 4191 1123 4228 ss.
1151 4179 1165 4195 ⁹

610 4248 644 4305 Ι)
672 4243 776 4297 Pro
806 4242 1093 4297 Clemente
1125 4245 1169 4296 V
1179 4244 1241 4297 ll.
1283 4244 1552 4296 adversus
1593 4242 1816 4296 electio-

532 4330 659 4368 nem
701 4315 919 4368 Urbani
963 4316 1051 4369 Vl.
1099 4315 1258 4369 stetit
1303 4315 1568 4369 Petrus
1615 4314 1814 4366 Flan-

530 4386 562 4439 d
583 4387 644 4439 ri
663 4405 700 4439 n
718 4404 754 4439 u
771 4405 797 4439 s
829 4386 1188 4450 vivariensis,
1217 4387 1570 4441 decretorum
1597 4385 1815 4448 doctor,

530 4458 776 4511 decanus
793 4457 1122 4526 bajocensis,
1141 4457 1274 4511 inde
1290 4457 1519 4511 auditor
1534 4474 1575 4510 s.
1589 4456 1814 4525 palatii,

1867 1846 1950 1902 ita
2010 1843 2266 1919 plurima
2314 1846 2442 1919 ejus
2504 1843 2748 1901 consilia
2794 1843 3151 1918 saepissime.

1870 1932 2227 2009 quandoque
2289 1937 2331 1989 t..
2387 1943 2443 2002 6,
2509 1939 2578 1991 ut
2629 1932 2893 1991 Venetiis
2952 1941 3151 2000 15263

1883 2032 2081 2093 1575;
2166 2032 2328 2085 1580
2394 2023 2533 2088 etc.;
2605 2021 2886 2097 Lugduni
2954 2030 3151 2086 1559;

1869 2110 2244 2171 Francofurti
2285 2120 2482 2178 1585;
2554 2119 2715 2173 1589
2764 2114 2871 2168 etc.
2919 2109 3151 2168 Ludo-

1869 2200 2091 2259 vicus
2180 2200 2254 2258 de
2330 2200 2621 2276 Perego
2698 2198 3154 2257 mediolanensis

1870 2290 2188 2364 utriusque
2212 2289 2370 2365 juris
2389 2288 2593 2348 doctor
2613 2285 2675 2370 (†
2707 2283 2897 2368 1525)
2934 2288 3153 2362 compi-

1871 2379 2013 2437 lavit
2048 2378 2121 2437 ad
2153 2378 2283 2453 ejus
2315 2396 2493 2453 opera
2511 2378 2779 2435 tabulam
2813 2396 2918 2452 per
2951 2377 3153 2451 alpha·

1871 2467 2070 2526 betum
2151 2472 2413 2526 omnium
2496 2467 2626 2541 ejus
2713 2465 3150 2541 principalium,

1870 2557 2318 2633 emergentium,
2350 2555 2741 2614 incidentium
2787 2573 2853 2614 ac
2884 2557 3151 2613 extrava-

1870 2646 2139 2723 gantium
2203 2646 2513 2714 dictorum,
2579 2663 2729 2720 qnae
2778 2644 3008 2703 inserta
3066 2647 3155 2702 est

1872 2755 2117 2812 operum
2149 2735 2239 2794 ed.
2264 2735 2491 2793 Tridini
2520 2743 2681 2797 1516
2705 2737 2747 2792 t.
2779 2746 2801 2796 l
2830 2757 2843 2803 ς
2876 2734 3153 2811 Lugduni

1886 2836 2062 2888 1551.
2109 2825 2382 2883 Refertur
2413 2822 2668 2883 Baldum
2712 2823 2892 2881 fuisse
2926 2826 3154 2881 statura

1870 2915 2157 2989 pusillum
2191 2914 2351 2983 ade0,
2374 2917 2446 2972 ut
2468 2912 2807 2971 auditorum
2830 2911 3049 2986 aliquis
3082 2912 3153 2969 de

1872 3022 1939 3061 eo
1959 3004 2207 3062 diceret:
2247 3043 2271 3072 χ,
2288 3003 2510 3061 Minuit
2525 3001 2862 3078 praesentia
2876 3002 3107 3068 samam3
3123 3008 3150 3037 ¹

1870 3111 2001 3152 mox
2038 3092 2265 3151 Baldus
2299 3092 2590 3167 reposuit:
2626 3090 2933 3166 ,Augebit
2963 3093 3155 3148 cetera

1872 3181 2123 3242 virtu8.‘

1963 3369 2108 3422 360.
2143 3359 2583 3417 Praetermissis
2630 3358 2936 3415 Simone
2982 3358 3152 3415 Bor-

1871 3469 1898 3506 s
1917 3466 2054 3506 ano
2101 3444 2438 3527 (Brossano,
2502 3442 2863 3525 Broussano)
2929 3446 3151 3504 archie-

1871 3538 2106 3612 piscopo
2138 3536 2566 3594 mediolanensi
2598 3530 2826 3615 (1370)
2875 3539 2936 3592 et
2966 3533 3148 3593 cardi·

1871 3627 2011 3693 nali,
2059 3626 2162 3700 qui
2210 3629 2406 3683 tamen
2453 3624 2755 3682 ecclesiam
2798 3642 2970 3681 snam
3000 3642 3153 3680 nun-

1872 3735 2051 3789 quam
2113 3714 2367 3773 accessit
2425 3713 2683 3789 negotiis
2746 3711 3152 3770 ecclesiasticis

1872 3804 1984 3863 sibi
2034 3824 2069 3862 a
2111 3822 2353 3863 romano
2397 3802 2676 3878 pontifice
2723 3801 3020 3876 impositis
3053 3800 3152 3858 de·-

1868 3897 2073 3951 tentus
2106 3889 2166 3972 (†
2202 3901 2299 3953 27.
2333 3892 2484 3967 Aug.
2527 3888 2735 3967 1381),
2783 3891 2953 3964 cujus
2984 3908 3152 3965 prae·

1869 3987 1962 4041 ter
2007 3982 2122 4041 alia
2170 3981 2451 4039 landatur
2496 3998 2645 4055 opus
2690 3979 2948 4055 perutile
2980 3998 3155 4053 super

1870 4071 2367 4131 Clementinarum
2420 4070 2639 4128 librum
2672 4102 2759 4113 -—-
2792 4068 3153 4143 Philippo

1870 4161 1941 4219 de
1974 4160 2233 4218 Leidis
2268 4160 2391 4218 viro
2424 4158 2613 4218 nobili
2638 4159 2793 4233 juris
2826 4158 3061 4215 doctore
3094 4161 3154 4214 et

1870 4251 2150 4309 canonico
2212 4249 2540 4324 parisiensi,
2593 4246 2804 4305 deinde
2856 4246 2917 4305 in
2962 4249 3155 4321 patria

1870 4340 2147 4397 canonico
2180 4338 2490 4413 trajectino
2540 4333 2600 4417 (†
2640 4332 2830 4415 1386)
2866 4369 2948 4379 -—-·
2985 4336 3151 4393 Gui-

1871 4429 1934 4486 le
1951 4429 2042 4486 lm
2062 4447 2095 4486 o
2128 4429 2370 4493 Beiram,
2390 4426 2735 4484 Hollandiae
2753 4424 2951 4483 comiti
2969 4444 3003 4482 a
3018 4444 3149 4482 con-

530 4529 757 4582 demum
787 4534 922 4586 1371
972 4529 1279 4583 cardinalis
1305 4534 1352 4591 ('†
1381 4533 1541 4599 1381)
1569 4529 1630 4580 in
1660 4532 1727 4581 tr.
1756 4531 1816 4581 de
1872 4517 2034 4583 siliis,
2069 4518 2172 4590 qui
2193 4520 2428 4591 praeter
2443 4505 2728 4574 lecturam
2747 4515 2862 4572 inl.
2883 4523 2937 4576 3.
2957 4515 3152 4571 decre-

520 4611 732 4669 papatu
759 4601 877 4654 Sive
905 4601 974 4654 ‘le
1001 4601 1154 4655 facto
1172 4599 1493 4653 Schiflmaffiss
1511 4600 1816 4667 Otimpreb·
1870 4606 2080 4664 talium
2098 4606 2335 4679 scripsit
2349 4607 2423 4665 tr.
2457 4606 2525 4661 dc
2558 4604 2903 4678 reipublicae
2923 4620 3071 4660 cura
3106 4609 3156 4658 et

1317 4592 1320 4599 ι

530 4670 1816 4824 &assaspremissas?aas&
1870 4703 2022 4753 ΡΡΡΡ
2045 4696 2459 4794 ΡΡΡΡΡΡΡΡΡΡ
2736 4691 3153 4793 ...aaa

529 4815 740 4883 passim
767 4816 1114 4869 mentionem
1156 4816 1294 4868 facit
1319 4784 1587 4867 Baluzius
1612 4813 1672 4865 in
1699 4812 1818 4865 suis
1882 4794 2035 4847 1701
2079 4803 2142 4841 ¹¹¹
2178 4794 2230 4845 4·
2266 4802 2399 4842 cum
2447 4787 2703 4840 immons
2745 4784 2868 4838 mia
2917 4783 3153 4837 auctore

528 4888 599 4940 ad
629 4887 775 4940 vitas
802 4904 1082 4956 paparum
1109 4886 1578 4940 avenionensium
1610 4884 1777 4937 notis.
1840 4873 2091 4940 lSebflSi·
2174 4870 2450 4929 POI‘ZOldO
2498 4904 2584 4913 -
2634 4869 2671 4926 J
2690 4889 2823 4928 oan
2843 4888 2929 4927 ne
2980 4868 3153 4925 Fan·

743 4986 930 5035 Hurter.
963 4984 1287 5031 Nomenclator
1314 4984 1354 5029 11
1384 4984 1454 5030 ed.
1488 4984 1531 5029 3.
2723 4973 2794 5023 23
