3475 5364
180 375 301 429 421
544 356 824 410 Martinus
848 355 989 421 Pol„
1014 355 1259 410 Thomas
1284 374 1433 427 pap„
1463 355 1836 423 RolandinuS,
1862 356 2106 412 Thomas
2130 356 2200 409 de
2226 355 2424 425 Wyck.
2675 373 2798 427 422

188 544 430 602 nonnisi
460 545 657 618 postea
676 541 794 600 fuit
812 541 991 600 manu
1015 541 1208 601 aliena
1225 542 1465 601 inserte.
1518 549 1675 620 qesta
1707 545 2130 616 imperatorum
2174 549 2223 601 et
2262 544 2620 618 pontificum,
2655 560 2803 617 quo-

192 632 418 691 Prodiit
452 632 551 691 hoc
584 630 901 691 chronicon
920 631 1181 706 primum
1203 632 1468 690 Basileae
1522 651 1657 690 rum
1687 631 2192 695 introductionem
2235 635 2298 690 et
2328 631 2607 690 ultimam
2641 651 2698 707 p.
2728 630 2805 688 ab

203 732 360 785 1559
428 739 560 780 cum
620 720 884 780 Mariano
935 720 1110 779 Scoto
1171 738 1315 779 cura
1374 720 1413 778 J
1416 738 1467 777 o.
1524 721 1781 780 Henrico
1814 721 1879 779 V.
1921 720 2111 779 edidit
2140 721 2428 779 Boehmer
2456 719 2673 779 Fontes
2705 719 2803 790 IV,

186 810 400 869 Gerold
454 810 539 887 (in
583 828 704 885 qua
748 809 837 868 ed.
879 812 1073 868 exstat
1118 813 1180 867 et
1208 806 1468 890 fabula);
1529 819 1785 874 609—-7
1796 819 1828 870 2
1881 809 1993 869 sub
2025 809 2219 881 *titulo
2251 809 2563 868 Minoritae
2592 808 2805 869 floren-

194 900 546 974 Antverpiae
586 908 752 961 1574
787 916 931 957 cura
950 897 1124 956 Suffr.
1146 898 1309 957 Petri
1336 915 1468 956 cum
1526 898 1641 957 tini
1686 906 1847 975 qesta
1893 901 2337 973 imperatorum,
2385 898 2523 957 dein
2581 898 2807 956 Ehren·

190 988 635 1047 continuatione
666 1004 877 1061 ‚usque
927 986 1001 1045 ad
1046 989 1317 1062 tempora
1359 988 1470 1046 Be·
1525 988 1796 1046 feuchter
1836 988 1899 1047 in
1931 988 2056 1047 Ma.
2091 988 2183 1046 SS.
2215 988 2392 1046 XXII.
2436 995 2805 1050 483—528.

195 1076 408 1136 nedic‘ti
454 1077 599 1135 XII..
663 1075 762 1134 sed
823 1076 1180 1152 perturbata
1226 1076 1470 1135 chrono·
1531 1111 1611 1121 —
1645 1077 2039 1137 Rolandin
2058 1095 2163 1144 us,
2215 1076 2557 1145 Patavinus,
2591 1093 2806 1153 cogno-

196 1167 342 1243 logia
371 1165 488 1224 sub
518 1166 664 1224 falso
686 1164 1108 1241 archiepiscopi
1129 1164 1472 1223 Consentini
1527 1169 1726 1226 mento
1747 1165 2330 1235 Grammaticus,
2365 1165 2808 1242 grammaticam

195 1255 364 1313 titulo
396 1258 461 1312 et
482 1257 690 1313 contra
707 1257 965 1313 mentem
988 1254 1246 1313 auctoris
1264 1254 1327 1312 in
1349 1262 1386 1316 4
1410 1253 1471 1311 ll.
1527 1258 1589 1313 et
1618 1254 1968 1331 rhetoricam
2000 1254 2230 1313 Patavii
2278 1254 2495 1319 docuit.
2562 1253 2807 1313 Chroni-

194 1344 496 1411 distincta3
531 1343 805 1402 Coloniae
844 1354 1008 1406 1616
1043 1342 1131 1401 ed.
1165 1361 1302 1401 rara
1332 1361 1475 1403 cura
1526 1363 1630 1403 con
1664 1343 1964 1403 Marchiae
1995 1345 2313 1403 tarvisinae
2356 1344 2430 1401 ab
2461 1361 2512 1401 a.
2552 1349 2810 1413 1188-5-

192 1433 280 1491 Jo.
313 1432 565 1491 Fabritii
586 1431 848 1490 Caesaris
883 1431 946 1491 Ο.
982 1432 1223 1501 Praem.,
1257 1433 1320 1490 in
1352 1450 1473 1508 qua
1534 1443 1700 1497 1260
1755 1432 2145 1501 concinnavit,
2196 1432 2357 1508 quod
2400 1432 2623 1508 prodiit
2660 1451 2809 1491 ,cum

200 1523 284 1579 ed.
315 1520 480 1579 deest
512 1522 618 1580 illa
649 1520 881 1591 sabula3
912 1520 1001 1579 ed.
1024 1539 1229 1580 recusa
1245 1523 1472 1597 Argen·
1528 1522 1837 1581 Alber-tino
1851 1522 2113 1580 Mussato
2141 1521 2212 1580 de
2225 1521 2411 1599 gestis
2427 1520 2668 1579 Henrici
2682 1521 2806 1581 VII.

208 1611 370 1668 toi-ati
428 1619 629 1674 1685:
682 1611 908 1687 Pragae
977 1618 1160 1672 1859.
1234 1609 1474 1685 Optime
1529 1612 1671 1687 imp.
1719 1630 1861 1670 cura
1903 1610 2117 1670 Felicis
2165 1609 2290 1669 Osii
2333 1609 2603 1670 Venetiis
2640 1619 2806 1674 1636

206 1719 330 1757 vero
360 1718 501 1757 cura
531 1700 593 1757 L.
625 1698 899 1758 Weiland
943 1697 1007 1756 in
1038 1700 1162 1757 ΜΘ.
1198 1699 1292 1757 88.
1340 1716 1471 1757 cum
1529 1701 1594 1759 in
1625 1699 1696 1769 f.;
1728 1700 1888 1759 inter
1919 1700 2235 1775 scriptores
2266 1687 2470 1759 Italiae
2501 1698 2590 1757 ed.
2612 1699 2811 1771 Mura-

202 1788 641 1847 continuatione
677 1785 731 1867 (1
750 1796 1007 1850 277—s
1021 1786 1081 1868 7)
1104 1788 1283 1857 XXII,
1323 1797 1473 1851 377-
1528 1789 1649 1848 tori
1670 1788 1826 1859 VIII,
1855 1799 2009 1857 1533
2047 1790 2112 1846 in
2131 1788 2255 1847 ΜΟ.
2279 1788 2376 1846 SS.
2399 1788 2808 1858 xlx‚32-147

219 1888 343 1939 42-2.
374 1877 540 1935 Alias
575 1876 1053 1935 continuationes
1084 1876 1252 1935 dedit
1272 1875 1473 1946 XXIV,
1531 1878 1619 1937 ed.
1639 1877 1808 1936 Jaffe.
1842 1878 2199 1954 Temporum
2220 1877 2463 1954 quidem
2485 1877 2654 1946 vitio,
2676 1878 2811 1953 qui·

220 1975 562 2029 251—265.
626 1966 772 2025 Cum
834 1966 945 2023 hoc
995 1966 1309 2025 chronicon
1371 1964 1474 2023 ad·
1532 1968 1644 2026 bus
1660 1967 1830 2036 vixit,
1847 1966 1989 2026 stilo
2005 1967 2202 2025 utitur
2227 1966 2582 2035 italicismis‚
2612 1969 2687 2025 ut
2719 1966 2811 2024 di-

216 2055 431 2113 modum
481 2055 667 2113 fuerit
727 2055 1043 2130 vulgatum
1095 2055 1184 2113 nil
1234 2054 1475 2123 mirum,
1532 2058 1695 2124 cunt,
1728 2056 1976 2115 referto:
2023 2055 2125 2114 sed
2157 2055 2210 2115 si
2239 2074 2439 2114 rerum
2471 2054 2675 2131 potius
2708 2056 2811 2115 ha·

219 2143 394 2218 plures
423 2144 579 2203 illud
610 2143 993 2202 continuasse
1002 2138 1072 2224 ²).
1106 2144 1275 2202 Caret
1287 2143 1478 2219 pretio
1533 2146 1746 2204 beatur
1776 2144 1945 2213 ratio,
1997 2143 2308 2211 fatendum,
2350 2146 2548 2203 censet
2579 2144 2813 2204 Batiso-

219 2232 417 2291 critico.
454 2253 589 2292 nam
636 2232 883 2291 fabellas
932 2250 1039 2308 pro
1080 2232 1344 2292 historiis
1374 2232 1478 2290 ob·
1533 2253 1649 2294 nus
1680 2234 1864 2292 abbas
1895 2236 1957 2291 et
1986 2233 2205 2292 nobilis
2237 2232 2559 2291 Patavinus
2574 2228 2642 2313 ¹),
2677 2252 2814 2292 eum

224 2321 405 2379 trudit.
450 2326 522 2381 ut
568 2321 770 2397 inquit
806 2322 935 2397 jam
967 2321 1386 2380 Bellarminus:
1419 2324 1481 2379 et
1534 2323 1717 2383 seculi
1750 2323 1846 2381 sui
1877 2323 2189 2398 scriptores
2219 2322 2454 2380 vincere
2485 2322 2814 2398 perspicui·

220 2409 535 2475 dolendum,
571 2429 672 2469 eas
704 2429 774 2468 ex
804 2410 910 2469 illa
940 2410 1113 2469 intot
1132 2410 1246 2469 alia
1259 2410 1478 2469 redun-
1533 2417 1675 2481 tate,
1709 2411 1935 2481 ordine,
1977 2410 2276 2470 industria
2304 2414 2381 2481 et,
2427 2410 2588 2486 quod
2636 2414 2817 2487 caput

224 2499 372 2557 desse
413 2500 702 2559 chronica.
763 2499 1007 2558 Taurini
1052 2499 1275 2575 prodiit
1311 2507 1475 2562 1477
1534 2504 1642 2569 est,
1656 2500 2004 2577 prudentia:
2025 2500 2814 2575 imofideincorruptaetiam

228 2587 386 2645 simili
414 2588 597 2647 titulo
630 2588 863 2647 Marti
879 2588 956 2646 ni
1001 2588 1209 2647 Poloni
1250 2590 1479 2646 chroni-
1535 2589 1799 2650 clarioris
1828 2589 2089 2648 nominis
2130 2588 2441 2648 historicos
2471 2589 2648 2666 longe
2679 2592 2816 2665 post

230 2694 318 2734 con
347 2697 711 2738 summorum
742 2676 1090 2755 pontificum
1132 2679 1194 2737 et
1224 2678 1477 2754 impera·
1536 2700 1597 2740 se
1627 2679 1996 2756 relinquere:
2046 2678 2122 2738 ad
2165 2679 2308 2738 haec
2354 2678 2621 2755 undique
2653 2678 2717 2738 in
2747 2697 2815 2740 eo

232 2771 402 2824 torum
432 2786 493 2826 ac
526 2768 600 2826 de
634 2771 861 2843 septem
906 2767 1204 2826 aetatibus
1254 2767 1479 2836 mundi,
1534 2769 1800 2828 relucere
1831 2767 2075 2843 pietatis
2124 2770 2304 2842 atque
2348 2767 2657 2844 religionis
2688 2770 2816 2827 stu·

238 2854 370 2928 quod
395 2861 590 2916 tamen
623 2874 777 2932 opus
819 2861 914 2915 est
943 2856 1251 2932 scriptoris
1280 2875 1481 2915 recen·
1535 2859 1720 2928 dium,
1755 2858 1897 2917 item
1944 2860 2310 2933 quantopere
2352 2861 2485 2915 tum
2528 2857 2592 2915 in
2621 2857 2817 2916 literis

237 2943 396 3014 tione,
428 2946 678 3004 alterius
711 2945 950 3004 omnino
997 2945 1123 3003 stili
1154 2949 1217 3005 et
1247 2946 1484 3022 longius
1537 2948 1719 3007 sacris
1750 2950 1880 3006 tum
1914 2946 1977 3004 in
1996 2946 2315 3024 gentilium
2336 2945 2592 3022 scriptis,
2617 2949 2818 3023 poeta-

240 3031 572 3105 productum.
623 3034 807 3092 Index
857 3034 1077 3093 decreti
1126 3053 1234 3093 seu
1276 3034 1485 3093 tabula
1535 3056 1672 3096 rum
1702 3036 1768 3095 in
1799 3035 2018 3112 primis,
2052 3039 2233 3111 atque
2274 3036 2455 3094 etiam
2477 3034 2820 3112 „disciplinis

240 3118 442 3195 decreti,
474 3142 627 3198 quae
677 3123 904 3199 prodiit
952 3123 1067 3182 sub
1097 3123 1281 3182 titulo
1314 3124 1482 3182 Mar·
1537 3126 1737 3184 minus
1770 3125 2043 3201 protritis
2088 3128 2358 3183 versatus
2407 3124 2606 3183 fuerit.
2668 3125 2820 3183 Aliis

250 3212 409 3283 yurita
441 3212 807 3271 Martiniano
852 3221 942 3271 est
971 3212 1367 3289 repertorium
1399 3212 1484 3269 al·
1539 3214 1733 3274 adhuc
1763 3214 2040 3290 operibus
2058 3213 2386 3272 illustravit
2412 3214 2637 3289 patriae
2651 3214 2820 3286 urbis

254 3297 586 3370 phabeticum
635 3302 700 3360 in
744 3301 1066 3370 decretum,
1113 3301 1258 3359 utile
1289 3304 1350 3360 et
1383 3320 1485 3377 ap-
1539 3307 1724 3380 gesta,
1759 3303 2014 3362 familias
2049 3303 2345 3379 antiquas,
2395 3301 2550 3361 viros
2583 3303 2725 3361 olim
2756 3303 2822 3361 in

253 3391 370 3455 tum,
409 3389 541 3449 hinc
585 3390 935 3466 saepissime
979 3390 1227 3462 editum,
1275 3391 1487 3449 saltem
1541 3393 1647 3451 illa
1676 3392 1959 3462 illustres,
1992 3394 2123 3449 tum
2138 3391 2318 3450 etiam
2344 3409 2534 3450 mores
2550 3391 2822 3467 ritusque

253 3473 396 3534 vicies
424 3497 605 3555 usque
641 3479 714 3538 ad
746 3499 795 3538 a.
836 3490 1019 3544 1500.
1084 3479 1385 3538 Sermones
1415 3479 1488 3537 de
1544 3477 1604 3562 (†
1654 3490 1708 3543 2.
1759 3481 1928 3548 Febr.
1986 3477 2195 3560 1276).
2246 3512 2334 3523 —
2380 3479 2698 3538 Thomas
2749 3481 2822 3540 de

251 3562 474 3639 tempore
520 3573 580 3626 et
625 3568 699 3626 de
744 3568 965 3627 sanctis
995 3567 1346 3645 prodierunt
1376 3570 1488 3627 Ar·
1544 3570 1668 3647 Wy
1685 3571 1862 3629 ekes
1915 3564 2136 3650 (Wike)
2170 3587 2294 3627 can.
2327 3586 2449 3644 reg.
2484 3568 2547 3628 Ο.
2582 3569 2637 3627 S.
2669 3572 2822 3647 Aug.

258 3656 513 3724 gentorati
549 3666 735 3721 1484.
775 3666 959 3721 1486.
1002 3666 1182 3720 1488.
1544 3659 1905 3720 oseneiensis
1939 3655 2017 3740 (fl.
2039 3677 2084 3718 c.
2115 3652 2308 3738 1290)
2332 3657 2571 3733 scripsit
2587 3662 2825 3733 praeter

1543 3749 1658 3807 alia
1686 3750 1994 3808 chronicon
2022 3748 2098 3806 ab
2128 3767 2177 3806 a.
2221 3755 2646 3810 1066—1304
2667 3748 2825 3807 mul·

294 3833 454 3892 ⁸223.
485 3833 800 3894 Thomas
853 3837 923 3894 de
972 3835 1201 3911 Papia
1251 3835 1314 3895 Ο.
1348 3835 1488 3894 Min.
1544 3841 1674 3896 tum
1727 3837 1921 3896 simile
1981 3835 2300 3895 annalibus
2361 3836 2710 3896 monasterii
2755 3838 2826 3910 de

257 3916 489 3978 minister
532 3923 913 3999 provincialis
959 3924 1204 3984 Tusciae
1253 3924 1494 3984 exhibet
1547 3926 1813 3996 Oseneia,
1846 3945 1918 3984 ex
1948 3943 2068 4002 quo
2098 3927 2371 4001 excerpta
2404 3921 2505 4007 (ab
2539 3945 2588 3983 a.
2627 3937 2652 3989 1
2672 3935 2826 3990 147-

1555 4009 1751 4098 1287)
1798 4015 1862 4073 in
1907 4015 2032 4073 ΜΕ.
2068 4013 2162 4073 SS.
2194 4013 2426 4084 XXVII,
2477 4022 2824 4079 484—502

330 4128 359 4180 ¹¹}
383 4125 455 4178 cf.
493 4129 610 4197 ejus
656 4133 983 4183 accuratam
1033 4128 1491 4197 disquisitionem
1547 4108 1840 4180 prostant,
1888 4106 1948 4162 0¹²
1984 4104 2109 4179 jam
2156 4106 2293 4162 ante
2333 4103 2486 4162 illud
2518 4104 2830 4164 ediderant

274 4188 303 4244 L
317 4197 451 4249 365-
465 4202 542 4254 69.
570 4200 950 4255 wattenbach
963 4205 1175 4263 tamen,
1193 4201 1292 4269 qui
1308 4218 1493 4255 acrem

268 4259 326 4313 de
348 4264 434 4321 hoc
455 4270 705 4326 chronico
726 4289 1016 4326 censuram
1040 4273 1272 4341 profert,
1300 4271 1494 4342 opina·
2107 4297 2113 4303 ·

276 4333 921 4416 tutffienchiehtsqueuen
949 4347 988 4398 t.
1004 4349 1055 4400 2.
1084 4344 1277 4415 v§2·2)
1303 4343 1492 4413 ipsum
1630 4349 1664 4415 ¹)
1694 4344 1777 4398 Cf.
1819 4344 2008 4399 Oudin
2049 4345 2143 4410 111,
2181 4349 2318 4403 485„
2363 4344 2695 4399 Tiraboschi
2736 4346 2830 4401 IV.

278 4399 537 4480 lim-tinum
570 4413 628 4466 in
668 4415 969 4484 posteriori
1011 4415 1197 4484 operis
1231 4417 1496 4469 retracta·
1550 4417 1586 4470 1.
1613 4422 1645 4472 2
1672 4433 1718 4469 c.
1746 4421 1779 4473 6
1805 4435 1861 4469 n.
1889 4422 1958 4473 14
1983 4433 2112 4470 eum
2131 4416 2344 4486 pariter
2364 4415 2611 4471 multum
2634 4416 2835 4476 laudat

280 4473 400 4554 hone
421 4481 665 4540 fabellam
693 4486 952 4540 assuisse.
997 4485 1077 4540 Cf.
1103 4485 1368 4541 Weiland
1395 4488 1496 4538 Ar·
1550 4488 1622 4541 ab
1670 4487 2035 4542 accuratione
2086 4491 2144 4542 et
2192 4488 2419 4553 ordine3
2469 4490 2831 4543 veracitatem

277 4541 386 4598 clm
406 4550 484 4604 fur
501 4553 660 4610 altere
679 4557 950 4611 deutsche
967 4557 1497 4612 Geschichtskunde
1551 4574 1683 4613 vero
1728 4559 2132 4613 commendant
2172 4576 2476 4613 consensus
2526 4563 2584 4612 et
2631 4577 2834 4630 appro-

286 4612 378 4673 ΧΠ
400 4625 577 4686 1-79ς
604 4626 862 4682 Potthast
886 4648 942 4699 p.
971 4634 1069 4685 771
1092 4651 1103 4688 ;
1130 4628 1376 4683 Michael
1402 4629 1497 4692 111,
1553 4630 1709 4685 batio
1735 4630 1992 4702 plurium
2020 4630 2401 4699 professorum
2442 4632 2499 4683 et
2533 4631 2835 4700 discipulo·

289 4685 532 4750 383-388.
1552 4719 1697 4764 rum,
1750 4702 1957 4769 quibus
2007 4717 2130 4755 eam
2182 4702 2476 4771 praelegit,
2519 4703 2643 4770 ipso
2694 4706 2835 4756 teste

327 4759 468 4841 sm?
489 4764 693 4822 duabus
721 4769 1254 4827 continuationibus
1277 4770 1498 4827 erudite
1553 4773 1589 4827 l.
1630 4779 1697 4829 12
1741 4790 1787 4826 c.
1828 4773 2050 4828 ultimo,
2103 4771 2363 4826 Ceterum
2408 4790 2535 4826 cum
2581 4772 2835 4827 utilitate

290 4822 472 4923 dliisent
493 4836 910 4897 Glasschroeder
933 4842 1129 4898 histor.
1146 4842 1344 4897 Jahrb.
1360 4847 1500 4900 1890
1554 4846 1808 4899 conferes
1858 4843 2191 4898 Tiraboechi
2238 4846 2276 4897 l.
2325 4844 2419 4897 cit.
2472 4844 2540 4897 de
2577 4843 2836 4913 pluribus

295 4908 341 4959 Ι)-
361 4903 608 4969 247—259.
1553 4914 1844 4970 historicis
1871 4915 2026 4980 italis
2054 4932 2162 4972 see.
2188 4915 2335 4968 XIII.
2362 4915 2747 4970 disserentem.

2406 5006 2497 5062 14·
