3475 5364
162 368 280 418 501
962 352 994 405 J
1001 369 1065 406 us
1091 354 1447 408 canonicum.
1474 357 1721 410 Joannes
1753 354 2034 408 Andreae.
2681 370 2803 422 (502

161 540 357 595 natus.
426 538 756 615 Ingressus
817 543 912 596 est
959 539 1023 595 in
1071 539 1466 598 adolescentia
1525 539 1696 608 ,fons
1745 544 1806 598 et
1836 538 1986 598 tuba
2008 540 2181 614 juriS,
2231 537 2402 596 rabbi
2454 539 2804 597 doctorum‘

163 624 656 686 Cisterciensium
691 628 956 686 ordinem
988 628 1051 685 in
1071 629 1311 687 abbatia
1329 629 1463 687 bul·
1521 629 1837 698 salutatuS,
1873 627 2120 705 Mugelli
2162 629 2227 685 in
2260 627 2502 686 Etruria
2545 628 2641 686 vel
2672 646 2806 701 pro-

161 715 419 774 bonensi
457 717 749 776 dioecesis
782 716 1180 792 Mirapicinae.
1215 718 1466 777 Parisios
1521 718 1780 776 habilius
1814 718 2112 776 Bononiae
2142 720 2320 774 natus
2352 734 2399 774 c.
2449 726 2631 779 1270.
2695 716 2808 773 Bo·

167 804 523 864 ·studiorum
598 824 777 864 causa
852 806 1071 864 missus
1130 807 1465 884 theologiae
1520 807 1734 865 noniae
1768 806 1986 865 studiis
2018 825 2252 882 operam
2285 805 2463 872 dedit,
2478 806 2616 880 jure
2636 823 2807 863 cano-

165 894 371 952 laurea
406 895 534 953 fuit
564 894 820 953 donatus
867 898 1046 971 atque
1094 897 1321 955 electus
1355 897 1458 955 ab·
1520 897 1654 954 nico
1708 897 1820 955 sub
1870 895 2088 953 celebri
2139 895 2406 953 Gnidone
2468 894 2540 952 de
2591 895 2809 969 Baysio

167 983 273 1040 bas
307 983 532 1042 Fontis
550 983 751 1061 frigidi
787 979 1033 1066 (1311),
1067 986 1207 1044 dein
1230 981 1457 1066 (1317)
1523 985 1773 1044 maxime
1817 984 2165 1050 delectatne,
2214 984 2318 1059 qui
2368 985 2567 1058 ipsum
2598 983 2672 1042 ob
2706 1002 2805 1058 pe-

167 1072 863 1150 episcopusapamiensis
887 1073 1133 1154 (1317).
1168 1078 1215 1132 Δ
1237 1075 1466 1133 Joanne
1522 1075 1730 1132 cuniae
1767 1073 2017 1150 inopiam
2051 1073 2238 1150 gratis
2270 1072 2343 1130 ad
2377 1073 2638 1131 lauream
2671 1091 2807 1147 pro-

169 1161 357 1223 1111.
410 1169 644 1221 creatus
705 1167 800 1221 est
860 1163 1176 1222 cardinalis
1238 1160 1465 1245 (1327)
1523 1163 1726 1222 movit.
1760 1163 1929 1220 Juris
1963 1161 2232 1220 canonici
2266 1162 2652 1236 interpretem
2686 1162 2808 1236 egit

171 1249 382 1310 dictus
418 1252 811 1311 communiter
831 1252 1084 1318 Blancus
1116 1249 1467 1333 (Candidus)
1526 1253 1783 1326 primum
1818 1252 2148 1318 Bononiam
2191 1270 2323 1310 cum
2371 1269 2510 1309 vero
2552 1269 2620 1309 ea
2663 1250 2807 1308 urbs

175 1339 251 1397 ab
284 1341 507 1400 habitu
534 1341 758 1400 ordinis
790 1340 944 1411 albo,
989 1360 1165 1416 quem
1198 1342 1466 1400 retinuit.

177 1427 464 1488 Pontifex
481 1431 665 1488 factus
690 1429 932 1489 diremit
949 1425 1009 1513 (1
1028 1427 1180 1511 336)
1199 1450 1461 1506 peremp-

178 1518 338 1576 torie
373 1519 832 1578 controversiam
881 1519 955 1577 de
999 1519 1314 1578 animabus
1341 1522 1468 1594 jus·

1525 1341 1637 1400 sub
1669 1340 1975 1399 interdicti
1996 1359 2248 1400 censura
2270 1343 2549 1416 gemeret,
2566 1341 2809 1398 transiit

1525 1431 1834 1489 Patavium
1865 1429 2070 1505 ibique
2121 1448 2342 1488 munus
2394 1427 2641 1487 docendi
2672 1447 2807 1504 pro·

1525 1523 1765 1578 secutus
1815 1523 1908 1577 est
1961 1515 2207 1600 (1307).
2286 1518 2484 1578 Rediit
2533 1538 2581 1576 a.
2642 1527 2806 1579 1309

179 1610 415 1678 torum,
461 1608 673 1684 quibus
726 1608 876 1666 nihil
923 1609 1209 1670 luendum
1262 1627 1467 1685 super·
1522 1607 2229 1684 atqueindeadmortem
2248 1626 2441 1682 usque
2470 1606 2809 1665 cathedram

184 1705 366 1767 esset,
425 1715 548 1755 mox
608 1697 994 1757 admittendis
1045 1698 1118 1755 ad
1179 1699 1466 1760 visionem

186 1785 537 1844 beatificam.
569 1786 871 1863 Sanguine
894 1787 1126 1863 junctis
1158 1788 1311 1846 nihil
1329 1806 1462 1846 con·

1524 1698 1692 1755 rexit.
1728 1699 1940 1773 Magna
1971 1700 2100 1756 erat
2130 1697 2259 1771 ejus
2281 1697 2622 1764 auctoritas,
2657 1696 2808 1786 utin

1524 1786 1784 1861 publicis
1799 1787 2055 1862 negotiis
2071 1787 2200 1861 ejus
2231 1785 2543 1845 consilium
2559 1789 2620 1843 et
2636 1804 2810 1860 opera

190 1874 343 1932 tulit
377 1875 578 1934 solitus
626 1876 837 1944 dicere,
886 1875 1222 1952 pontificem
1257 1876 1468 1935 debere
1523 1876 1911 1936 invocaretur.
1974 1875 2184 1934 Gratia
2215 1876 2527 1933 fruebatur
2558 1874 2809 1932 Joannis

193 1981 326 2021 esse
348 1964 495 2023 sicut
514 1964 952 2034 Melchisedech,
986 1966 1112 2024 sine
1132 1969 1312 2040 patre,
1343 1966 1469 2023 sine
1525 1964 1721 2033 xxu„
1760 1984 1795 2022 a
1826 1965 1998 2040 cujus
2030 1963 2307 2040 partibus
2339 1963 2592 2022 fideliter
2624 1963 2808 2021 stetit.

197 2056 405 2120 matre,
436 2054 557 2112 sine
580 2054 944 2130 genealogia,
966 2058 1147 2129 atque
1168 2053 1467 2113 interdum
1528 2055 1767 2112 Doctam
1818 2053 2033 2113 habuit
2076 2072 2320 2112 uxorem
2352 2052 2674 2112 Melanciae
2707 2071 2809 2110 no-

200 2159 268 2198 ea
317 2142 490 2201 verba
532 2147 796 2218 repetere
829 2145 922 2201 Ps.
964 2152 1057 2210 18,
1101 2153 1211 2205 14:
1265 2145 1333 2201 Si
1360 2144 1470 2201 mei
1522 2144 1700 2212 mine,
1735 2162 1918 2218 quam
1967 2143 2032 2200 in
2077 2142 2499 2201 controversiis
2532 2141 2809 2216 juridicis

205 2248 319 2288 nen
348 2233 553 2304 fuerint
572 2233 876 2307 dominati,
912 2240 1046 2291 tunc
1069 2234 1470 2291 immaculatus
1523 2232 1886 2300 consulebat,
1922 2231 2150 2290 doctam
2197 2235 2261 2290 et
2303 2231 2485 2291 filiam
2516 2237 2667 2288 natu
2699 2231 2808 2287 mi·

207 2337 321 2378 ero.
355 2321 600 2386 Decessit
633 2325 888 2397 25.Apr.
918 2331 1103 2384 1342.
1138 2322 1467 2398 Reyistmam
1524 2321 1743 2380 nimam
1779 2322 2089 2379 Novellam
2125 2321 2500 2396 appellatam,
2535 2338 2686 2394 quae
2708 2338 2808 2393 pa·

208 2408 571 2482 epistolarum
602 2414 664 2470 et
680 2411 1175 2469 constitutionum
1197 2411 1324 2486 ejus
1342 2410 1469 2470 iux
1525 2411 1635 2468 tris
1668 2411 2031 2486 aegrotantis
2078 2409 2263 2468 vicem
2299 2410 2362 2468 in
2395 2408 2808 2484 praelectioni-

211 2501 397 2557 tomos
411 2498 650 2557 divisum
666 2498 1470 2559 asservaturinbibliotheca
1525 2499 1638 2557 bus
1690 2499 2006 2575 supplebat
2055 2501 2116 2557 et
2163 2499 2335 2573 cujus
2384 2516 2599 2557 nomen
2648 2498 2810 2573 operi

212 2588 490 2646 vaticana:
566 2589 770 2647 harum
834 2589 1037 2665 plures
1100 2589 1466 2665 prodierunt,
1521 2588 1847 2663 inscripsit.
1878 2588 2005 2646 Etsi
2015 2588 2254 2664 juvenis
2273 2588 2570 2646 liberioris
2600 2586 2814 2645 fuisset

218 2694 338 2735 non
366 2678 641 2748 collectae,
690 2678 793 2737 sed
843 2679 1141 2755 dispersae
1187 2698 1292 2755 per
1324 2681 1471 2737 Acta
1524 2678 1696 2747 vitae,
1721 2678 2264 2755 provectioraetate
2280 2676 2808 2736 verechristianam

220 2765 598 2836 conciliorum,
650 2768 915 2828 Annales
970 2767 1282 2845 Waddingi
1327 2772 1468 2838 etc.;
1525 2766 1697 2826 duxit
1742 2768 1926 2827 vitam
1971 2787 2336 2844 magnaeque
2399 2765 2813 2824 beneficentiae

224 2854 432 2929 aliquot
457 2858 800 2932 prodierunt
831 2858 892 2914 ll.
931 2866 963 2921 2
1002 2857 1244 2925 Parisiis
1276 2868 1468 2927 15173
1524 2856 1641 2915 fuit
1657 2876 1797 2933 erga
1815 2858 2092 2916 ecclesias
2110 2861 2170 2915 et
2193 2875 2495 2933 pauperes,
2530 2856 2584 2914 S.
2606 2855 2811 2913 Hiero-

224 2941 274 2998 J.
307 2945 371 3005 11.
402 2946 554 3004 Vidal
603 2946 792 3021 coepit
843 2947 1014 3004 edere
1065 2946 1289 3004 Laurea
1317 2965 1462 3005 com·

227 3051 401 3091 umes
426 3035 722 3112 analysees
740 3034 870 3093 fasc.
894 3044 928 3098 3
947 3035 1185 3093 Parisiis
1212 3045 1467 3098 1902-13.

228 3122 524 3198 Antequam
555 3124 917 3182 ascendisset
947 3124 1020 3182 ad
1040 3123 1363 3201 dignitates
1384 3125 1468 3184 al-

228 3211 387 3270 tiores
414 3214 811 3272 elaboraverat
855 3213 1280 3288 expositionem
1333 3232 1468 3272 eru-

230 3298 389 3358 ditam
417 3306 470 3360 et
499 3303 784 3378 prolixam
820 3303 881 3360 in
916 3303 1279 3361 Matthaeum
1310 3303 1373 3361 in
1394 3306 1467 3360 tr.

239 3397 341 3451 132
370 3390 688 3450 distinctam
737 3397 781 3450 t.
820 3402 855 3453 4
905 3391 967 3449 in
1000 3392 1055 3461 f.,
1109 3395 1276 3449 tract.
1315 3404 1347 3455 6
1399 3392 1471 3450 de

233 3481 372 3538 statu
389 3481 704 3540 animarum
727 3484 867 3539 ante
881 3480 1174 3555 judicium
1194 3481 1470 3557 generale

233 3570 339 3633 etc,
367 3588 504 3645 quae
534 3576 732 3637 tamen
783 3573 1135 3645 manserunt
1164 3570 1391 3628 inedita
1406 3567 1468 3649 ¹).

234 3654 548 3733 Reprobavit
603 3670 722 3735 117
778 3661 1176 3725 Armenorum
1221 3677 1468 3729 errores,

239 3746 321 3818 qui
348 3748 640 3808 voluerant
656 3768 791 3807 cum
811 3748 946 3807 secle
967 3748 1289 3824 apostolica
1319 3748 1471 3807 inire

237 3835 494 3903 unionem,
542 3839 614 3897 de
664 3856 785 3912 quo
836 3836 1093 3907 consilio,
1127 3837 1287 3913 quod
1319 3838 1471 3895 forte

239 3925 392 3983 caruit
409 3927 609 3986 effectu
630 3927 774 3985 reali
793 3930 853 3984 et
864 3926 1153 3984 diuturno
1174 3926 1244 3984 cf.
1267 3925 1472 3985 Hefele

240 4029 313 4089 op.
339 4016 426 4073 cit.
455 4013 486 4083 ἓ
519 4026 661 4078 7117.

314 4200 437 4255 3119.
456 4194 609 4253 Inter
624 4189 1022 4274 canonistas2)
1040 4195 1149 4252 hoc
1166 4211 1307 4252 aevo
1325 4194 1474 4251 forte

243 4283 550 4360 praecipuus
599 4290 691 4342 est
739 4282 776 4341 J
795 4302 1026 4349 oanne
1047 4302 1072 4341 s
1125 4285 1230 4341 An
1249 4281 1473 4340 dreae

310 4488 456 4541 Ι11111.
499 4492 559 4553 ll,
604 4494 923 4547 311—3142
976 4489 1328 4556 Realencycl.
1385 4489 1474 4549 11³,

249 4559 510 4624 566-5682
540 4561 732 4615 tlefele
761 4570 787 4629 3
811 4566 936 4617 706.

281 4632 658 4706 ‚²1Guile1m
681 4650 763 4685 us
790 4632 859 4685 de
890 4628 1193 4701 Pagula,
1237 4632 1473 4701 Anglus,

253 4702 451 4780 marius
475 4703 859 4759 winfeldensis
886 4703 960 4771 (fl.
991 4720 1037 4755 c.
1063 4708 1224 4771 1350)
1253 4702 1476 4756 cont-iu-

255 4778 376 4848 uant
395 4774 668 4829 Summam
700 4792 1055 4828 summarum
1080 4774 1201 4829 sive
1228 4778 1476 4843 reperto·

253 4854 364 4896 num
376 4845 510 4913 juris
535 4846 797 4901 canonici
819 4846 877 4899 ll.
899 4851 962 4903 52
989 4844 1293 4913 Speculum
1323 4861 1478 4913 prae-

257 4908 478 4972 latorum:
516 4917 820 4988 Speculum
858 4916 1284 4985 religiosorum:
1339 4920 1476 4971 Ocu-

1525 2965 1774 3021 nymum
1806 2946 2094 3023 singulari
2124 2945 2598 3021 prosequebatur
2625 2944 2810 3011 cultu,

1524 3040 1596 3093 ut
1625 3054 1659 3092 a
1691 3054 1735 3093 s.
1770 3035 2007 3095 doctore
2046 3036 2305 3093 voluerit
2347 3035 2631 3110 appellari
2663 3033 2735 3091 de
2769 3051 2811 3090 s.

1525 3123 1906 3200 Hieronymo,
1972 3124 2133 3199 quod
2196 3142 2414 3183 nomen
2483 3122 2694 3182 deinde
2755 3130 2815 3179 et

1525 3213 1781 3271 familiae
1816 3214 2019 3272 haesit.
2057 3213 2228 3271 Peste
2267 3227 2575 3288 correptus
2615 3211 2813 3269 deces-

1527 3303 1604 3360 sit
1644 3313 1696 3364 7.
1730 3303 1850 3360 Jul.
1898 3311 2077 3365 1348.
2115 3302 2399 3367 Plurima,
2436 3302 2611 3377 plane
2641 3299 2815 3358 docta

1526 3394 1587 3450 et
1617 3391 1797 3450 utilia
1826 3391 2071 3467 reliquit
2103 3410 2308 3466 opera:
2347 3391 2554 3448 Glossa
2589 3392 2650 3447 in
2672 3390 2811 3447 Sex-

1527 3487 1859 3554 tum,quam
1874 3481 2219 3539 retractavit
2232 3479 2477 3554 adjectis
2495 3478 2813 3537 additioni-

1527 3571 1640 3628 bus
1661 3569 1735 3627 ad
1757 3574 2107 3645 apparatum
2127 3569 2201 3626 ad
2221 3570 2459 3627 Sextum
2483 3572 2544 3626 et
2565 3567 2815 3626 Novella

1530 3655 1662 3740 (seu
1724 3654 2178 3739 commentaria)
2244 3659 2308 3715 in
2359 3657 2615 3725 Sextum,
2664 3674 2815 3730 quae

1529 3747 1883 3822 prodierunt
1914 3748 2024 3806 hoc
2046 3747 2256 3805 titulo:
2297 3746 2721 3805 Commentario
2756 3746 2815 3802 in

1527 3838 1839 3895 decretales
1870 3845 1922 3894 et
1956 3837 2216 3910 Sextum,
2252 3836 2464 3894 Romae
2498 3843 2653 3897 1476
2678 3834 2742 3892 in
2760 3834 2813 3903 f.;

1531 3927 1746 4002 Papiae
1790 3936 1989 3994 14843
2056 3925 2317 3985 Venetiis
2360 3934 2558 3993 14893
2624 3934 2810 3989 1491;

1540 4025 1733 4085 14993
1780 4026 1932 4078 1581
1978 4018 2018 4072 t.
2058 4026 2089 4077 5
2128 4015 2187 4073 in
2221 4014 2259 4076 f.
2311 4014 2515 4074 Glossa
2548 4014 2653 4073 illa
2684 4033 2817 4072 mox

1533 4202 1647 4256 lum
1678 4202 1985 4256 sacerdotis
2027 4202 2338 4265 dexterum,
2383 4202 2609 4254 oculum
2659 4200 2817 4253 sinis·

1531 4278 1678 4328 trum
1704 4277 1827 4335 etc„
1845 4290 1989 4341 quae
2003 4277 2337 4327 manserunt
2352 4272 2587 4326 inedita.
2610 4274 2815 4325 Eorum

1530 4345 1747 4399 codices
1788 4363 1947 4398 mser.
1990 4344 2294 4413 diligenter
2336 4347 2590 4398 recenset
2630 4343 2817 4398 [ludin

1535 4418 1623 4475 Ill,
1652 4421 1773 4472 867.
1808 4448 1869 4456 —
1900 4416 2131 4469 Celeher
2176 4415 2288 4469 fuit
2314 4417 2663 4469 decretorum
2694 4414 2820 4467 doc-

1533 4492 1621 4542 tor
1672 4492 1729 4540 et
1780 4488 2063 4556 professor
2119 4487 2369 4540 Venetiis
2422 4491 2475 4541 et
2530 4486 2818 4541 Bononiae

1533 4559 1578 4611 U
1603 4561 1857 4612 bertus
1885 4559 1954 4612 de
1982 4562 2303 4612 Caesena,
2348 4575 2470 4611 can.
2518 4576 2577 4622 r.,
2625 4560 2814 4627 postea

1533 4635 1712 4699 (1333)
1755 4630 2054 4700 episcopus
2098 4629 2441 4683 Concordiae
2485 4640 2530 4689 s†
2557 4636 2642 4685 22.
2674 4634 2817 4693 Aug.

1533 4706 1709 4769 1334),
1740 4705 1902 4769 cujus
1931 4706 2119 4754 tamen
2150 4700 2375 4754 nullum
2414 4717 2701 4769 superesse
2743 4699 2819 4751 vi-

1533 4773 1700 4826 detur
1726 4788 1888 4842 opus.
1942 4774 2024 4826 Cf.
2066 4772 2135 4826 de
2178 4790 2243 4826 eo
2270 4772 2600 4825 Τῇ-1111030111
2636 4772 2695 4822 V.
2724 4771 2759 4823 l.
2788 4776 2817 4825 :2

1533 4862 1577 4897 c.
1607 4850 1639 4899 ὁ
1668 4864 1722 4898 n.
1754 4849 1849 4901 18:
1893 4844 2199 4897 Trombelli
2234 4842 2455 4896 Notizie
2483 4842 2542 4894 ‹li
2571 4861 2611 4894 s.
2644 4842 2815 4893 Maria

1514 4913 1589 4969 ‘di
1621 4915 1776 4969 Reno
1805 4934 1860 4985 p.
1888 4922 2007 4972 295.
