<?xml version="1.0" encoding="UTF-8"?>
<!DOCTYPE html PUBLIC "-//W3C//DTD XHTML 1.0 Transitional//EN"
    "http://www.w3.org/TR/xhtml1/DTD/xhtml1-transitional.dtd">
<html xmlns="http://www.w3.org/1999/xhtml" xml:lang="en" lang="en">
 <head>
  <title>
</title>
<meta http-equiv="Content-Type" content="text/html;charset=utf-8" />
  <meta name='ocr-system' content='tesseract 3.04.00' />
  <meta name='ocr-capabilities' content='ocr_page ocr_carea ocr_par ocr_line ocrx_word'/>
</head>
<body>
  <div class='ocr_page' id='page_1' title='image "./nomenclatorlite10hurtgoog_0700.png"; bbox 0 0 3475 5364; ppageno 0'>
   <div class='ocr_carea' id='block_1_1' title="bbox 539 314 3173 1471">
    <p class='ocr_par' dir='ltr' id='par_1_1' title="bbox 539 314 3173 1471">
     <span class='ocr_line' id='line_1_1' title="bbox 550 314 3168 393; baseline 0 -23"><span class='ocrx_word' id='word_1_1' title='bbox 550 334 711 393; x_wconf 73' lang='lat'>1291</span> <span class='ocrx_word' id='word_1_2' title='bbox 1306 320 1438 371; x_wconf 80' lang='lat'>1521</span> <span class='ocrx_word' id='word_1_3' title='bbox 1457 319 1674 372; x_wconf 81' lang='lat' dir='ltr'>-154o.</span> <span class='ocrx_word' id='word_1_4' title='bbox 1703 314 1756 373; x_wconf 83' lang='lat' dir='ltr'>S.</span> <span class='ocrx_word' id='word_1_5' title='bbox 1784 314 2092 383; x_wconf 78' lang='lat' dir='ltr'>Scriptura.</span> <span class='ocrx_word' id='word_1_6' title='bbox 2123 315 2409 371; x_wconf 80' lang='lat' dir='ltr'>Erasmus.</span> <span class='ocrx_word' id='word_1_7' title='bbox 2995 332 3168 386; x_wconf 80' lang='lat'>1292</span> 
     </span>
     <span class='ocr_line' id='line_1_2' title="bbox 541 500 3173 578; baseline 0.001 -19"><span class='ocrx_word' id='word_1_8' title='bbox 541 505 680 560; x_wconf 89' lang='lat' dir='ltr'>tura</span> <span class='ocrx_word' id='word_1_9' title='bbox 727 506 790 560; x_wconf 93' lang='lat' dir='ltr'>et</span> <span class='ocrx_word' id='word_1_10' title='bbox 838 503 1137 562; x_wconf 85' lang='lat' dir='ltr'>doctrinae</span> <span class='ocrx_word' id='word_1_11' title='bbox 1186 505 1454 561; x_wconf 79' lang='lat' dir='ltr'>veterum</span> <span class='ocrx_word' id='word_1_12' title='bbox 1499 500 1818 578; x_wconf 80' lang='lat' dir='ltr'>gentilium</span> <span class='ocrx_word' id='word_1_13' title='bbox 1874 501 1937 558; x_wconf 90' lang='lat' dir='ltr'>in</span> <span class='ocrx_word' id='word_1_14' title='bbox 1950 519 2059 560; x_wconf 92' lang='lat' dir='ltr'>suo</span> <span class='ocrx_word' id='word_1_15' title='bbox 2076 501 2667 568; x_wconf 82' lang='lat' dir='ltr'>detestabili,M0ria</span> <span class='ocrx_word' id='word_1_16' title='bbox 2681 502 2922 571; x_wconf 71' lang='lat' dir='ltr'>¹,seuin</span> <span class='ocrx_word' id='word_1_17' title='bbox 2945 502 2980 559; x_wconf 92' lang='lat' dir='ltr'>l.</span> <span class='ocrx_word' id='word_1_18' title='bbox 3002 502 3173 576; x_wconf 87' lang='lat' dir='ltr'>quod</span> 
     </span>
     <span class='ocr_line' id='line_1_3' title="bbox 542 585 3166 672; baseline 0.001 -24"><span class='ocrx_word' id='word_1_19' title='bbox 542 590 929 651; x_wconf 78' lang='lat' dir='ltr'>admiratione</span> <span class='ocrx_word' id='word_1_20' title='bbox 945 592 1285 652; x_wconf 79' lang='lat' dir='ltr'>methodum</span> <span class='ocrx_word' id='word_1_21' title='bbox 1305 594 1367 649; x_wconf 90' lang='lat' dir='ltr'>et</span> <span class='ocrx_word' id='word_1_22' title='bbox 1385 591 1817 649; x_wconf 74' lang='lat' dir='ltr'>accurationem</span> <span class='ocrx_word' id='word_1_23' title='bbox 1876 585 1938 672; x_wconf 91' lang='lat' dir='ltr'>(a</span> <span class='ocrx_word' id='word_1_24' title='bbox 1969 590 2275 650; x_wconf 88' lang='lat' dir='ltr'>Sorbonna</span> <span class='ocrx_word' id='word_1_25' title='bbox 2322 609 2558 666; x_wconf 90' lang='lat' dir='ltr'>quoque</span> <span class='ocrx_word' id='word_1_26' title='bbox 2616 600 2782 655; x_wconf 87' lang='lat'>1543</span> <span class='ocrx_word' id='word_1_27' title='bbox 2818 586 3166 671; x_wconf 89' lang='lat' dir='ltr'>reprobato)</span> 
     </span>
     <span class='ocr_line' id='line_1_4' title="bbox 540 676 3171 756; baseline 0.001 -20"><span class='ocrx_word' id='word_1_28' title='bbox 540 679 839 739; x_wconf 82' lang='lat' dir='ltr'>fastidisse</span> <span class='ocrx_word' id='word_1_29' title='bbox 872 681 1276 747; x_wconf 78' lang='lat' dir='ltr'>scholasticam</span> <span class='ocrx_word' id='word_1_30' title='bbox 1315 676 1621 755; x_wconf 87' lang='lat' dir='ltr'>ipsamque</span> <span class='ocrx_word' id='word_1_31' title='bbox 1653 679 1819 739; x_wconf 90' lang='lat' dir='ltr'>scho-</span> <span class='ocrx_word' id='word_1_32' title='bbox 1875 679 2187 756; x_wconf 83' lang='lat' dir='ltr'>inscripsit</span> <span class='ocrx_word' id='word_1_33' title='bbox 2217 680 2385 737; x_wconf 80' lang='lat' dir='ltr'>Laus</span> <span class='ocrx_word' id='word_1_34' title='bbox 2415 682 2704 739; x_wconf 72' lang='lat' dir='ltr'>stultitiae.</span> <span class='ocrx_word' id='word_1_35' title='bbox 2767 679 2836 737; x_wconf 88' lang='lat' dir='ltr'>In</span> <span class='ocrx_word' id='word_1_36' title='bbox 2869 698 2937 738; x_wconf 89' lang='lat' dir='ltr'>eo</span> <span class='ocrx_word' id='word_1_37' title='bbox 2970 679 3171 740; x_wconf 86' lang='lat' dir='ltr'>defec-</span> 
     </span>
     <span class='ocr_line' id='line_1_5' title="bbox 541 768 3170 846; baseline 0.001 -20"><span class='ocrx_word' id='word_1_38' title='bbox 541 769 886 828; x_wconf 89' lang='lat' dir='ltr'>lasticorum</span> <span class='ocrx_word' id='word_1_39' title='bbox 947 770 1319 846; x_wconf 83' lang='lat' dir='ltr'>sapientiam.</span> <span class='ocrx_word' id='word_1_40' title='bbox 1380 770 1651 828; x_wconf 81' lang='lat' dir='ltr'>Levitate</span> <span class='ocrx_word' id='word_1_41' title='bbox 1714 787 1822 827; x_wconf 86' lang='lat' dir='ltr'>sua</span> <span class='ocrx_word' id='word_1_42' title='bbox 1876 773 1977 828; x_wconf 88' lang='lat' dir='ltr'>tus</span> <span class='ocrx_word' id='word_1_43' title='bbox 2008 768 2199 828; x_wconf 86' lang='lat' dir='ltr'>omnis</span> <span class='ocrx_word' id='word_1_44' title='bbox 2233 768 2611 834; x_wconf 84' lang='lat' dir='ltr'>conditionis.</span> <span class='ocrx_word' id='word_1_45' title='bbox 2660 769 2999 839; x_wconf 74' lang='lat' dir='ltr'>vanitatem,</span> <span class='ocrx_word' id='word_1_46' title='bbox 3034 788 3170 828; x_wconf 92' lang='lat' dir='ltr'>cor-</span> 
     </span>
     <span class='ocr_line' id='line_1_6' title="bbox 543 855 3168 940; baseline 0.001 -25"><span class='ocrx_word' id='word_1_47' title='bbox 543 857 777 916; x_wconf 83' lang='lat' dir='ltr'>dicendi</span> <span class='ocrx_word' id='word_1_48' title='bbox 807 863 869 916; x_wconf 86' lang='lat' dir='ltr'>et</span> <span class='ocrx_word' id='word_1_49' title='bbox 899 859 1192 918; x_wconf 87' lang='lat' dir='ltr'>scribendi</span> <span class='ocrx_word' id='word_1_50' title='bbox 1246 855 1462 940; x_wconf 91' lang='lat' dir='ltr'>(neque</span> <span class='ocrx_word' id='word_1_51' title='bbox 1494 856 1651 917; x_wconf 88' lang='lat' dir='ltr'>enim</span> <span class='ocrx_word' id='word_1_52' title='bbox 1684 876 1820 932; x_wconf 89' lang='lat' dir='ltr'>pro·</span> <span class='ocrx_word' id='word_1_53' title='bbox 1877 859 2220 934; x_wconf 88' lang='lat' dir='ltr'>ruptionem</span> <span class='ocrx_word' id='word_1_54' title='bbox 2240 861 2347 916; x_wconf 87' lang='lat' dir='ltr'>etc.</span> <span class='ocrx_word' id='word_1_55' title='bbox 2379 859 2586 918; x_wconf 85' lang='lat' dir='ltr'>acerbe</span> <span class='ocrx_word' id='word_1_56' title='bbox 2617 862 2678 917; x_wconf 91' lang='lat' dir='ltr'>et</span> <span class='ocrx_word' id='word_1_57' title='bbox 2708 858 2931 918; x_wconf 86' lang='lat' dir='ltr'>ironice</span> <span class='ocrx_word' id='word_1_58' title='bbox 2961 877 3168 934; x_wconf 87' lang='lat' dir='ltr'>repre-</span> 
     </span>
     <span class='ocr_line' id='line_1_7' title="bbox 541 943 3172 1029; baseline 0 -24"><span class='ocrx_word' id='word_1_59' title='bbox 541 946 762 1005; x_wconf 82' lang='lat' dir='ltr'>fundus</span> <span class='ocrx_word' id='word_1_60' title='bbox 779 951 907 1005; x_wconf 87' lang='lat' dir='ltr'>erat</span> <span class='ocrx_word' id='word_1_61' title='bbox 924 943 1262 1029; x_wconf 84' lang='lat' dir='ltr'>theologus)</span> <span class='ocrx_word' id='word_1_62' title='bbox 1286 948 1438 1007; x_wconf 89' lang='lat' dir='ltr'>circa</span> <span class='ocrx_word' id='word_1_63' title='bbox 1468 949 1644 1022; x_wconf 89' lang='lat' dir='ltr'>plura</span> <span class='ocrx_word' id='word_1_64' title='bbox 1674 947 1816 1023; x_wconf 86' lang='lat' dir='ltr'>dog·</span> <span class='ocrx_word' id='word_1_65' title='bbox 1877 947 2100 1005; x_wconf 82' lang='lat' dir='ltr'>hendit.</span> <span class='ocrx_word' id='word_1_66' title='bbox 2132 946 2299 1005; x_wconf 83' lang='lat' dir='ltr'>Inter</span> <span class='ocrx_word' id='word_1_67' title='bbox 2329 965 2546 1023; x_wconf 82' lang='lat' dir='ltr'>paucos</span> <span class='ocrx_word' id='word_1_68' title='bbox 2578 965 2813 1006; x_wconf 90' lang='lat' dir='ltr'>menses</span> <span class='ocrx_word' id='word_1_69' title='bbox 2848 947 3070 1022; x_wconf 88' lang='lat' dir='ltr'>septies</span> <span class='ocrx_word' id='word_1_70' title='bbox 3099 952 3172 1006; x_wconf 87' lang='lat' dir='ltr'>et</span> 
     </span>
     <span class='ocr_line' id='line_1_8' title="bbox 541 1036 3168 1113; baseline 0.001 -20"><span class='ocrx_word' id='word_1_71' title='bbox 541 1039 703 1094; x_wconf 89' lang='lat' dir='ltr'>mata</span> <span class='ocrx_word' id='word_1_72' title='bbox 732 1036 867 1095; x_wconf 90' lang='lat' dir='ltr'>fidei</span> <span class='ocrx_word' id='word_1_73' title='bbox 885 1040 946 1103; x_wconf 87' lang='lat' dir='ltr'>et</span> <span class='ocrx_word' id='word_1_74' title='bbox 965 1038 1339 1113; x_wconf 82' lang='lat' dir='ltr'>disciplinam</span> <span class='ocrx_word' id='word_1_75' title='bbox 1362 1036 1820 1096; x_wconf 87' lang='lat' dir='ltr'>ecclesiasticam</span> <span class='ocrx_word' id='word_1_76' title='bbox 1876 1036 2089 1095; x_wconf 87' lang='lat' dir='ltr'>deinde</span> <span class='ocrx_word' id='word_1_77' title='bbox 2119 1037 2450 1096; x_wconf 83' lang='lat' dir='ltr'>innumeris</span> <span class='ocrx_word' id='word_1_78' title='bbox 2481 1036 2712 1096; x_wconf 84' lang='lat' dir='ltr'>vicibus</span> <span class='ocrx_word' id='word_1_79' title='bbox 2733 1036 2956 1111; x_wconf 86' lang='lat' dir='ltr'>prodiit</span> <span class='ocrx_word' id='word_1_80' title='bbox 2973 1040 3034 1095; x_wconf 93' lang='lat' dir='ltr'>et</span> <span class='ocrx_word' id='word_1_81' title='bbox 3067 1038 3168 1095; x_wconf 80' lang='lat' dir='ltr'>vel</span> 
     </span>
     <span class='ocr_line' id='line_1_9' title="bbox 540 1124 3167 1202; baseline 0 -20"><span class='ocrx_word' id='word_1_82' title='bbox 540 1124 825 1195; x_wconf 62' lang='lat' dir='ltr'>insuete,</span> <span class='ocrx_word' id='word_1_83' title='bbox 873 1126 1068 1195; x_wconf 87' lang='lat' dir='ltr'>dubie,</span> <span class='ocrx_word' id='word_1_84' title='bbox 1117 1128 1294 1185; x_wconf 82' lang='lat' dir='ltr'>etiam</span> <span class='ocrx_word' id='word_1_85' title='bbox 1341 1144 1584 1185; x_wconf 89' lang='lat' dir='ltr'>erronee</span> <span class='ocrx_word' id='word_1_86' title='bbox 1628 1144 1689 1183; x_wconf 89' lang='lat' dir='ltr'>se</span> <span class='ocrx_word' id='word_1_87' title='bbox 1721 1143 1820 1183; x_wconf 85' lang='lat' dir='ltr'>ex·</span> <span class='ocrx_word' id='word_1_88' title='bbox 1876 1125 2060 1184; x_wconf 87' lang='lat' dir='ltr'>Leoni</span> <span class='ocrx_word' id='word_1_89' title='bbox 2102 1126 2169 1183; x_wconf 89' lang='lat' dir='ltr'>X.</span> <span class='ocrx_word' id='word_1_90' title='bbox 2217 1126 2435 1184; x_wconf 87' lang='lat' dir='ltr'>arrisit.</span> <span class='ocrx_word' id='word_1_91' title='bbox 2500 1126 2614 1184; x_wconf 88' lang='lat' dir='ltr'>Sed</span> <span class='ocrx_word' id='word_1_92' title='bbox 2663 1129 2984 1202; x_wconf 88' lang='lat' dir='ltr'>postquam</span> <span class='ocrx_word' id='word_1_93' title='bbox 3016 1127 3167 1184; x_wconf 85' lang='lat' dir='ltr'>Ger-</span> 
     </span>
     <span class='ocr_line' id='line_1_10' title="bbox 539 1210 3169 1296; baseline 0 -25"><span class='ocrx_word' id='word_1_94' title='bbox 539 1210 913 1296; x_wconf 79' lang='lat' dir='ltr'>primebat1)‚</span> <span class='ocrx_word' id='word_1_95' title='bbox 950 1220 1019 1275; x_wconf 91' lang='lat' dir='ltr'>ut</span> <span class='ocrx_word' id='word_1_96' title='bbox 1038 1216 1163 1274; x_wconf 89' lang='lat' dir='ltr'>suis</span> <span class='ocrx_word' id='word_1_97' title='bbox 1194 1215 1450 1289; x_wconf 86' lang='lat' dir='ltr'>scriptis,</span> <span class='ocrx_word' id='word_1_98' title='bbox 1473 1213 1822 1291; x_wconf 87' lang='lat' dir='ltr'>praesertim</span> <span class='ocrx_word' id='word_1_99' title='bbox 1877 1216 2056 1273; x_wconf 88' lang='lat' dir='ltr'>ardus</span> <span class='ocrx_word' id='word_1_100' title='bbox 2088 1215 2348 1273; x_wconf 90' lang='lat' dir='ltr'>Listrius</span> <span class='ocrx_word' id='word_1_101' title='bbox 2400 1234 2470 1273; x_wconf 82' lang='lat' dir='ltr'>ex</span> <span class='ocrx_word' id='word_1_102' title='bbox 2503 1215 2900 1291; x_wconf 82' lang='lat' dir='ltr'>inspiratione</span> <span class='ocrx_word' id='word_1_103' title='bbox 2932 1214 3169 1273; x_wconf 86' lang='lat' dir='ltr'>Erasmi</span> 
     </span>
     <span class='ocr_line' id='line_1_11' title="bbox 539 1302 3167 1379; baseline 0 -18"><span class='ocrx_word' id='word_1_104' title='bbox 539 1303 614 1361; x_wconf 92' lang='lat' dir='ltr'>ob</span> <span class='ocrx_word' id='word_1_105' title='bbox 648 1322 814 1361; x_wconf 87' lang='lat' dir='ltr'>suam</span> <span class='ocrx_word' id='word_1_106' title='bbox 846 1306 1282 1374; x_wconf 88' lang='lat' dir='ltr'>auctoritatem,</span> <span class='ocrx_word' id='word_1_107' title='bbox 1333 1302 1820 1363; x_wconf 84' lang='lat' dir='ltr'>innovationibus</span> <span class='ocrx_word' id='word_1_108' title='bbox 1877 1303 2030 1361; x_wconf 89' lang='lat' dir='ltr'>illud</span> <span class='ocrx_word' id='word_1_109' title='bbox 2046 1304 2466 1363; x_wconf 89' lang='lat' dir='ltr'>commentario</span> <span class='ocrx_word' id='word_1_110' title='bbox 2497 1304 2826 1363; x_wconf 83' lang='lat' dir='ltr'>illustravit</span> <span class='ocrx_word' id='word_1_111' title='bbox 2845 1307 3167 1379; x_wconf 87' lang='lat' dir='ltr'>totumque</span> 
     </span>
     <span class='ocr_line' id='line_1_12' title="bbox 540 1392 3168 1471; baseline 0 -21"><span class='ocrx_word' id='word_1_112' title='bbox 540 1392 1000 1467; x_wconf 82' lang='lat' dir='ltr'>protestantium</span> <span class='ocrx_word' id='word_1_113' title='bbox 1017 1394 1295 1453; x_wconf 77' lang='lat' dir='ltr'>straverit</span> <span class='ocrx_word' id='word_1_114' title='bbox 1311 1394 1462 1453; x_wconf 84' lang='lat' dir='ltr'>viam</span> <span class='ocrx_word' id='word_1_115' title='bbox 1482 1414 1495 1451; x_wconf 89' lang='lat'>:</span> <span class='ocrx_word' id='word_1_116' title='bbox 1514 1393 1651 1451; x_wconf 88' lang='lat' dir='ltr'>hinc</span> <span class='ocrx_word' id='word_1_117' title='bbox 1666 1392 1821 1450; x_wconf 87' lang='lat' dir='ltr'>illud</span> <span class='ocrx_word' id='word_1_118' title='bbox 1880 1393 2045 1451; x_wconf 88' lang='lat' dir='ltr'>virus</span> <span class='ocrx_word' id='word_1_119' title='bbox 2077 1394 2266 1451; x_wconf 90' lang='lat' dir='ltr'>latens</span> <span class='ocrx_word' id='word_1_120' title='bbox 2299 1393 2550 1469; x_wconf 77' lang='lat' dir='ltr'>aperuit,</span> <span class='ocrx_word' id='word_1_121' title='bbox 2582 1412 2826 1471; x_wconf 87' lang='lat' dir='ltr'>gravem</span> <span class='ocrx_word' id='word_1_122' title='bbox 2849 1393 3168 1451; x_wconf 83' lang='lat' dir='ltr'>meritam-</span> 
     </span>
    </p>
   </div>
   <div class='ocr_carea' id='block_1_2' title="bbox 540 1481 3166 1558">
    <p class='ocr_par' dir='ltr' id='par_1_2' title="bbox 540 1481 3166 1558">
     <span class='ocr_line' id='line_1_13' title="bbox 540 1481 3166 1558; baseline 0.001 -20"><span class='ocrx_word' id='word_1_123' title='bbox 540 1481 847 1557; x_wconf 85' lang='lat' dir='ltr'>adagium:</span> <span class='ocrx_word' id='word_1_124' title='bbox 893 1483 1213 1550; x_wconf 82' lang='lat' dir='ltr'>‚Erasmus</span> <span class='ocrx_word' id='word_1_125' title='bbox 1258 1484 1476 1553; x_wconf 88' lang='lat' dir='ltr'>innuit,</span> <span class='ocrx_word' id='word_1_126' title='bbox 1523 1481 1820 1540; x_wconf 88' lang='lat' dir='ltr'>Lutherus</span> <span class='ocrx_word' id='word_1_127' title='bbox 1876 1501 1992 1556; x_wconf 90' lang='lat' dir='ltr'>que</span> <span class='ocrx_word' id='word_1_128' title='bbox 2023 1483 2280 1540; x_wconf 87' lang='lat' dir='ltr'>incurrit</span> <span class='ocrx_word' id='word_1_129' title='bbox 2310 1501 2654 1551; x_wconf 88' lang='lat' dir='ltr'>censuram;</span> <span class='ocrx_word' id='word_1_130' title='bbox 2697 1482 2962 1558; x_wconf 86' lang='lat' dir='ltr'>theologi</span> <span class='ocrx_word' id='word_1_131' title='bbox 2996 1483 3166 1541; x_wconf 75' lang='lat' dir='ltr'>lova-</span> 
     </span>
    </p>
   </div>
   <div class='ocr_carea' id='block_1_3' title="bbox 539 1570 3163 1742">
    <p class='ocr_par' dir='ltr' id='par_1_3' title="bbox 539 1570 3163 1742">
     <span class='ocr_line' id='line_1_14' title="bbox 539 1570 3163 1648; baseline 0 -21"><span class='ocrx_word' id='word_1_132' title='bbox 539 1570 752 1641; x_wconf 83' lang='lat' dir='ltr'>irruit3</span> <span class='ocrx_word' id='word_1_133' title='bbox 815 1572 1094 1630; x_wconf 89' lang='lat' dir='ltr'>Erasmus</span> <span class='ocrx_word' id='word_1_134' title='bbox 1141 1572 1297 1648; x_wconf 88' lang='lat' dir='ltr'>parit</span> <span class='ocrx_word' id='word_1_135' title='bbox 1346 1591 1472 1642; x_wconf 82' lang='lat' dir='ltr'>ova,</span> <span class='ocrx_word' id='word_1_136' title='bbox 1522 1571 1821 1630; x_wconf 87' lang='lat' dir='ltr'>Lutherus</span> <span class='ocrx_word' id='word_1_137' title='bbox 1875 1572 2114 1629; x_wconf 90' lang='lat' dir='ltr'>nienses</span> <span class='ocrx_word' id='word_1_138' title='bbox 2176 1570 2327 1630; x_wconf 88' lang='lat' dir='ltr'>illud</span> <span class='ocrx_word' id='word_1_139' title='bbox 2388 1573 2517 1631; x_wconf 86' lang='lat' dir='ltr'>viro</span> <span class='ocrx_word' id='word_1_140' title='bbox 2563 1571 2798 1630; x_wconf 85' lang='lat' dir='ltr'>erudito</span> <span class='ocrx_word' id='word_1_141' title='bbox 2841 1570 3163 1648; x_wconf 83' lang='lat' dir='ltr'>indignum</span> 
     </span>
     <span class='ocr_line' id='line_1_15' title="bbox 541 1658 3163 1742; baseline 0 -25"><span class='ocrx_word' id='word_1_142' title='bbox 541 1661 805 1719; x_wconf 82' lang='lat' dir='ltr'>excludit</span> <span class='ocrx_word' id='word_1_143' title='bbox 835 1662 1067 1737; x_wconf 82' lang='lat' dir='ltr'>pullos:</span> <span class='ocrx_word' id='word_1_144' title='bbox 1098 1662 1375 1720; x_wconf 87' lang='lat' dir='ltr'>Erasmus</span> <span class='ocrx_word' id='word_1_145' title='bbox 1409 1660 1666 1729; x_wconf 83' lang='lat' dir='ltr'>dubitat,</span> <span class='ocrx_word' id='word_1_146' title='bbox 1698 1660 1818 1718; x_wconf 89' lang='lat' dir='ltr'>Lu·</span> <span class='ocrx_word' id='word_1_147' title='bbox 1869 1660 2218 1736; x_wconf 87' lang='lat' dir='ltr'>judicarunt</span> <span class='ocrx_word' id='word_1_148' title='bbox 2251 1658 2493 1742; x_wconf 87' lang='lat'>(1515).</span> <span class='ocrx_word' id='word_1_149' title='bbox 2514 1660 2821 1719; x_wconf 89' lang='lat' dir='ltr'>Sorbonna</span> <span class='ocrx_word' id='word_1_150' title='bbox 2835 1678 2974 1719; x_wconf 85' lang='lat' dir='ltr'>vero</span> <span class='ocrx_word' id='word_1_151' title='bbox 2994 1660 3163 1718; x_wconf 87' lang='lat' dir='ltr'>dam-</span> 
     </span>
    </p>
   </div>
   <div class='ocr_carea' id='block_1_4' title="bbox 539 1748 1821 2360">
    <p class='ocr_par' dir='ltr' id='par_1_4' title="bbox 539 1748 1821 2360">
     <span class='ocr_line' id='line_1_16' title="bbox 540 1748 1818 1818; baseline 0 -12"><span class='ocrx_word' id='word_1_152' title='bbox 540 1748 749 1815; x_wconf 86' lang='lat' dir='ltr'>therus</span> <span class='ocrx_word' id='word_1_153' title='bbox 796 1753 1108 1808; x_wconf 81' lang='lat' dir='ltr'>asseverat.</span> <span class='ocrx_word' id='word_1_154' title='bbox 1159 1751 1439 1809; x_wconf 86' lang='lat' dir='ltr'>Erasmus</span> <span class='ocrx_word' id='word_1_155' title='bbox 1483 1749 1818 1818; x_wconf 84' lang='lat' dir='ltr'>lutherizat,</span> 
     </span>
     <span class='ocr_line' id='line_1_17' title="bbox 539 1837 1821 1914; baseline -0.001 -19"><span class='ocrx_word' id='word_1_156' title='bbox 539 1837 836 1897; x_wconf 88' lang='lat' dir='ltr'>Lutherus</span> <span class='ocrx_word' id='word_1_157' title='bbox 897 1840 1259 1903; x_wconf 72' lang='lat' dir='ltr'>erasmizat.‘</span> <span class='ocrx_word' id='word_1_158' title='bbox 1337 1839 1546 1914; x_wconf 85' lang='lat' dir='ltr'>Neque</span> <span class='ocrx_word' id='word_1_159' title='bbox 1607 1838 1821 1897; x_wconf 86' lang='lat' dir='ltr'>desunt</span> 
     </span>
     <span class='ocr_line' id='line_1_18' title="bbox 540 1926 1818 2003; baseline -0.002 -18"><span class='ocrx_word' id='word_1_160' title='bbox 540 1927 644 2003; x_wconf 91' lang='lat' dir='ltr'>qui</span> <span class='ocrx_word' id='word_1_161' title='bbox 678 1947 815 1986; x_wconf 90' lang='lat' dir='ltr'>eum</span> <span class='ocrx_word' id='word_1_162' title='bbox 847 1946 1109 1987; x_wconf 89' lang='lat' dir='ltr'>scurram</span> <span class='ocrx_word' id='word_1_163' title='bbox 1142 1928 1207 1987; x_wconf 91' lang='lat' dir='ltr'>in</span> <span class='ocrx_word' id='word_1_164' title='bbox 1238 1929 1416 1987; x_wconf 90' lang='lat' dir='ltr'>rebus</span> <span class='ocrx_word' id='word_1_165' title='bbox 1437 1929 1533 1986; x_wconf 82' lang='lat' dir='ltr'>vel</span> <span class='ocrx_word' id='word_1_166' title='bbox 1564 1926 1818 1986; x_wconf 86' lang='lat' dir='ltr'>sanctis-</span> 
     </span>
     <span class='ocr_line' id='line_1_19' title="bbox 541 2015 1820 2093; baseline -0.001 -18"><span class='ocrx_word' id='word_1_167' title='bbox 541 2015 707 2075; x_wconf 86' lang='lat' dir='ltr'>simis</span> <span class='ocrx_word' id='word_1_168' title='bbox 737 2016 951 2076; x_wconf 88' lang='lat' dir='ltr'>dicant.</span> <span class='ocrx_word' id='word_1_169' title='bbox 988 2018 1199 2086; x_wconf 83' lang='lat' dir='ltr'>,Certe</span> <span class='ocrx_word' id='word_1_170' title='bbox 1226 2018 1289 2075; x_wconf 90' lang='lat' dir='ltr'>in</span> <span class='ocrx_word' id='word_1_171' title='bbox 1310 2019 1437 2093; x_wconf 86' lang='lat' dir='ltr'>ejus</span> <span class='ocrx_word' id='word_1_172' title='bbox 1468 2017 1531 2079; x_wconf 87' lang='lat' dir='ltr'>ll.</span> <span class='ocrx_word' id='word_1_173' title='bbox 1552 2016 1820 2075; x_wconf 85' lang='lat' dir='ltr'>haereses</span> 
     </span>
     <span class='ocr_line' id='line_1_20' title="bbox 539 2102 1819 2185; baseline -0.001 -22"><span class='ocrx_word' id='word_1_174' title='bbox 539 2107 870 2181; x_wconf 84' lang='lat' dir='ltr'>permultae</span> <span class='ocrx_word' id='word_1_175' title='bbox 902 2111 1045 2165; x_wconf 90' lang='lat' dir='ltr'>sunt</span> <span class='ocrx_word' id='word_1_176' title='bbox 1059 2108 1178 2165; x_wconf 90' lang='lat' dir='ltr'>fere</span> <span class='ocrx_word' id='word_1_177' title='bbox 1194 2108 1530 2182; x_wconf 80' lang='lat' dir='ltr'>exploratae</span> <span class='ocrx_word' id='word_1_178' title='bbox 1541 2102 1610 2185; x_wconf 73' lang='lat'>2).</span> <span class='ocrx_word' id='word_1_179' title='bbox 1646 2105 1819 2163; x_wconf 85' lang='lat' dir='ltr'>Aria-</span> 
     </span>
     <span class='ocr_line' id='line_1_21' title="bbox 539 2194 1818 2254; baseline 0.002 -3"><span class='ocrx_word' id='word_1_180' title='bbox 539 2194 799 2252; x_wconf 89' lang='lat' dir='ltr'>nismum</span> <span class='ocrx_word' id='word_1_181' title='bbox 833 2196 1231 2254; x_wconf 83' lang='lat' dir='ltr'>Bellarminus</span> <span class='ocrx_word' id='word_1_182' title='bbox 1265 2201 1325 2254; x_wconf 88' lang='lat' dir='ltr'>et</span> <span class='ocrx_word' id='word_1_183' title='bbox 1346 2196 1704 2254; x_wconf 86' lang='lat' dir='ltr'>Possevinus</span> <span class='ocrx_word' id='word_1_184' title='bbox 1726 2196 1818 2253; x_wconf 89' lang='lat' dir='ltr'>in-</span> 
     </span>
     <span class='ocr_line' id='line_1_22' title="bbox 539 2283 1815 2360; baseline 0.001 -19"><span class='ocrx_word' id='word_1_185' title='bbox 539 2288 833 2342; x_wconf 81' lang='lat' dir='ltr'>venerunt</span> <span class='ocrx_word' id='word_1_186' title='bbox 853 2285 917 2342; x_wconf 91' lang='lat' dir='ltr'>in</span> <span class='ocrx_word' id='word_1_187' title='bbox 936 2285 1126 2360; x_wconf 90' lang='lat' dir='ltr'>ipsius</span> <span class='ocrx_word' id='word_1_188' title='bbox 1146 2284 1679 2353; x_wconf 74' lang='lat' dir='ltr'>lucubrationibus,</span> <span class='ocrx_word' id='word_1_189' title='bbox 1701 2283 1815 2342; x_wconf 88' lang='lat' dir='ltr'>Va-</span> 
     </span>
    </p>
   </div>
   <div class='ocr_carea' id='block_1_5' title="bbox 1876 1749 3169 2344">
    <p class='ocr_par' dir='ltr' id='par_1_5' title="bbox 1876 1749 3169 2344">
     <span class='ocr_line' id='line_1_23' title="bbox 1878 1749 3169 1823; baseline 0.001 -16"><span class='ocrx_word' id='word_1_190' title='bbox 1878 1750 2044 1807; x_wconf 80' lang='lat' dir='ltr'>navit</span> <span class='ocrx_word' id='word_1_191' title='bbox 2075 1751 2254 1823; x_wconf 90' lang='lat' dir='ltr'>atque</span> <span class='ocrx_word' id='word_1_192' title='bbox 2286 1750 2359 1808; x_wconf 87' lang='lat' dir='ltr'>ab</span> <span class='ocrx_word' id='word_1_193' title='bbox 2381 1750 2737 1810; x_wconf 79' lang='lat' dir='ltr'>auctoritate</span> <span class='ocrx_word' id='word_1_194' title='bbox 2768 1749 3169 1808; x_wconf 88' lang='lat' dir='ltr'>ecclesiastica</span> 
     </span>
     <span class='ocr_line' id='line_1_24' title="bbox 1877 1838 3162 1913; baseline 0.001 -18"><span class='ocrx_word' id='word_1_195' title='bbox 1877 1839 1940 1896; x_wconf 91' lang='lat' dir='ltr'>in</span> <span class='ocrx_word' id='word_1_196' title='bbox 1973 1839 2034 1895; x_wconf 88' lang='lat' dir='ltr'>ll.</span> <span class='ocrx_word' id='word_1_197' title='bbox 2066 1838 2504 1913; x_wconf 84' lang='lat' dir='ltr'>prohibitorum</span> <span class='ocrx_word' id='word_1_198' title='bbox 2548 1839 2804 1897; x_wconf 89' lang='lat' dir='ltr'>indicem</span> <span class='ocrx_word' id='word_1_199' title='bbox 2856 1838 2975 1897; x_wconf 84' lang='lat' dir='ltr'>fuit</span> <span class='ocrx_word' id='word_1_200' title='bbox 3006 1839 3162 1897; x_wconf 89' lang='lat' dir='ltr'>rela-</span> 
     </span>
     <span class='ocr_line' id='line_1_25' title="bbox 1876 1926 3163 2003; baseline 0 -18"><span class='ocrx_word' id='word_1_201' title='bbox 1876 1931 2025 1990; x_wconf 92' lang='lat' dir='ltr'>tum.</span> <span class='ocrx_word' id='word_1_202' title='bbox 2047 1927 2276 1996; x_wconf 84' lang='lat' dir='ltr'>Quibus</span> <span class='ocrx_word' id='word_1_203' title='bbox 2297 1928 2769 1988; x_wconf 87' lang='lat' dir='ltr'>accusationibus</span> <span class='ocrx_word' id='word_1_204' title='bbox 2790 1926 2990 2003; x_wconf 89' lang='lat' dir='ltr'>plures</span> <span class='ocrx_word' id='word_1_205' title='bbox 3011 1927 3163 1986; x_wconf 84' lang='lat' dir='ltr'>aliae</span> 
     </span>
     <span class='ocr_line' id='line_1_26' title="bbox 1877 2016 3161 2093; baseline 0 -19"><span class='ocrx_word' id='word_1_206' title='bbox 1877 2016 2013 2075; x_wconf 90' lang='lat' dir='ltr'>addi</span> <span class='ocrx_word' id='word_1_207' title='bbox 2042 2021 2318 2092; x_wconf 89' lang='lat' dir='ltr'>possent:</span> <span class='ocrx_word' id='word_1_208' title='bbox 2364 2036 2502 2076; x_wconf 87' lang='lat' dir='ltr'>nam</span> <span class='ocrx_word' id='word_1_209' title='bbox 2534 2020 2594 2076; x_wconf 88' lang='lat' dir='ltr'>et</span> <span class='ocrx_word' id='word_1_210' title='bbox 2638 2020 2946 2093; x_wconf 85' lang='lat' dir='ltr'>peccatum</span> <span class='ocrx_word' id='word_1_211' title='bbox 2978 2016 3161 2093; x_wconf 83' lang='lat' dir='ltr'>origi-</span> 
     </span>
     <span class='ocr_line' id='line_1_27' title="bbox 1877 2105 3163 2174; baseline 0 -11"><span class='ocrx_word' id='word_1_212' title='bbox 1877 2106 2012 2165; x_wconf 85' lang='lat' dir='ltr'>nale</span> <span class='ocrx_word' id='word_1_213' title='bbox 2074 2109 2134 2163; x_wconf 90' lang='lat' dir='ltr'>et</span> <span class='ocrx_word' id='word_1_214' title='bbox 2192 2108 2404 2166; x_wconf 88' lang='lat' dir='ltr'>missae</span> <span class='ocrx_word' id='word_1_215' title='bbox 2467 2106 2834 2174; x_wconf 87' lang='lat' dir='ltr'>sacrificium,</span> <span class='ocrx_word' id='word_1_216' title='bbox 2898 2105 3163 2165; x_wconf 82' lang='lat' dir='ltr'>divinam</span> 
     </span>
     <span class='ocr_line' id='line_1_28' title="bbox 1876 2195 3160 2271; baseline 0 -19"><span class='ocrx_word' id='word_1_217' title='bbox 1876 2196 2165 2271; x_wconf 88' lang='lat' dir='ltr'>primatus</span> <span class='ocrx_word' id='word_1_218' title='bbox 2198 2201 2259 2254; x_wconf 86' lang='lat' dir='ltr'>et</span> <span class='ocrx_word' id='word_1_219' title='bbox 2290 2196 2675 2255; x_wconf 87' lang='lat' dir='ltr'>confessionis</span> <span class='ocrx_word' id='word_1_220' title='bbox 2697 2195 3160 2263; x_wconf 89' lang='lat' dir='ltr'>institutionem,</span> 
     </span>
     <span class='ocr_line' id='line_1_29' title="bbox 1876 2284 3159 2344; baseline 0.001 -3"><span class='ocrx_word' id='word_1_221' title='bbox 1876 2285 2241 2342; x_wconf 82' lang='lat' dir='ltr'>matrimonii</span> <span class='ocrx_word' id='word_1_222' title='bbox 2291 2284 2881 2344; x_wconf 87' lang='lat' dir='ltr'>indissolubilitatem</span> <span class='ocrx_word' id='word_1_223' title='bbox 2932 2284 2995 2341; x_wconf 92' lang='lat' dir='ltr'>in</span> <span class='ocrx_word' id='word_1_224' title='bbox 3045 2284 3159 2342; x_wconf 86' lang='lat' dir='ltr'>du-</span> 
     </span>
    </p>
   </div>
   <div class='ocr_carea' id='block_1_6' title="bbox 538 2372 3166 2539">
    <p class='ocr_par' dir='ltr' id='par_1_6' title="bbox 538 2372 3166 2539">
     <span class='ocr_line' id='line_1_30' title="bbox 539 2372 3166 2448; baseline 0.001 -19"><span class='ocrx_word' id='word_1_225' title='bbox 539 2372 725 2436; x_wconf 88' lang='lat' dir='ltr'>lentia</span> <span class='ocrx_word' id='word_1_226' title='bbox 756 2373 937 2431; x_wconf 79' lang='lat' dir='ltr'>etiam</span> <span class='ocrx_word' id='word_1_227' title='bbox 956 2373 1554 2433; x_wconf 84' lang='lat' dir='ltr'>Macedonianismum</span> <span class='ocrx_word' id='word_1_228' title='bbox 1574 2373 1814 2432; x_wconf 81' lang='lat' dir='ltr'>detexit.</span> <span class='ocrx_word' id='word_1_229' title='bbox 1873 2373 2039 2432; x_wconf 91' lang='lat' dir='ltr'>bium</span> <span class='ocrx_word' id='word_1_230' title='bbox 2093 2377 2358 2444; x_wconf 83' lang='lat' dir='ltr'>revocat3</span> <span class='ocrx_word' id='word_1_231' title='bbox 2423 2374 2781 2433; x_wconf 84' lang='lat' dir='ltr'>coelibatum</span> <span class='ocrx_word' id='word_1_232' title='bbox 2834 2376 2894 2430; x_wconf 90' lang='lat' dir='ltr'>et</span> <span class='ocrx_word' id='word_1_233' title='bbox 2929 2372 3166 2448; x_wconf 88' lang='lat' dir='ltr'>jejunia</span> 
     </span>
     <span class='ocr_line' id='line_1_31' title="bbox 538 2461 3162 2539; baseline 0 -19"><span class='ocrx_word' id='word_1_234' title='bbox 538 2461 813 2520; x_wconf 88' lang='lat' dir='ltr'>Vorstius</span> <span class='ocrx_word' id='word_1_235' title='bbox 846 2463 1234 2538; x_wconf 87' lang='lat' dir='ltr'>deprehendit</span> <span class='ocrx_word' id='word_1_236' title='bbox 1247 2463 1648 2522; x_wconf 88' lang='lat' dir='ltr'>dubitationes</span> <span class='ocrx_word' id='word_1_237' title='bbox 1665 2463 1820 2521; x_wconf 83' lang='lat' dir='ltr'>circa</span> <span class='ocrx_word' id='word_1_238' title='bbox 1876 2464 2230 2532; x_wconf 84' lang='lat' dir='ltr'>contemnit3</span> <span class='ocrx_word' id='word_1_239' title='bbox 2261 2481 2538 2522; x_wconf 89' lang='lat' dir='ltr'>romanos</span> <span class='ocrx_word' id='word_1_240' title='bbox 2558 2464 2864 2538; x_wconf 79' lang='lat' dir='ltr'>pontifices</span> <span class='ocrx_word' id='word_1_241' title='bbox 2888 2461 3162 2539; x_wconf 87' lang='lat' dir='ltr'>aggredi-</span> 
     </span>
    </p>
   </div>
   <div class='ocr_carea' id='block_1_7' title="bbox 534 2551 1819 3520">
    <p class='ocr_par' dir='ltr' id='par_1_7' title="bbox 534 2551 1819 3520">
     <span class='ocr_line' id='line_1_32' title="bbox 536 2551 1819 2626; baseline 0.001 -18"><span class='ocrx_word' id='word_1_242' title='bbox 536 2551 724 2626; x_wconf 86' lang='lat' dir='ltr'>ipsam</span> <span class='ocrx_word' id='word_1_243' title='bbox 761 2552 864 2610; x_wconf 90' lang='lat' dir='ltr'>Dei</span> <span class='ocrx_word' id='word_1_244' title='bbox 898 2552 1376 2610; x_wconf 89' lang='lat' dir='ltr'>immensitatem.</span> <span class='ocrx_word' id='word_1_245' title='bbox 1429 2552 1695 2611; x_wconf 78' lang='lat' dir='ltr'>canisius</span> <span class='ocrx_word' id='word_1_246' title='bbox 1726 2552 1819 2609; x_wconf 91' lang='lat' dir='ltr'>in-</span> 
     </span>
     <span class='ocr_line' id='line_1_33' title="bbox 536 2639 1814 2718; baseline -0.001 -18"><span class='ocrx_word' id='word_1_247' title='bbox 536 2639 874 2700; x_wconf 84' lang='lat' dir='ltr'>tolerabiles</span> <span class='ocrx_word' id='word_1_248' title='bbox 937 2642 1398 2717; x_wconf 89' lang='lat' dir='ltr'>petulantissimi</span> <span class='ocrx_word' id='word_1_249' title='bbox 1449 2641 1675 2718; x_wconf 89' lang='lat' dir='ltr'>ingenii</span> <span class='ocrx_word' id='word_1_250' title='bbox 1737 2641 1814 2699; x_wconf 89' lang='lat' dir='ltr'>ir-</span> 
     </span>
     <span class='ocr_line' id='line_1_34' title="bbox 536 2730 1818 2789; baseline 0.001 -1"><span class='ocrx_word' id='word_1_251' title='bbox 536 2730 897 2789; x_wconf 75' lang='lat' dir='ltr'>reverentiae</span> <span class='ocrx_word' id='word_1_252' title='bbox 975 2730 1221 2789; x_wconf 87' lang='lat' dir='ltr'>offendit</span> <span class='ocrx_word' id='word_1_253' title='bbox 1296 2731 1360 2789; x_wconf 91' lang='lat' dir='ltr'>in</span> <span class='ocrx_word' id='word_1_254' title='bbox 1435 2731 1818 2789; x_wconf 87' lang='lat' dir='ltr'>describendo</span> 
     </span>
     <span class='ocr_line' id='line_1_35' title="bbox 540 2819 1816 2896; baseline -0.001 -18"><span class='ocrx_word' id='word_1_255' title='bbox 540 2819 754 2878; x_wconf 82' lang='lat' dir='ltr'>Christi</span> <span class='ocrx_word' id='word_1_256' title='bbox 830 2824 1118 2895; x_wconf 87' lang='lat' dir='ltr'>conceptu</span> <span class='ocrx_word' id='word_1_257' title='bbox 1181 2824 1242 2878; x_wconf 91' lang='lat' dir='ltr'>et</span> <span class='ocrx_word' id='word_1_258' title='bbox 1303 2820 1567 2896; x_wconf 85' lang='lat' dir='ltr'>Virginis</span> <span class='ocrx_word' id='word_1_259' title='bbox 1619 2824 1816 2894; x_wconf 89' lang='lat' dir='ltr'>partu.</span> 
     </span>
     <span class='ocr_line' id='line_1_36' title="bbox 537 2907 1817 2967; baseline 0 -2"><span class='ocrx_word' id='word_1_260' title='bbox 537 2907 889 2965; x_wconf 80' lang='lat' dir='ltr'>Catharinus</span> <span class='ocrx_word' id='word_1_261' title='bbox 951 2907 1140 2967; x_wconf 89' lang='lat' dir='ltr'>doluit</span> <span class='ocrx_word' id='word_1_262' title='bbox 1186 2909 1443 2967; x_wconf 91' lang='lat' dir='ltr'>hominis</span> <span class='ocrx_word' id='word_1_263' title='bbox 1493 2909 1688 2967; x_wconf 88' lang='lat' dir='ltr'>insani</span> <span class='ocrx_word' id='word_1_264' title='bbox 1735 2909 1817 2966; x_wconf 92' lang='lat' dir='ltr'>ri-</span> 
     </span>
     <span class='ocr_line' id='line_1_37' title="bbox 538 2997 1818 3070; baseline 0.002 -17"><span class='ocrx_word' id='word_1_265' title='bbox 538 3015 687 3064; x_wconf 86' lang='lat' dir='ltr'>sum,</span> <span class='ocrx_word' id='word_1_266' title='bbox 723 2997 825 3070; x_wconf 93' lang='lat' dir='ltr'>qui</span> <span class='ocrx_word' id='word_1_267' title='bbox 857 2997 1244 3056; x_wconf 88' lang='lat' dir='ltr'>christianum</span> <span class='ocrx_word' id='word_1_268' title='bbox 1277 2998 1349 3057; x_wconf 88' lang='lat' dir='ltr'>de</span> <span class='ocrx_word' id='word_1_269' title='bbox 1380 2997 1598 3056; x_wconf 86' lang='lat' dir='ltr'>Christi</span> <span class='ocrx_word' id='word_1_270' title='bbox 1630 3002 1818 3056; x_wconf 90' lang='lat' dir='ltr'>morte</span> 
     </span>
     <span class='ocr_line' id='line_1_38' title="bbox 537 3086 1808 3146; baseline 0.002 -4"><span class='ocrx_word' id='word_1_271' title='bbox 537 3086 766 3143; x_wconf 88' lang='lat' dir='ltr'>luctum</span> <span class='ocrx_word' id='word_1_272' title='bbox 815 3086 878 3143; x_wconf 93' lang='lat' dir='ltr'>in</span> <span class='ocrx_word' id='word_1_273' title='bbox 913 3087 1229 3146; x_wconf 80' lang='lat' dir='ltr'>Parasceve</span> <span class='ocrx_word' id='word_1_274' title='bbox 1274 3087 1347 3144; x_wconf 89' lang='lat' dir='ltr'>ab</span> <span class='ocrx_word' id='word_1_275' title='bbox 1379 3087 1635 3144; x_wconf 85' lang='lat' dir='ltr'>Ecclesia</span> <span class='ocrx_word' id='word_1_276' title='bbox 1667 3088 1808 3145; x_wconf 89' lang='lat' dir='ltr'>cele·</span> 
     </span>
     <span class='ocr_line' id='line_1_39' title="bbox 536 3174 1817 3244; baseline 0.003 -14"><span class='ocrx_word' id='word_1_277' title='bbox 536 3174 695 3231; x_wconf 86' lang='lat' dir='ltr'>brari</span> <span class='ocrx_word' id='word_1_278' title='bbox 742 3175 987 3233; x_wconf 89' lang='lat' dir='ltr'>solitum</span> <span class='ocrx_word' id='word_1_279' title='bbox 1033 3177 1307 3244; x_wconf 84' lang='lat' dir='ltr'>,luctum</span> <span class='ocrx_word' id='word_1_280' title='bbox 1339 3175 1671 3234; x_wconf 57' lang='lat' dir='ltr'>Adonidis«</span> <span class='ocrx_word' id='word_1_281' title='bbox 1715 3195 1817 3234; x_wconf 85' lang='lat' dir='ltr'>vo-</span> 
     </span>
     <span class='ocr_line' id='line_1_40' title="bbox 537 3263 1817 3340; baseline 0.002 -19"><span class='ocrx_word' id='word_1_282' title='bbox 537 3263 707 3322; x_wconf 82' lang='lat' dir='ltr'>cavit.</span> <span class='ocrx_word' id='word_1_283' title='bbox 740 3264 967 3323; x_wconf 84' lang='lat' dir='ltr'>Alanus</span> <span class='ocrx_word' id='word_1_284' title='bbox 1001 3265 1194 3339; x_wconf 87' lang='lat' dir='ltr'>Copus</span> <span class='ocrx_word' id='word_1_285' title='bbox 1239 3266 1699 3340; x_wconf 86' lang='lat' dir='ltr'>abjectissimam</span> <span class='ocrx_word' id='word_1_286' title='bbox 1747 3266 1817 3324; x_wconf 82' lang='lat' dir='ltr'>de</span> 
     </span>
     <span class='ocr_line' id='line_1_41' title="bbox 537 3352 1818 3429; baseline 0.001 -18"><span class='ocrx_word' id='word_1_287' title='bbox 537 3371 580 3411; x_wconf 77' lang='lat' dir='ltr'>S.</span> <span class='ocrx_word' id='word_1_288' title='bbox 614 3352 879 3427; x_wconf 86' lang='lat' dir='ltr'>reliquiis</span> <span class='ocrx_word' id='word_1_289' title='bbox 930 3353 1267 3429; x_wconf 91' lang='lat' dir='ltr'>opinionem</span> <span class='ocrx_word' id='word_1_290' title='bbox 1316 3354 1527 3413; x_wconf 89' lang='lat' dir='ltr'>multis</span> <span class='ocrx_word' id='word_1_291' title='bbox 1576 3355 1641 3413; x_wconf 88' lang='lat' dir='ltr'>in</span> <span class='ocrx_word' id='word_1_292' title='bbox 1673 3356 1818 3414; x_wconf 85' lang='lat' dir='ltr'>locis</span> 
     </span>
     <span class='ocr_line' id='line_1_42' title="bbox 534 3441 1816 3520; baseline 0.002 -21"><span class='ocrx_word' id='word_1_293' title='bbox 534 3441 774 3517; x_wconf 89' lang='lat' dir='ltr'>reperit.</span> <span class='ocrx_word' id='word_1_294' title='bbox 850 3444 1118 3502; x_wconf 84' lang='lat' dir='ltr'>Molanus</span> <span class='ocrx_word' id='word_1_295' title='bbox 1181 3444 1333 3503; x_wconf 87' lang='lat' dir='ltr'>circa</span> <span class='ocrx_word' id='word_1_296' title='bbox 1392 3444 1680 3520; x_wconf 86' lang='lat' dir='ltr'>imagines</span> <span class='ocrx_word' id='word_1_297' title='bbox 1744 3463 1816 3502; x_wconf 88' lang='lat' dir='ltr'>ss.</span> 
     </span>
    </p>
   </div>
   <div class='ocr_carea' id='block_1_8' title="bbox 537 3530 1894 3609">
    <p class='ocr_par' dir='ltr' id='par_1_8' title="bbox 537 3530 1894 3609">
     <span class='ocr_line' id='line_1_43' title="bbox 537 3530 1894 3609; baseline 0.001 -20"><span class='ocrx_word' id='word_1_298' title='bbox 537 3530 735 3590; x_wconf 82' lang='lat' dir='ltr'>Severi</span> <span class='ocrx_word' id='word_1_299' title='bbox 769 3533 1159 3592; x_wconf 87' lang='lat' dir='ltr'>iconoclastae</span> <span class='ocrx_word' id='word_1_300' title='bbox 1207 3533 1599 3609; x_wconf 84' lang='lat' dir='ltr'>blasphemias</span> <span class='ocrx_word' id='word_1_301' title='bbox 1634 3534 1811 3590; x_wconf 86' lang='lat' dir='ltr'>corri-</span> <span class='ocrx_word' id='word_1_302' title='bbox 1878 3551 1894 3555; x_wconf 79' lang='grc'>-</span> 
     </span>
    </p>
   </div>
   <div class='ocr_carea' id='block_1_9' title="bbox 535 3620 1817 3880">
    <p class='ocr_par' dir='ltr' id='par_1_9' title="bbox 535 3620 1817 3880">
     <span class='ocr_line' id='line_1_44' title="bbox 536 3620 1812 3699; baseline 0.002 -22"><span class='ocrx_word' id='word_1_303' title='bbox 536 3621 686 3696; x_wconf 85' lang='lat' dir='ltr'>puit.</span> <span class='ocrx_word' id='word_1_304' title='bbox 721 3620 938 3680; x_wconf 90' lang='lat' dir='ltr'>Omnes</span> <span class='ocrx_word' id='word_1_305' title='bbox 972 3622 1228 3697; x_wconf 90' lang='lat' dir='ltr'>denique</span> <span class='ocrx_word' id='word_1_306' title='bbox 1258 3622 1663 3699; x_wconf 89' lang='lat' dir='ltr'>spurciloquia</span> <span class='ocrx_word' id='word_1_307' title='bbox 1682 3623 1812 3680; x_wconf 90' lang='lat' dir='ltr'>ubi-</span> 
     </span>
     <span class='ocr_line' id='line_1_45' title="bbox 535 3711 1815 3786; baseline 0.001 -18"><span class='ocrx_word' id='word_1_308' title='bbox 535 3729 650 3784; x_wconf 90' lang='lat' dir='ltr'>que</span> <span class='ocrx_word' id='word_1_309' title='bbox 682 3711 754 3768; x_wconf 84' lang='lat' dir='ltr'>ab</span> <span class='ocrx_word' id='word_1_310' title='bbox 788 3711 1028 3770; x_wconf 83' lang='lat' dir='ltr'>Erasmo</span> <span class='ocrx_word' id='word_1_311' title='bbox 1047 3712 1306 3770; x_wconf 90' lang='lat' dir='ltr'>ubertim</span> <span class='ocrx_word' id='word_1_312' title='bbox 1340 3729 1541 3786; x_wconf 86' lang='lat' dir='ltr'>sparsa</span> <span class='ocrx_word' id='word_1_313' title='bbox 1573 3711 1815 3769; x_wconf 84' lang='lat' dir='ltr'>invene-</span> 
     </span>
     <span class='ocr_line' id='line_1_46' title="bbox 537 3795 1817 3880; baseline 0 -23"><span class='ocrx_word' id='word_1_314' title='bbox 537 3805 697 3869; x_wconf 87' lang='lat' dir='ltr'>runt,</span> <span class='ocrx_word' id='word_1_315' title='bbox 732 3801 1046 3876; x_wconf 78' lang='lat' dir='ltr'>praecipue</span> <span class='ocrx_word' id='word_1_316' title='bbox 1092 3820 1229 3860; x_wconf 88' lang='lat' dir='ltr'>vero</span> <span class='ocrx_word' id='word_1_317' title='bbox 1276 3802 1341 3859; x_wconf 92' lang='lat' dir='ltr'>in</span> <span class='ocrx_word' id='word_1_318' title='bbox 1372 3795 1721 3880; x_wconf 68' lang='lat' dir='ltr'>colloquiisss)</span> <span class='ocrx_word' id='word_1_319' title='bbox 1759 3804 1817 3857; x_wconf 85' lang='lat' dir='ltr'>et</span> 
     </span>
    </p>
   </div>
   <div class='ocr_carea' id='block_1_10' title="bbox 538 3906 855 3913">
    <p class='ocr_par' dir='ltr' id='par_1_10' title="bbox 538 3906 855 3913">
     <span class='ocr_line' id='line_1_47' title="bbox 538 3906 855 3913; baseline 0 1451"><span class='ocrx_word' id='word_1_320' title='bbox 538 3906 855 3913; x_wconf 95' lang='lat' dir='ltr'> </span> 
     </span>
    </p>
   </div>
   <div class='ocr_carea' id='block_1_11' title="bbox 616 3952 1817 4022">
    <p class='ocr_par' dir='ltr' id='par_1_11' title="bbox 616 3952 1817 4022">
     <span class='ocr_line' id='line_1_48' title="bbox 616 3952 1817 4022; baseline 0.002 -17"><span class='ocrx_word' id='word_1_321' title='bbox 616 3957 651 4022; x_wconf 85' lang='lat'>¹)</span> <span class='ocrx_word' id='word_1_322' title='bbox 679 3952 1142 4006; x_wconf 70' lang='lat' dir='ltr'>danssen-Pastor</span> <span class='ocrx_word' id='word_1_323' title='bbox 1170 3952 1341 4016; x_wconf 76' lang='lat' dir='ltr'>V1112,</span> <span class='ocrx_word' id='word_1_324' title='bbox 1363 3957 1467 4009; x_wconf 75' lang='lat'>482</span> <span class='ocrx_word' id='word_1_325' title='bbox 1491 3975 1501 4005; x_wconf 71' lang='grc' dir='ltr'><strong><em>ι</em></strong></span> <span class='ocrx_word' id='word_1_326' title='bbox 1530 3952 1641 4006; x_wconf 87' lang='lat' dir='ltr'>Das</span> <span class='ocrx_word' id='word_1_327' title='bbox 1664 3953 1817 4008; x_wconf 83' lang='lat' dir='ltr'>[deal</span> 
     </span>
    </p>
   </div>
   <div class='ocr_carea' id='block_1_12' title="bbox 1875 2551 3162 3522">
    <p class='ocr_par' dir='ltr' id='par_1_12' title="bbox 1875 2551 3162 3522">
     <span class='ocr_line' id='line_1_49' title="bbox 1877 2551 3162 2628; baseline -0.002 -18"><span class='ocrx_word' id='word_1_328' title='bbox 1877 2555 1996 2621; x_wconf 88' lang='lat' dir='ltr'>tur,</span> <span class='ocrx_word' id='word_1_329' title='bbox 2046 2553 2247 2628; x_wconf 89' lang='lat' dir='ltr'>ipsum</span> <span class='ocrx_word' id='word_1_330' title='bbox 2298 2553 2482 2610; x_wconf 89' lang='lat' dir='ltr'>robur</span> <span class='ocrx_word' id='word_1_331' title='bbox 2530 2552 2666 2610; x_wconf 87' lang='lat' dir='ltr'>fidei</span> <span class='ocrx_word' id='word_1_332' title='bbox 2717 2557 2778 2611; x_wconf 91' lang='lat' dir='ltr'>et</span> <span class='ocrx_word' id='word_1_333' title='bbox 2809 2551 3162 2627; x_wconf 88' lang='lat' dir='ltr'>disciplinae</span> 
     </span>
     <span class='ocr_line' id='line_1_50' title="bbox 1877 2641 3162 2701; baseline 0.002 -3"><span class='ocrx_word' id='word_1_334' title='bbox 1877 2641 2232 2700; x_wconf 89' lang='lat' dir='ltr'>christianae</span> <span class='ocrx_word' id='word_1_335' title='bbox 2284 2642 2512 2701; x_wconf 87' lang='lat' dir='ltr'>arrodit</span> <span class='ocrx_word' id='word_1_336' title='bbox 2556 2641 3047 2701; x_wconf 76' lang='lat' dir='ltr'>indifferent-ismo</span> <span class='ocrx_word' id='word_1_337' title='bbox 3098 2645 3162 2700; x_wconf 89' lang='lat' dir='ltr'>et</span> 
     </span>
     <span class='ocr_line' id='line_1_51' title="bbox 1878 2732 3158 2801; baseline -0.001 -13"><span class='ocrx_word' id='word_1_338' title='bbox 1878 2732 2266 2790; x_wconf 88' lang='lat' dir='ltr'>naturalismo</span> <span class='ocrx_word' id='word_1_339' title='bbox 2299 2732 2457 2790; x_wconf 83' lang='lat' dir='ltr'>viam</span> <span class='ocrx_word' id='word_1_340' title='bbox 2482 2735 2771 2801; x_wconf 90' lang='lat' dir='ltr'>sternens,</span> <span class='ocrx_word' id='word_1_341' title='bbox 2807 2734 3032 2789; x_wconf 87' lang='lat' dir='ltr'>statum</span> <span class='ocrx_word' id='word_1_342' title='bbox 3064 2750 3158 2788; x_wconf 91' lang='lat' dir='ltr'>re-</span> 
     </span>
     <span class='ocr_line' id='line_1_52' title="bbox 1881 2815 3159 2900; baseline 0.002 -25"><span class='ocrx_word' id='word_1_343' title='bbox 1881 2820 2158 2895; x_wconf 86' lang='lat' dir='ltr'>ligiosum</span> <span class='ocrx_word' id='word_1_344' title='bbox 2222 2821 2500 2895; x_wconf 88' lang='lat' dir='ltr'>deprimit</span> <span class='ocrx_word' id='word_1_345' title='bbox 2574 2825 2635 2879; x_wconf 91' lang='lat' dir='ltr'>et</span> <span class='ocrx_word' id='word_1_346' title='bbox 2711 2820 2922 2878; x_wconf 88' lang='lat' dir='ltr'>irridet</span> <span class='ocrx_word' id='word_1_347' title='bbox 2939 2815 2984 2900; x_wconf 83' lang='lat'>¹)</span> <span class='ocrx_word' id='word_1_348' title='bbox 3049 2826 3159 2878; x_wconf 87' lang='lat' dir='ltr'>etc.</span> 
     </span>
     <span class='ocr_line' id='line_1_53' title="bbox 1877 2908 3161 2984; baseline 0.002 -20"><span class='ocrx_word' id='word_1_349' title='bbox 1877 2908 2054 2967; x_wconf 89' lang='lat' dir='ltr'>Initio</span> <span class='ocrx_word' id='word_1_350' title='bbox 2088 2910 2328 2984; x_wconf 88' lang='lat' dir='ltr'>quidem</span> <span class='ocrx_word' id='word_1_351' title='bbox 2358 2910 2690 2968; x_wconf 88' lang='lat' dir='ltr'>Lutherum</span> <span class='ocrx_word' id='word_1_352' title='bbox 2711 2909 3031 2979; x_wconf 81' lang='lat' dir='ltr'>excusavit,</span> <span class='ocrx_word' id='word_1_353' title='bbox 3055 2909 3161 2967; x_wconf 90' lang='lat' dir='ltr'>sed</span> 
     </span>
     <span class='ocr_line' id='line_1_54' title="bbox 1876 2992 3160 3080; baseline 0.001 -26"><span class='ocrx_word' id='word_1_354' title='bbox 1876 2997 2081 3056; x_wconf 79' lang='lat' dir='ltr'>videns</span> <span class='ocrx_word' id='word_1_355' title='bbox 2094 2992 2579 3080; x_wconf 66' lang='lat' dir='ltr'>tristes{sequelas</span> <span class='ocrx_word' id='word_1_356' title='bbox 2590 2999 2912 3068; x_wconf 85' lang='lat' dir='ltr'>exhorruit,</span> <span class='ocrx_word' id='word_1_357' title='bbox 2924 2997 3160 3074; x_wconf 85' lang='lat' dir='ltr'>pedem-</span> 
     </span>
     <span class='ocr_line' id='line_1_55' title="bbox 1876 3087 3159 3162; baseline 0 -18"><span class='ocrx_word' id='word_1_358' title='bbox 1876 3105 1992 3161; x_wconf 90' lang='lat' dir='ltr'>que</span> <span class='ocrx_word' id='word_1_359' title='bbox 2023 3087 2192 3146; x_wconf 90' lang='lat' dir='ltr'>nisus</span> <span class='ocrx_word' id='word_1_360' title='bbox 2226 3092 2321 3146; x_wconf 91' lang='lat' dir='ltr'>est</span> <span class='ocrx_word' id='word_1_361' title='bbox 2351 3088 2649 3146; x_wconf 87' lang='lat' dir='ltr'>retrahere</span> <span class='ocrx_word' id='word_1_362' title='bbox 2669 3087 3010 3162; x_wconf 83' lang='lat' dir='ltr'>frustraque</span> <span class='ocrx_word' id='word_1_363' title='bbox 3026 3091 3159 3145; x_wconf 88' lang='lat' dir='ltr'>ten·</span> 
     </span>
     <span class='ocr_line' id='line_1_56' title="bbox 1875 3176 3160 3252; baseline 0 -18"><span class='ocrx_word' id='word_1_364' title='bbox 1875 3180 2083 3235; x_wconf 89' lang='lat' dir='ltr'>tarunt</span> <span class='ocrx_word' id='word_1_365' title='bbox 2130 3177 2478 3237; x_wconf 88' lang='lat' dir='ltr'>defectionis</span> <span class='ocrx_word' id='word_1_366' title='bbox 2530 3177 2842 3252; x_wconf 84' lang='lat' dir='ltr'>coryphaei</span> <span class='ocrx_word' id='word_1_367' title='bbox 2893 3195 3029 3235; x_wconf 91' lang='lat' dir='ltr'>eum</span> <span class='ocrx_word' id='word_1_368' title='bbox 3084 3176 3160 3234; x_wconf 89' lang='lat' dir='ltr'>ad</span> 
     </span>
     <span class='ocr_line' id='line_1_57' title="bbox 1877 3265 3160 3341; baseline -0.001 -18"><span class='ocrx_word' id='word_1_369' title='bbox 1877 3283 2014 3323; x_wconf 87' lang='lat' dir='ltr'>suas</span> <span class='ocrx_word' id='word_1_370' title='bbox 2077 3266 2313 3325; x_wconf 86' lang='lat' dir='ltr'>allicere</span> <span class='ocrx_word' id='word_1_371' title='bbox 2356 3272 2573 3341; x_wconf 78' lang='lat' dir='ltr'>parteS‚</span> <span class='ocrx_word' id='word_1_372' title='bbox 2621 3265 3160 3325; x_wconf 81' lang='lat' dir='ltr'>controversiarum</span> 
     </span>
     <span class='ocr_line' id='line_1_58' title="bbox 1875 3355 3156 3430; baseline 0.001 -18"><span class='ocrx_word' id='word_1_373' title='bbox 1875 3358 2075 3413; x_wconf 87' lang='lat' dir='ltr'>tamen</span> <span class='ocrx_word' id='word_1_374' title='bbox 2107 3355 2348 3414; x_wconf 87' lang='lat' dir='ltr'>fastidio</span> <span class='ocrx_word' id='word_1_375' title='bbox 2378 3360 2580 3430; x_wconf 86' lang='lat' dir='ltr'>aperte</span> <span class='ocrx_word' id='word_1_376' title='bbox 2613 3355 2697 3412; x_wconf 89' lang='lat' dir='ltr'>illi</span> <span class='ocrx_word' id='word_1_377' title='bbox 2730 3373 2791 3413; x_wconf 92' lang='lat' dir='ltr'>se</span> <span class='ocrx_word' id='word_1_378' title='bbox 2824 3373 2943 3413; x_wconf 91' lang='lat' dir='ltr'>non</span> <span class='ocrx_word' id='word_1_379' title='bbox 2974 3373 3156 3430; x_wconf 91' lang='lat' dir='ltr'>oppo-</span> 
     </span>
     <span class='ocr_line' id='line_1_59' title="bbox 1877 3439 3159 3522; baseline 0.001 -22"><span class='ocrx_word' id='word_1_380' title='bbox 1877 3439 2080 3522; x_wconf 60' lang='lat' dir='ltr'>suitss).</span> <span class='ocrx_word' id='word_1_381' title='bbox 2148 3445 2393 3503; x_wconf 91' lang='lat' dir='ltr'>Demum</span> <span class='ocrx_word' id='word_1_382' title='bbox 2455 3446 2526 3502; x_wconf 87' lang='lat' dir='ltr'>ad</span> <span class='ocrx_word' id='word_1_383' title='bbox 2579 3463 2718 3502; x_wconf 87' lang='lat' dir='ltr'>suae</span> <span class='ocrx_word' id='word_1_384' title='bbox 2779 3443 3159 3503; x_wconf 82' lang='lat' dir='ltr'>orthodoxiae</span> 
     </span>
    </p>
   </div>
   <div class='ocr_carea' id='block_1_13' title="bbox 1913 3551 2082 3556">
    <p class='ocr_par' dir='ltr' id='par_1_13' title="bbox 1913 3551 2082 3556">
     <span class='ocr_line' id='line_1_60' title="bbox 1913 3551 2082 3556; baseline 0 0"><span class='ocrx_word' id='word_1_385' title='bbox 1913 3551 2082 3556; x_wconf 95' lang='lat' dir='ltr'> </span> 
     </span>
    </p>
   </div>
   <div class='ocr_carea' id='block_1_14' title="bbox 1873 3596 3190 4034">
    <p class='ocr_par' dir='ltr' id='par_1_14' title="bbox 1873 3596 3190 4034">
     <span class='ocr_line' id='line_1_61' title="bbox 1876 3596 3154 3665; baseline 0.004 -17"><span class='ocrx_word' id='word_1_386' title='bbox 1876 3597 2151 3649; x_wconf 85' lang='lat' dir='ltr'>facultate</span> <span class='ocrx_word' id='word_1_387' title='bbox 2165 3596 2467 3665; x_wconf 83' lang='lat' dir='ltr'>parisiensi</span> <span class='ocrx_word' id='word_1_388' title='bbox 2479 3596 2750 3649; x_wconf 74' lang='lat' dir='ltr'>damnata</span> <span class='ocrx_word' id='word_1_389' title='bbox 2764 3598 2919 3649; x_wconf 86' lang='lat' dir='ltr'>fuere</span> <span class='ocrx_word' id='word_1_390' title='bbox 2934 3615 2983 3651; x_wconf 88' lang='lat' dir='ltr'>a.</span> <span class='ocrx_word' id='word_1_391' title='bbox 2999 3602 3154 3661; x_wconf 74' lang='lat'>1526,</span> 
     </span>
     <span class='ocr_line' id='line_1_62' title="bbox 1875 3667 3157 3737; baseline 0.001 -18"><span class='ocrx_word' id='word_1_392' title='bbox 1875 3684 1991 3735; x_wconf 86' lang='lat' dir='ltr'>qua</span> <span class='ocrx_word' id='word_1_393' title='bbox 2018 3667 2086 3721; x_wconf 92' lang='lat' dir='ltr'>de</span> <span class='ocrx_word' id='word_1_394' title='bbox 2113 3684 2172 3720; x_wconf 89' lang='lat' dir='ltr'>re</span> <span class='ocrx_word' id='word_1_395' title='bbox 2200 3669 2267 3722; x_wconf 84' lang='lat' dir='ltr'>cf.</span> <span class='ocrx_word' id='word_1_396' title='bbox 2297 3667 2642 3737; x_wconf 76' lang='lat' dir='ltr'>D&#39;Argentre</span> <span class='ocrx_word' id='word_1_397' title='bbox 2676 3669 2739 3730; x_wconf 86' lang='grc' dir='ltr'>ΙΙ,</span> <span class='ocrx_word' id='word_1_398' title='bbox 2766 3673 2865 3726; x_wconf 74' lang='lat'>47:</span> <span class='ocrx_word' id='word_1_399' title='bbox 2895 3669 3058 3722; x_wconf 82' lang='lat' dir='ltr'>Feret</span> <span class='ocrx_word' id='word_1_400' title='bbox 3079 3669 3157 3720; x_wconf 83' lang='lat' dir='ltr'>La</span> 
     </span>
     <span class='ocr_line' id='line_1_63' title="bbox 1875 3738 3155 3807; baseline 0.002 -16"><span class='ocrx_word' id='word_1_401' title='bbox 1875 3739 2086 3791; x_wconf 73' lang='lat' dir='ltr'>faculte</span> <span class='ocrx_word' id='word_1_402' title='bbox 2127 3738 2197 3791; x_wconf 87' lang='lat' dir='ltr'>de</span> <span class='ocrx_word' id='word_1_403' title='bbox 2237 3739 2428 3792; x_wconf 76' lang='lat' dir='ltr'>Theoi.</span> <span class='ocrx_word' id='word_1_404' title='bbox 2471 3739 2540 3792; x_wconf 92' lang='lat' dir='ltr'>de</span> <span class='ocrx_word' id='word_1_405' title='bbox 2577 3739 2750 3805; x_wconf 83' lang='lat' dir='ltr'>Paris,</span> <span class='ocrx_word' id='word_1_406' title='bbox 2793 3757 3015 3807; x_wconf 89' lang='lat' dir='ltr'>epoque</span> <span class='ocrx_word' id='word_1_407' title='bbox 3044 3757 3155 3793; x_wconf 85' lang='lat' dir='ltr'>mo-</span> 
     </span>
     <span class='ocr_line' id='line_1_64' title="bbox 1874 3810 3190 3876; baseline 0.003 -13"><span class='ocrx_word' id='word_1_408' title='bbox 1874 3811 2046 3863; x_wconf 79' lang='lat' dir='ltr'>derne</span> <span class='ocrx_word' id='word_1_409' title='bbox 2076 3811 2097 3862; x_wconf 87' lang='lat'>1</span> <span class='ocrx_word' id='word_1_410' title='bbox 2123 3811 2158 3863; x_wconf 92' lang='lat' dir='ltr'>l.</span> <span class='ocrx_word' id='word_1_411' title='bbox 2186 3816 2218 3866; x_wconf 79' lang='grc'><em>2</em></span> <span class='ocrx_word' id='word_1_412' title='bbox 2247 3829 2291 3863; x_wconf 89' lang='lat' dir='ltr'>c.</span> <span class='ocrx_word' id='word_1_413' title='bbox 2319 3816 2350 3866; x_wconf 76' lang='grc'>2</span> <span class='ocrx_word' id='word_1_414' title='bbox 2378 3819 2404 3876; x_wconf 60' lang='grc' dir='ltr'><strong>ς</strong></span> <span class='ocrx_word' id='word_1_415' title='bbox 2432 3816 2492 3868; x_wconf 84' lang='grc'>7;</span> <span class='ocrx_word' id='word_1_416' title='bbox 2548 3810 2756 3864; x_wconf 87' lang='lat' dir='ltr'>Fleurii</span> <span class='ocrx_word' id='word_1_417' title='bbox 2800 3811 2865 3864; x_wconf 92' lang='lat' dir='ltr'>H.</span> <span class='ocrx_word' id='word_1_418' title='bbox 2897 3811 2956 3866; x_wconf 82' lang='grc' dir='ltr'>Ε.</span> <span class='ocrx_word' id='word_1_419' title='bbox 2984 3811 3023 3863; x_wconf 89' lang='lat' dir='ltr'>l.</span> <span class='ocrx_word' id='word_1_420' title='bbox 3053 3815 3157 3867; x_wconf 86' lang='lat'>130</span> <span class='ocrx_word' id='word_1_421' title='bbox 3187 3847 3190 3850; x_wconf 32' lang='grc' dir='ltr'><strong><em>ι</em></strong></span> 
     </span>
     <span class='ocr_line' id='line_1_65' title="bbox 1873 3882 3157 3950; baseline -0.003 -12"><span class='ocrx_word' id='word_1_422' title='bbox 1873 3893 1899 3947; x_wconf 63' lang='lat'>5</span> <span class='ocrx_word' id='word_1_423' title='bbox 1925 3885 1994 3939; x_wconf 87' lang='grc'>86</span> <span class='ocrx_word' id='word_1_424' title='bbox 2023 3900 2109 3947; x_wconf 62' lang='lat' dir='ltr'>ss„</span> <span class='ocrx_word' id='word_1_425' title='bbox 2137 3883 2470 3950; x_wconf 80' lang='lat' dir='ltr'>praesertim</span> <span class='ocrx_word' id='word_1_426' title='bbox 2500 3899 2630 3935; x_wconf 83' lang='lat' dir='ltr'>vero</span> <span class='ocrx_word' id='word_1_427' title='bbox 2660 3882 2695 3936; x_wconf 93' lang='lat'>1.</span> <span class='ocrx_word' id='word_1_428' title='bbox 2728 3887 2824 3938; x_wconf 81' lang='lat'>131</span> <span class='ocrx_word' id='word_1_429' title='bbox 2847 3892 2872 3946; x_wconf 59' lang='grc' dir='ltr'><strong>ξ</strong></span> <span class='ocrx_word' id='word_1_430' title='bbox 2893 3888 2962 3938; x_wconf 78' lang='grc'>73</span> <span class='ocrx_word' id='word_1_431' title='bbox 2984 3900 3053 3936; x_wconf 85' lang='lat' dir='ltr'>ss.</span> <span class='ocrx_word' id='word_1_432' title='bbox 3074 3898 3157 3935; x_wconf 87' lang='lat' dir='ltr'>re-</span> 
     </span>
     <span class='ocr_line' id='line_1_66' title="bbox 1875 3952 3157 4034; baseline 0.001 -28"><span class='ocrx_word' id='word_1_433' title='bbox 1875 3953 2053 4022; x_wconf 83' lang='lat' dir='ltr'>peries</span> <span class='ocrx_word' id='word_1_434' title='bbox 2081 3955 2168 4021; x_wconf 84' lang='lat' dir='ltr'>(ex</span> <span class='ocrx_word' id='word_1_435' title='bbox 2198 3952 2565 4023; x_wconf 85' lang='lat' dir='ltr'>D&#39;Argentre&#39;)</span> <span class='ocrx_word' id='word_1_436' title='bbox 2609 3954 2860 4034; x_wconf 75' lang='lat' dir='ltr'>prolixas</span> <span class='ocrx_word' id='word_1_437' title='bbox 2888 3971 3157 4008; x_wconf 82' lang='lat' dir='ltr'>censuras</span> 
     </span>
    </p>
   </div>
   <div class='ocr_carea' id='block_1_15' title="bbox 534 4024 3155 4236">
    <p class='ocr_par' dir='ltr' id='par_1_15' title="bbox 534 4024 3155 4236">
     <span class='ocr_line' id='line_1_67' title="bbox 535 4024 3155 4095; baseline 0.001 -20"><span class='ocrx_word' id='word_1_438' title='bbox 535 4026 717 4077; x_wconf 83' lang='lat' dir='ltr'>seiner</span> <span class='ocrx_word' id='word_1_439' title='bbox 762 4024 1071 4093; x_wconf 82' lang='lat' dir='ltr'>Theologie</span> <span class='ocrx_word' id='word_1_440' title='bbox 1116 4041 1229 4076; x_wconf 84' lang='lat' dir='ltr'>war</span> <span class='ocrx_word' id='word_1_441' title='bbox 1271 4024 1605 4091; x_wconf 54' lang='lat' dir='ltr'>meglio-hate</span> <span class='ocrx_word' id='word_1_442' title='bbox 1642 4025 1816 4078; x_wconf 76' lang='lat' dir='ltr'>Dehn-</span> <span class='ocrx_word' id='word_1_443' title='bbox 1871 4026 1933 4077; x_wconf 89' lang='lat' dir='ltr'>in</span> <span class='ocrx_word' id='word_1_444' title='bbox 1959 4029 2026 4081; x_wconf 78' lang='lat'>32</span> <span class='ocrx_word' id='word_1_445' title='bbox 2060 4025 2275 4077; x_wconf 57' lang='lat' dir='ltr'>Erasini</span> <span class='ocrx_word' id='word_1_446' title='bbox 2303 4042 2465 4095; x_wconf 86' lang='lat' dir='ltr'>prop.</span> <span class='ocrx_word' id='word_1_447' title='bbox 2493 4043 2558 4077; x_wconf 83' lang='lat' dir='ltr'>ex</span> <span class='ocrx_word' id='word_1_448' title='bbox 2586 4026 2709 4092; x_wconf 89' lang='lat' dir='ltr'>ejus</span> <span class='ocrx_word' id='word_1_449' title='bbox 2735 4043 2794 4077; x_wconf 86' lang='lat' dir='ltr'>m</span> <span class='ocrx_word' id='word_1_450' title='bbox 2822 4026 3022 4094; x_wconf 77' lang='lat' dir='ltr'>primis</span> <span class='ocrx_word' id='word_1_451' title='bbox 3060 4042 3155 4094; x_wconf 83' lang='lat' dir='ltr'>pa-</span> 
     </span>
     <span class='ocr_line' id='line_1_68' title="bbox 537 4095 3154 4163; baseline 0.001 -17"><span class='ocrx_word' id='word_1_452' title='bbox 537 4095 772 4156; x_wconf 85' lang='lat' dir='ltr'>barkeit,</span> <span class='ocrx_word' id='word_1_453' title='bbox 800 4095 1393 4162; x_wconf 72' lang='lat' dir='ltr'>Vieldeutigkoituud</span> <span class='ocrx_word' id='word_1_454' title='bbox 1415 4096 1816 4148; x_wconf 82' lang='lat' dir='ltr'>Unbestimmt-</span> <span class='ocrx_word' id='word_1_455' title='bbox 1872 4096 2239 4163; x_wconf 65' lang='lat' dir='ltr'>taphi-usibus</span> <span class='ocrx_word' id='word_1_456' title='bbox 2279 4097 2341 4148; x_wconf 90' lang='lat' dir='ltr'>in</span> <span class='ocrx_word' id='word_1_457' title='bbox 2381 4095 2451 4149; x_wconf 89' lang='lat' dir='ltr'>N.</span> <span class='ocrx_word' id='word_1_458' title='bbox 2494 4097 2554 4148; x_wconf 89' lang='lat' dir='ltr'>T.</span> <span class='ocrx_word' id='word_1_459' title='bbox 2596 4096 2900 4152; x_wconf 78' lang='lat' dir='ltr'>derivatas.</span> <span class='ocrx_word' id='word_1_460' title='bbox 2951 4097 3031 4150; x_wconf 67' lang='lat' dir='ltr'>Of.</span> <span class='ocrx_word' id='word_1_461' title='bbox 3061 4112 3154 4149; x_wconf 71' lang='lat' dir='ltr'>eas</span> 
     </span>
     <span class='ocr_line' id='line_1_69' title="bbox 534 4166 2630 4236; baseline 0 -17"><span class='ocrx_word' id='word_1_462' title='bbox 534 4166 672 4219; x_wconf 89' lang='lat' dir='ltr'>heit.</span> <span class='ocrx_word' id='word_1_463' title='bbox 724 4167 929 4219; x_wconf 74' lang='lat' dir='ltr'>Nichts</span> <span class='ocrx_word' id='word_1_464' title='bbox 956 4182 1072 4218; x_wconf 81' lang='lat' dir='ltr'>war</span> <span class='ocrx_word' id='word_1_465' title='bbox 1098 4166 1216 4219; x_wconf 88' lang='lat' dir='ltr'>ihm</span> <span class='ocrx_word' id='word_1_466' title='bbox 1246 4183 1304 4219; x_wconf 88' lang='lat' dir='ltr'>so</span> <span class='ocrx_word' id='word_1_467' title='bbox 1334 4166 1567 4218; x_wconf 52' lang='lat' dir='ltr'>verhallt</span> <span class='ocrx_word' id='word_1_468' title='bbox 1593 4167 1697 4220; x_wconf 79' lang='lat' dir='ltr'>wie</span> <span class='ocrx_word' id='word_1_469' title='bbox 1724 4168 1816 4220; x_wconf 82' lang='lat' dir='ltr'>die</span> <span class='ocrx_word' id='word_1_470' title='bbox 1874 4167 2045 4220; x_wconf 84' lang='lat' dir='ltr'>etiarn</span> <span class='ocrx_word' id='word_1_471' title='bbox 2075 4168 2136 4219; x_wconf 87' lang='lat' dir='ltr'>in</span> <span class='ocrx_word' id='word_1_472' title='bbox 2166 4167 2268 4236; x_wconf 88' lang='lat' dir='ltr'>Op.</span> <span class='ocrx_word' id='word_1_473' title='bbox 2310 4167 2402 4229; x_wconf 85' lang='lat' dir='ltr'>lX,</span> <span class='ocrx_word' id='word_1_474' title='bbox 2431 4171 2536 4224; x_wconf 76' lang='lat'>814</span> <span class='ocrx_word' id='word_1_475' title='bbox 2564 4185 2630 4221; x_wconf 81' lang='lat' dir='ltr'>ss,</span> 
     </span>
    </p>
   </div>
   <div class='ocr_carea' id='block_1_16' title="bbox 535 4237 1816 4308">
    <p class='ocr_par' dir='ltr' id='par_1_16' title="bbox 535 4237 1816 4308">
     <span class='ocr_line' id='line_1_70' title="bbox 535 4237 1816 4308; baseline 0.002 -20"><span class='ocrx_word' id='word_1_476' title='bbox 535 4237 884 4306; x_wconf 84' lang='lat' dir='ltr'>speculative</span> <span class='ocrx_word' id='word_1_477' title='bbox 947 4238 1338 4307; x_wconf 80' lang='lat' dir='ltr'>Begri&#39;indung</span> <span class='ocrx_word' id='word_1_478' title='bbox 1401 4238 1816 4308; x_wconf 86' lang='lat' dir='ltr'>theologischer</span> 
     </span>
    </p>
   </div>
   <div class='ocr_carea' id='block_1_17' title="bbox 1954 4238 3152 4310">
    <p class='ocr_par' dir='ltr' id='par_1_17' title="bbox 1954 4238 3152 4310">
     <span class='ocr_line' id='line_1_71' title="bbox 1954 4238 3152 4310; baseline 0.003 -20"><span class='ocrx_word' id='word_1_479' title='bbox 1954 4245 1986 4303; x_wconf 90' lang='lat'>¹)</span> <span class='ocrx_word' id='word_1_480' title='bbox 2016 4238 2363 4308; x_wconf 78' lang='lat' dir='ltr'>injuriarum</span> <span class='ocrx_word' id='word_1_481' title='bbox 2389 4239 2449 4291; x_wconf 87' lang='lat' dir='ltr'>in</span> <span class='ocrx_word' id='word_1_482' title='bbox 2472 4240 2771 4294; x_wconf 85' lang='lat' dir='ltr'>monachos</span> <span class='ocrx_word' id='word_1_483' title='bbox 2799 4239 3152 4310; x_wconf 75' lang='lat' dir='ltr'>prolatarum</span> 
     </span>
    </p>
   </div>
   <div class='ocr_carea' id='block_1_18' title="bbox 468 4304 3154 4595">
    <p class='ocr_par' dir='ltr' id='par_1_18' title="bbox 468 4304 3154 4595">
     <span class='ocr_line' id='line_1_72' title="bbox 468 4304 3153 4380; baseline 0.001 -19"><span class='ocrx_word' id='word_1_484' title='bbox 468 4304 474 4311; x_wconf 81' lang='grc'><strong>’</strong></span> <span class='ocrx_word' id='word_1_485' title='bbox 534 4308 876 4374; x_wconf 83' lang='lat' dir='ltr'>Lehreu,die</span> <span class='ocrx_word' id='word_1_486' title='bbox 896 4309 1114 4362; x_wconf 78' lang='lat' dir='ltr'>scbarfe</span> <span class='ocrx_word' id='word_1_487' title='bbox 1135 4308 1537 4363; x_wconf 80' lang='lat' dir='ltr'>und‘distincte</span> <span class='ocrx_word' id='word_1_488' title='bbox 1560 4309 1815 4380; x_wconf 81' lang='lat' dir='ltr'>Begriffs-</span> <span class='ocrx_word' id='word_1_489' title='bbox 1874 4310 2036 4378; x_wconf 84' lang='lat' dir='ltr'>quasi</span> <span class='ocrx_word' id='word_1_490' title='bbox 2078 4310 2537 4364; x_wconf 82' lang='lat' dir='ltr'>retractationem</span> <span class='ocrx_word' id='word_1_491' title='bbox 2579 4310 2836 4364; x_wconf 83' lang='lat' dir='ltr'>instituit</span> <span class='ocrx_word' id='word_1_492' title='bbox 2876 4309 2936 4364; x_wconf 87' lang='lat' dir='ltr'>in</span> <span class='ocrx_word' id='word_1_493' title='bbox 2977 4310 3153 4380; x_wconf 87' lang='lat' dir='ltr'>praef.</span> 
     </span>
     <span class='ocr_line' id='line_1_73' title="bbox 537 4379 3153 4450; baseline 0 -17"><span class='ocrx_word' id='word_1_494' title='bbox 537 4380 938 4442; x_wconf 69' lang='lat' dir='ltr'>bestimmunoe,</span> <span class='ocrx_word' id='word_1_495' title='bbox 967 4381 1066 4433; x_wconf 83' lang='lat' dir='ltr'>das</span> <span class='ocrx_word' id='word_1_496' title='bbox 1088 4379 1546 4448; x_wconf 83' lang='lat' dir='ltr'>Systematisiren</span> <span class='ocrx_word' id='word_1_497' title='bbox 1574 4382 1689 4434; x_wconf 86' lang='lat' dir='ltr'>und</span> <span class='ocrx_word' id='word_1_498' title='bbox 1719 4382 1813 4434; x_wconf 85' lang='lat' dir='ltr'>De·</span> <span class='ocrx_word' id='word_1_499' title='bbox 1872 4382 1943 4434; x_wconf 85' lang='lat' dir='ltr'>ad</span> <span class='ocrx_word' id='word_1_500' title='bbox 1966 4382 2052 4436; x_wconf 86' lang='lat' dir='ltr'>ed.</span> <span class='ocrx_word' id='word_1_501' title='bbox 2076 4382 2471 4436; x_wconf 81' lang='lat' dir='ltr'>commentarii</span> <span class='ocrx_word' id='word_1_502' title='bbox 2491 4383 2550 4434; x_wconf 89' lang='lat' dir='ltr'>in</span> <span class='ocrx_word' id='word_1_503' title='bbox 2574 4382 2820 4436; x_wconf 76' lang='lat' dir='ltr'>Psalmos</span> <span class='ocrx_word' id='word_1_504' title='bbox 2843 4381 3153 4450; x_wconf 80' lang='lat' dir='ltr'>Haymonis</span> 
     </span>
     <span class='ocr_line' id='line_1_74' title="bbox 535 4425 3154 4523; baseline 0.001 -19"><span class='ocrx_word' id='word_1_505' title='bbox 535 4451 769 4504; x_wconf 88' lang='lat' dir='ltr'>duciren</span> <span class='ocrx_word' id='word_1_506' title='bbox 796 4451 856 4504; x_wconf 88' lang='lat' dir='ltr'>in</span> <span class='ocrx_word' id='word_1_507' title='bbox 885 4425 1194 4520; x_wconf 55' lang='lat' dir='ltr'>bogmatik</span> <span class='ocrx_word' id='word_1_508' title='bbox 1234 4452 1353 4505; x_wconf 88' lang='lat' dir='ltr'>und</span> <span class='ocrx_word' id='word_1_509' title='bbox 1384 4453 1575 4505; x_wconf 85' lang='lat' dir='ltr'>Moral.</span> <span class='ocrx_word' id='word_1_510' title='bbox 1630 4454 1817 4506; x_wconf 74' lang='lat' dir='ltr'>Daher</span> <span class='ocrx_word' id='word_1_511' title='bbox 1874 4453 2153 4507; x_wconf 84' lang='lat' dir='ltr'>Halberst.</span> <span class='ocrx_word' id='word_1_512' title='bbox 2181 4470 2215 4505; x_wconf 82' lang='lat' dir='ltr'>a</span> <span class='ocrx_word' id='word_1_513' title='bbox 2242 4470 2298 4506; x_wconf 90' lang='lat' dir='ltr'>se</span> <span class='ocrx_word' id='word_1_514' title='bbox 2339 4453 2424 4507; x_wconf 91' lang='lat' dir='ltr'>ed.</span> <span class='ocrx_word' id='word_1_515' title='bbox 2456 4458 2611 4518; x_wconf 71' lang='lat'>1533,</span> <span class='ocrx_word' id='word_1_516' title='bbox 2652 4453 2713 4507; x_wconf 88' lang='lat' dir='ltr'>in</span> <span class='ocrx_word' id='word_1_517' title='bbox 2755 4471 2869 4521; x_wconf 86' lang='lat' dir='ltr'>qua</span> <span class='ocrx_word' id='word_1_518' title='bbox 2909 4452 3154 4523; x_wconf 85' lang='lat' dir='ltr'>splendi-</span> 
     </span>
     <span class='ocr_line' id='line_1_75' title="bbox 535 4521 3153 4595; baseline 0.001 -20"><span class='ocrx_word' id='word_1_519' title='bbox 535 4523 688 4576; x_wconf 90' lang='lat' dir='ltr'>seine</span> <span class='ocrx_word' id='word_1_520' title='bbox 717 4521 1072 4592; x_wconf 86' lang='lat' dir='ltr'>principielle</span> <span class='ocrx_word' id='word_1_521' title='bbox 1102 4524 1469 4578; x_wconf 82' lang='lat' dir='ltr'>Feindschaft</span> <span class='ocrx_word' id='word_1_522' title='bbox 1508 4541 1695 4594; x_wconf 76' lang='lat' dir='ltr'>gagen</span> <span class='ocrx_word' id='word_1_523' title='bbox 1724 4525 1816 4579; x_wconf 89' lang='lat' dir='ltr'>die</span> <span class='ocrx_word' id='word_1_524' title='bbox 1872 4524 2009 4577; x_wconf 89' lang='lat' dir='ltr'>dum</span> <span class='ocrx_word' id='word_1_525' title='bbox 2037 4525 2098 4577; x_wconf 84' lang='lat' dir='ltr'>iu</span> <span class='ocrx_word' id='word_1_526' title='bbox 2127 4526 2340 4578; x_wconf 75' lang='lat' dir='ltr'>statum</span> <span class='ocrx_word' id='word_1_527' title='bbox 2359 4522 2703 4595; x_wconf 77' lang='lat' dir='ltr'>‘religiosum</span> <span class='ocrx_word' id='word_1_528' title='bbox 2732 4525 3052 4578; x_wconf 87' lang='lat' dir='ltr'>encomium</span> <span class='ocrx_word' id='word_1_529' title='bbox 3081 4525 3153 4577; x_wconf 92' lang='lat' dir='ltr'>le-</span> 
     </span>
    </p>
   </div>
   <div class='ocr_carea' id='block_1_19' title="bbox 534 4594 1814 4739">
    <p class='ocr_par' dir='ltr' id='par_1_19' title="bbox 534 4594 1814 4739">
     <span class='ocr_line' id='line_1_76' title="bbox 534 4594 870 4648; baseline -0.003 -1"><span class='ocrx_word' id='word_1_530' title='bbox 534 4594 870 4648; x_wconf 82' lang='lat' dir='ltr'>Scholastik.</span> 
     </span>
     <span class='ocr_line' id='line_1_77' title="bbox 608 4665 1814 4739; baseline 0.002 -20"><span class='ocrx_word' id='word_1_531' title='bbox 608 4671 649 4739; x_wconf 80' lang='lat'>²)</span> <span class='ocrx_word' id='word_1_532' title='bbox 680 4667 764 4719; x_wconf 84' lang='lat' dir='ltr'>lta</span> <span class='ocrx_word' id='word_1_533' title='bbox 792 4665 961 4720; x_wconf 84' lang='lat' dir='ltr'>Mich.</span> <span class='ocrx_word' id='word_1_534' title='bbox 989 4684 1020 4718; x_wconf 84' lang='lat' dir='ltr'>a</span> <span class='ocrx_word' id='word_1_535' title='bbox 1048 4685 1088 4721; x_wconf 74' lang='lat' dir='ltr'>a.</span> <span class='ocrx_word' id='word_1_536' title='bbox 1116 4667 1323 4737; x_wconf 77' lang='lat' dir='ltr'>Joseph</span> <span class='ocrx_word' id='word_1_537' title='bbox 1367 4666 1641 4736; x_wconf 84' lang='lat' dir='ltr'>Bibliogr.</span> <span class='ocrx_word' id='word_1_538' title='bbox 1690 4668 1814 4722; x_wconf 85' lang='lat' dir='ltr'>crit.</span> 
     </span>
    </p>
   </div>
   <div class='ocr_carea' id='block_1_20' title="bbox 533 4743 735 4803">
    <p class='ocr_par' dir='ltr' id='par_1_20' title="bbox 533 4743 735 4803">
     <span class='ocr_line' id='line_1_78' title="bbox 533 4743 735 4803; baseline -0.02 -8"><span class='ocrx_word' id='word_1_539' title='bbox 533 4743 584 4803; x_wconf 82' lang='lat'>2,</span> <span class='ocrx_word' id='word_1_540' title='bbox 613 4744 735 4795; x_wconf 78' lang='lat'>231.</span> 
     </span>
    </p>
   </div>
   <div class='ocr_carea' id='block_1_21' title="bbox 1872 4600 3153 4809">
    <p class='ocr_par' dir='ltr' id='par_1_21' title="bbox 1872 4600 3153 4809">
     <span class='ocr_line' id='line_1_79' title="bbox 1872 4600 3153 4738; baseline -0.017 2"><span class='ocrx_word' id='word_1_541' title='bbox 1872 4600 2096 4738; x_wconf 46' lang='lat' dir='ltr'>glgillii&#39;f.</span> <span class='ocrx_word' id='word_1_542' title='bbox 2122 4669 2358 4721; x_wconf 81' lang='lat' dir='ltr'>Janssen</span> <span class='ocrx_word' id='word_1_543' title='bbox 2402 4669 2468 4730; x_wconf 82' lang='grc' dir='ltr'>ΙΙ,</span> <span class='ocrx_word' id='word_1_544' title='bbox 2511 4673 2613 4725; x_wconf 82' lang='grc'>160</span> <span class='ocrx_word' id='word_1_545' title='bbox 2653 4687 2721 4720; x_wconf 77' lang='lat' dir='ltr'>ss.</span> <span class='ocrx_word' id='word_1_546' title='bbox 2765 4667 2862 4721; x_wconf 86' lang='lat' dir='ltr'>ubi</span> <span class='ocrx_word' id='word_1_547' title='bbox 2889 4668 3013 4737; x_wconf 86' lang='lat' dir='ltr'>ejus</span> <span class='ocrx_word' id='word_1_548' title='bbox 3039 4684 3153 4719; x_wconf 84' lang='lat' dir='ltr'>am·</span> 
     </span>
     <span class='ocr_line' id='line_1_80' title="bbox 1873 4738 3153 4809; baseline -0.005 -14"><span class='ocrx_word' id='word_1_549' title='bbox 1873 4738 2113 4803; x_wconf 75' lang='lat' dir='ltr'>biguum</span> <span class='ocrx_word' id='word_1_550' title='bbox 2143 4739 2438 4808; x_wconf 83' lang='lat' dir='ltr'>ingenium</span> <span class='ocrx_word' id='word_1_551' title='bbox 2469 4738 2744 4794; x_wconf 85' lang='lat' dir='ltr'>ostendit:</span> <span class='ocrx_word' id='word_1_552' title='bbox 2793 4740 2860 4793; x_wconf 87' lang='lat' dir='ltr'>de</span> <span class='ocrx_word' id='word_1_553' title='bbox 2888 4741 3011 4809; x_wconf 87' lang='lat' dir='ltr'>ejus</span> <span class='ocrx_word' id='word_1_554' title='bbox 3038 4738 3153 4794; x_wconf 85' lang='lat' dir='ltr'>dia·</span> 
     </span>
    </p>
   </div>
   <div class='ocr_carea' id='block_1_22' title="bbox 532 4809 3152 4949">
    <p class='ocr_par' dir='ltr' id='par_1_22' title="bbox 532 4809 3152 4949">
     <span class='ocr_line' id='line_1_81' title="bbox 607 4809 3152 4882; baseline 0 -18"><span class='ocrx_word' id='word_1_555' title='bbox 607 4817 646 4882; x_wconf 80' lang='lat'>⁸)</span> <span class='ocrx_word' id='word_1_556' title='bbox 676 4811 826 4864; x_wconf 87' lang='lat' dir='ltr'>Haec</span> <span class='ocrx_word' id='word_1_557' title='bbox 855 4814 994 4866; x_wconf 82' lang='lat'>1518</span> <span class='ocrx_word' id='word_1_558' title='bbox 1022 4827 1269 4878; x_wconf 80' lang='lat' dir='ltr'>primum</span> <span class='ocrx_word' id='word_1_559' title='bbox 1299 4809 1470 4869; x_wconf 83' lang='lat' dir='ltr'>edita.</span> <span class='ocrx_word' id='word_1_560' title='bbox 1506 4814 1645 4866; x_wconf 75' lang='lat'>1524</span> <span class='ocrx_word' id='word_1_561' title='bbox 1672 4810 1815 4863; x_wconf 87' lang='lat' dir='ltr'>mul·</span> <span class='ocrx_word' id='word_1_562' title='bbox 1872 4810 2021 4864; x_wconf 85' lang='lat' dir='ltr'>triba</span> <span class='ocrx_word' id='word_1_563' title='bbox 2061 4810 2332 4865; x_wconf 83' lang='lat' dir='ltr'>adversus</span> <span class='ocrx_word' id='word_1_564' title='bbox 2373 4810 2687 4864; x_wconf 58' lang='lat' dir='ltr'>liutherum</span> <span class='ocrx_word' id='word_1_565' title='bbox 2731 4811 3021 4863; x_wconf 87' lang='lat' dir='ltr'>Laemmer</span> <span class='ocrx_word' id='word_1_566' title='bbox 3060 4826 3152 4879; x_wconf 86' lang='lat' dir='ltr'>op.</span> 
     </span>
     <span class='ocr_line' id='line_1_82' title="bbox 532 4881 2365 4949; baseline -0.001 -15"><span class='ocrx_word' id='word_1_567' title='bbox 532 4885 655 4935; x_wconf 90' lang='lat' dir='ltr'>tum</span> <span class='ocrx_word' id='word_1_568' title='bbox 697 4886 880 4946; x_wconf 82' lang='lat' dir='ltr'>aucta,</span> <span class='ocrx_word' id='word_1_569' title='bbox 921 4881 1238 4934; x_wconf 88' lang='lat' dir='ltr'>innumeris</span> <span class='ocrx_word' id='word_1_570' title='bbox 1281 4881 1498 4933; x_wconf 62' lang='lat' dir='ltr'>vicibus</span> <span class='ocrx_word' id='word_1_571' title='bbox 1542 4897 1754 4942; x_wconf 75' lang='lat' dir='ltr'>recusa,</span> <span class='ocrx_word' id='word_1_572' title='bbox 1782 4897 1816 4933; x_wconf 86' lang='lat' dir='ltr'>a</span> <span class='ocrx_word' id='word_1_573' title='bbox 1871 4881 1964 4935; x_wconf 82' lang='lat' dir='ltr'>eit.</span> <span class='ocrx_word' id='word_1_574' title='bbox 1994 4884 2169 4949; x_wconf 81' lang='lat' dir='ltr'>praef.</span> <span class='ocrx_word' id='word_1_575' title='bbox 2196 4901 2253 4941; x_wconf 91' lang='lat' dir='ltr'>n.</span> <span class='ocrx_word' id='word_1_576' title='bbox 2282 4887 2365 4937; x_wconf 85' lang='lat'>13.</span> 
     </span>
    </p>
   </div>
  </div>
 </body>
</html>
