<?xml version="1.0" encoding="UTF-8"?>
<!DOCTYPE html PUBLIC "-//W3C//DTD XHTML 1.0 Transitional//EN"
    "http://www.w3.org/TR/xhtml1/DTD/xhtml1-transitional.dtd">
<html xmlns="http://www.w3.org/1999/xhtml" xml:lang="en" lang="en">
 <head>
  <title>
</title>
<meta http-equiv="Content-Type" content="text/html;charset=utf-8" />
  <meta name='ocr-system' content='tesseract 3.04.00' />
  <meta name='ocr-capabilities' content='ocr_page ocr_carea ocr_par ocr_line ocrx_word'/>
</head>
<body>
  <div class='ocr_page' id='page_1' title='image "./nomenclatorlite10hurtgoog_0846.png"; bbox 0 0 3475 5364; ppageno 0'>
   <div class='ocr_carea' id='block_1_1' title="bbox 1194 1627 2521 1767">
    <p class='ocr_par' dir='ltr' id='par_1_1' title="bbox 1194 1627 2521 1767">
     <span class='ocr_line' id='line_1_1' title="bbox 1194 1627 2521 1767; baseline -0.004 -28"><span class='ocrx_word' id='word_1_1' title='bbox 1194 1627 1676 1740; x_wconf 84' lang='lat' dir='ltr'><strong>Addenda</strong></span> <span class='ocrx_word' id='word_1_2' title='bbox 1743 1635 1845 1740; x_wconf 85' lang='lat' dir='ltr'><strong>et</strong></span> <span class='ocrx_word' id='word_1_3' title='bbox 1907 1629 2521 1767; x_wconf 83' lang='lat' dir='ltr'><strong>corrigenda.</strong></span> 
     </span>
    </p>
   </div>
   <div class='ocr_carea' id='block_1_2' title="bbox 560 1864 3186 2237">
    <p class='ocr_par' dir='ltr' id='par_1_2' title="bbox 563 1864 3179 1942">
     <span class='ocr_line' id='line_1_2' title="bbox 563 1864 3179 1942; baseline 0 -19"><span class='ocrx_word' id='word_1_4' title='bbox 563 1865 717 1924; x_wconf 88' lang='lat' dir='ltr'><strong>Dum</strong></span> <span class='ocrx_word' id='word_1_5' title='bbox 746 1868 945 1924; x_wconf 87' lang='lat' dir='ltr'><strong>tomus</strong></span> <span class='ocrx_word' id='word_1_6' title='bbox 976 1866 1071 1925; x_wconf 89' lang='lat' dir='ltr'><strong>hic</strong></span> <span class='ocrx_word' id='word_1_7' title='bbox 1120 1865 1579 1942; x_wconf 73' lang='lat' dir='ltr'>imprimeretur,</span> <span class='ocrx_word' id='word_1_8' title='bbox 1613 1867 1904 1942; x_wconf 76' lang='lat' dir='ltr'><strong>quaedam</strong></span> <span class='ocrx_word' id='word_1_9' title='bbox 1953 1868 2046 1926; x_wconf 83' lang='lat' dir='ltr'><strong>vel</strong></span> <span class='ocrx_word' id='word_1_10' title='bbox 2078 1885 2209 1926; x_wconf 87' lang='lat' dir='ltr'><strong>sero</strong></span> <span class='ocrx_word' id='word_1_11' title='bbox 2240 1867 2419 1926; x_wconf 90' lang='lat' dir='ltr'><strong>nimis</strong></span> <span class='ocrx_word' id='word_1_12' title='bbox 2453 1869 2546 1926; x_wconf 84' lang='lat' dir='ltr'><strong>vel</strong></span> <span class='ocrx_word' id='word_1_13' title='bbox 2578 1866 2979 1927; x_wconf 88' lang='lat' dir='ltr'><strong>recentissime</strong></span> <span class='ocrx_word' id='word_1_14' title='bbox 3010 1864 3179 1924; x_wconf 84' lang='lat' dir='ltr'><strong>edita</strong></span> 
     </span>
    </p>

    <p class='ocr_par' dir='ltr' id='par_1_3' title="bbox 560 1963 3186 2042">
     <span class='ocr_line' id='line_1_3' title="bbox 560 1963 3186 2042; baseline 0 -21"><span class='ocrx_word' id='word_1_15' title='bbox 560 1963 623 2021; x_wconf 93' lang='lat' dir='ltr'><strong>in</strong></span> <span class='ocrx_word' id='word_1_16' title='bbox 655 1964 911 2022; x_wconf 89' lang='lat' dir='ltr'><strong>auctoris</strong></span> <span class='ocrx_word' id='word_1_17' title='bbox 962 1982 1171 2022; x_wconf 86' lang='lat' dir='ltr'><strong>manus</strong></span> <span class='ocrx_word' id='word_1_18' title='bbox 1221 1968 1532 2034; x_wconf 80' lang='lat' dir='ltr'><strong>venerunt,</strong></span> <span class='ocrx_word' id='word_1_19' title='bbox 1586 1984 1736 2040; x_wconf 85' lang='lat' dir='ltr'><strong>quae</strong></span> <span class='ocrx_word' id='word_1_20' title='bbox 1787 1965 1861 2023; x_wconf 93' lang='lat' dir='ltr'><strong>ad</strong></span> <span class='ocrx_word' id='word_1_21' title='bbox 1911 1965 2293 2041; x_wconf 83' lang='lat' dir='ltr'><strong>perficiendas</strong></span> <span class='ocrx_word' id='word_1_22' title='bbox 2338 1965 2793 2042; x_wconf 82' lang='lat' dir='ltr'><strong>corrigendasve</strong></span> <span class='ocrx_word' id='word_1_23' title='bbox 2825 1963 3075 2024; x_wconf 76' lang='lat' dir='ltr'><strong>notitias</strong></span> <span class='ocrx_word' id='word_1_24' title='bbox 3107 1963 3186 2021; x_wconf 90' lang='lat' dir='ltr'><strong>de</strong></span> 
     </span>
    </p>

    <p class='ocr_par' dir='ltr' id='par_1_4' title="bbox 562 2060 3185 2237">
     <span class='ocr_line' id='line_1_4' title="bbox 562 2060 3185 2140; baseline 0.001 -22"><span class='ocrx_word' id='word_1_25' title='bbox 562 2060 868 2136; x_wconf 80' lang='lat' dir='ltr'><strong>aliquibus</strong></span> <span class='ocrx_word' id='word_1_26' title='bbox 919 2062 1127 2121; x_wconf 88' lang='lat' dir='ltr'><strong>saltem</strong></span> <span class='ocrx_word' id='word_1_27' title='bbox 1177 2062 1473 2139; x_wconf 87' lang='lat' dir='ltr'><strong>theologis</strong></span> <span class='ocrx_word' id='word_1_28' title='bbox 1519 2063 1727 2122; x_wconf 88' lang='lat' dir='ltr'><strong>lectori</strong></span> <span class='ocrx_word' id='word_1_29' title='bbox 1773 2062 1931 2121; x_wconf 86' lang='lat' dir='ltr'><strong>haud</strong></span> <span class='ocrx_word' id='word_1_30' title='bbox 1977 2064 2220 2122; x_wconf 87' lang='lat' dir='ltr'><strong>inutilia</strong></span> <span class='ocrx_word' id='word_1_31' title='bbox 2264 2066 2457 2124; x_wconf 85' lang='lat' dir='ltr'><strong>erunt.</strong></span> <span class='ocrx_word' id='word_1_32' title='bbox 2534 2064 2617 2123; x_wconf 83' lang='lat' dir='ltr'><strong>Ea</strong></span> <span class='ocrx_word' id='word_1_33' title='bbox 2669 2065 2903 2123; x_wconf 85' lang='lat' dir='ltr'><strong>servata</strong></span> <span class='ocrx_word' id='word_1_34' title='bbox 2934 2062 3185 2140; x_wconf 84' lang='lat' dir='ltr'><strong>pagina-</strong></span> 
     </span>
     <span class='ocr_line' id='line_1_5' title="bbox 1423 2160 2304 2237; baseline 0.002 -18"><span class='ocrx_word' id='word_1_35' title='bbox 1423 2179 1555 2219; x_wconf 90' lang='lat' dir='ltr'><strong>rum</strong></span> <span class='ocrx_word' id='word_1_36' title='bbox 1588 2160 1739 2220; x_wconf 86' lang='lat' dir='ltr'><strong>serie</strong></span> <span class='ocrx_word' id='word_1_37' title='bbox 1772 2161 1868 2220; x_wconf 91' lang='lat' dir='ltr'><strong>hic</strong></span> <span class='ocrx_word' id='word_1_38' title='bbox 1900 2162 2304 2237; x_wconf 79' lang='lat' dir='ltr'><strong>subjiciemus,</strong></span> 
     </span>
    </p>
   </div>
   <div class='ocr_carea' id='block_1_3' title="bbox 556 2348 3186 2777">
    <p class='ocr_par' dir='ltr' id='par_1_5' title="bbox 556 2348 3186 2706">
     <span class='ocr_line' id='line_1_6' title="bbox 632 2348 3186 2421; baseline 0 -19"><span class='ocrx_word' id='word_1_39' title='bbox 632 2350 767 2421; x_wconf 83' lang='lat' dir='ltr'><strong>Pag.</strong></span> <span class='ocrx_word' id='word_1_40' title='bbox 796 2354 881 2408; x_wconf 90' lang='lat'><strong>10.</strong></span> <span class='ocrx_word' id='word_1_41' title='bbox 909 2348 990 2403; x_wconf 89' lang='lat' dir='ltr'><strong>De</strong></span> <span class='ocrx_word' id='word_1_42' title='bbox 1018 2348 1066 2403; x_wconf 86' lang='lat' dir='ltr'>G</span> <span class='ocrx_word' id='word_1_43' title='bbox 1085 2349 1157 2403; x_wconf 87' lang='lat' dir='ltr'><strong>ui</strong></span> <span class='ocrx_word' id='word_1_44' title='bbox 1176 2350 1388 2403; x_wconf 87' lang='lat' dir='ltr'><strong>berto</strong></span> <span class='ocrx_word' id='word_1_45' title='bbox 1417 2348 1488 2403; x_wconf 90' lang='lat' dir='ltr'><strong>de</strong></span> <span class='ocrx_word' id='word_1_46' title='bbox 1515 2349 1569 2403; x_wconf 90' lang='lat' dir='ltr'>N</span> <span class='ocrx_word' id='word_1_47' title='bbox 1571 2351 1842 2420; x_wconf 83' lang='lat' dir='ltr'><strong>ovigento</strong></span> <span class='ocrx_word' id='word_1_48' title='bbox 1901 2351 2159 2405; x_wconf 86' lang='lat' dir='ltr'><strong>tarentur</strong></span> <span class='ocrx_word' id='word_1_49' title='bbox 2185 2366 2288 2421; x_wconf 89' lang='lat' dir='ltr'><strong>pro</strong></span> <span class='ocrx_word' id='word_1_50' title='bbox 2315 2350 2522 2421; x_wconf 82' lang='lat' dir='ltr'><strong>glossa,</strong></span> <span class='ocrx_word' id='word_1_51' title='bbox 2549 2353 2672 2421; x_wconf 88' lang='lat' dir='ltr'><strong>ipse</strong></span> <span class='ocrx_word' id='word_1_52' title='bbox 2697 2350 3049 2421; x_wconf 74' lang='lat' dir='ltr'><strong>allegaretur</strong></span> <span class='ocrx_word' id='word_1_53' title='bbox 3074 2350 3186 2404; x_wconf 89' lang='lat' dir='ltr'><strong>sub</strong></span> 
     </span>
     <span class='ocr_line' id='line_1_7' title="bbox 562 2420 3183 2492; baseline -0 -17"><span class='ocrx_word' id='word_1_54' title='bbox 562 2422 630 2475; x_wconf 87' lang='lat' dir='ltr'><strong>cf.</strong></span> <span class='ocrx_word' id='word_1_55' title='bbox 662 2420 824 2476; x_wconf 86' lang='lat' dir='ltr'><strong>Bern.</strong></span> <span class='ocrx_word' id='word_1_56' title='bbox 849 2421 1058 2475; x_wconf 89' lang='lat' dir='ltr'><strong>Monod</strong></span> <span class='ocrx_word' id='word_1_57' title='bbox 1087 2429 1132 2487; x_wconf 84' lang='lat'><strong>(†</strong></span> <span class='ocrx_word' id='word_1_58' title='bbox 1153 2425 1312 2485; x_wconf 97' lang='grc'>1905)</span> <span class='ocrx_word' id='word_1_59' title='bbox 1339 2424 1415 2475; x_wconf 82' lang='lat' dir='ltr'><strong>Le</strong></span> <span class='ocrx_word' id='word_1_60' title='bbox 1434 2426 1604 2477; x_wconf 71' lang='lat' dir='ltr'><strong>moine</strong></span> <span class='ocrx_word' id='word_1_61' title='bbox 1624 2425 1843 2477; x_wconf 70' lang='lat' dir='ltr'><strong>Guibert</strong></span> <span class='ocrx_word' id='word_1_62' title='bbox 1898 2422 2126 2475; x_wconf 86' lang='lat' dir='ltr'><strong>nomine</strong></span> <span class='ocrx_word' id='word_1_63' title='bbox 2152 2421 2515 2491; x_wconf 79' lang='lat' dir='ltr'><strong>„glossator“,</strong></span> <span class='ocrx_word' id='word_1_64' title='bbox 2542 2423 2913 2492; x_wconf 77' lang='lat' dir='ltr'><strong>„expositor“‚</strong></span> <span class='ocrx_word' id='word_1_65' title='bbox 2941 2423 3183 2490; x_wconf 86' lang='lat' dir='ltr'><strong>ejusque</strong></span> 
     </span>
     <span class='ocr_line' id='line_1_8' title="bbox 558 2492 3184 2564; baseline -0 -18"><span class='ocrx_word' id='word_1_66' title='bbox 558 2495 618 2546; x_wconf 86' lang='lat' dir='ltr'><strong>et</strong></span> <span class='ocrx_word' id='word_1_67' title='bbox 642 2509 743 2546; x_wconf 89' lang='lat' dir='ltr'><strong>son</strong></span> <span class='ocrx_word' id='word_1_68' title='bbox 764 2496 967 2562; x_wconf 71' lang='lat' dir='ltr'><strong>temps,</strong></span> <span class='ocrx_word' id='word_1_69' title='bbox 993 2492 1153 2546; x_wconf 84' lang='lat' dir='ltr'><strong>Paris</strong></span> <span class='ocrx_word' id='word_1_70' title='bbox 1172 2496 1328 2555; x_wconf 90' lang='grc'>1905,</span> <span class='ocrx_word' id='word_1_71' title='bbox 1358 2509 1472 2559; x_wconf 88' lang='lat' dir='ltr'><strong>quo</strong></span> <span class='ocrx_word' id='word_1_72' title='bbox 1497 2493 1559 2546; x_wconf 91' lang='lat' dir='ltr'><strong>in</strong></span> <span class='ocrx_word' id='word_1_73' title='bbox 1587 2510 1679 2563; x_wconf 91' lang='lat' dir='ltr'><strong>op.</strong></span> <span class='ocrx_word' id='word_1_74' title='bbox 1709 2493 1842 2547; x_wconf 85' lang='lat' dir='ltr'><strong>Gui-</strong></span> <span class='ocrx_word' id='word_1_75' title='bbox 1897 2493 2402 2548; x_wconf 74' lang='lat' dir='ltr'><strong>commentationes</strong></span> <span class='ocrx_word' id='word_1_76' title='bbox 2436 2497 2875 2564; x_wconf 81' lang='lat' dir='ltr'><strong>exponerentur,</strong></span> <span class='ocrx_word' id='word_1_77' title='bbox 2927 2493 3066 2547; x_wconf 85' lang='lat' dir='ltr'><strong>adeo</strong></span> <span class='ocrx_word' id='word_1_78' title='bbox 3114 2495 3184 2545; x_wconf 91' lang='lat' dir='ltr'><strong>ut</strong></span> 
     </span>
     <span class='ocr_line' id='line_1_9' title="bbox 559 2563 3179 2635; baseline -0.001 -16"><span class='ocrx_word' id='word_1_79' title='bbox 559 2564 704 2619; x_wconf 84' lang='lat' dir='ltr'><strong>berti</strong></span> <span class='ocrx_word' id='word_1_80' title='bbox 753 2563 1291 2634; x_wconf 82' lang='lat' dir='ltr'><strong>autobiographiam</strong></span> <span class='ocrx_word' id='word_1_81' title='bbox 1341 2581 1437 2634; x_wconf 85' lang='lat' dir='ltr'><strong>pg.</strong></span> <span class='ocrx_word' id='word_1_82' title='bbox 1488 2568 1699 2622; x_wconf 86' lang='lat'><strong>3-137</strong></span> <span class='ocrx_word' id='word_1_83' title='bbox 1752 2582 1841 2619; x_wconf 84' lang='lat' dir='ltr'><strong>ex·</strong></span> <span class='ocrx_word' id='word_1_84' title='bbox 1895 2580 2011 2617; x_wconf 87' lang='lat' dir='ltr'><strong>non</strong></span> <span class='ocrx_word' id='word_1_85' title='bbox 2052 2563 2236 2619; x_wconf 89' lang='lat' dir='ltr'><strong>solum</strong></span> <span class='ocrx_word' id='word_1_86' title='bbox 2278 2582 2379 2635; x_wconf 86' lang='lat' dir='ltr'><strong>per</strong></span> <span class='ocrx_word' id='word_1_87' title='bbox 2406 2566 2818 2620; x_wconf 80' lang='lat' dir='ltr'><strong>sententiarum</strong></span> <span class='ocrx_word' id='word_1_88' title='bbox 2859 2565 3051 2627; x_wconf 86' lang='lat' dir='ltr'><strong>libros,</strong></span> <span class='ocrx_word' id='word_1_89' title='bbox 3079 2563 3179 2617; x_wconf 88' lang='lat' dir='ltr'><strong>sed</strong></span> 
     </span>
     <span class='ocr_line' id='line_1_10' title="bbox 556 2635 3177 2706; baseline 0 -17"><span class='ocrx_word' id='word_1_90' title='bbox 556 2635 733 2691; x_wconf 82' lang='lat' dir='ltr'><strong>hibet.</strong></span> <span class='ocrx_word' id='word_1_91' title='bbox 1895 2636 1954 2689; x_wconf 91' lang='lat' dir='ltr'><strong>et</strong></span> <span class='ocrx_word' id='word_1_92' title='bbox 1978 2653 2079 2706; x_wconf 90' lang='lat' dir='ltr'><strong>per</strong></span> <span class='ocrx_word' id='word_1_93' title='bbox 2106 2653 2209 2691; x_wconf 82' lang='lat' dir='ltr'><strong>sua</strong></span> <span class='ocrx_word' id='word_1_94' title='bbox 2236 2638 2643 2693; x_wconf 85' lang='lat' dir='ltr'><strong>commentaria</strong></span> <span class='ocrx_word' id='word_1_95' title='bbox 2681 2636 2741 2691; x_wconf 90' lang='lat' dir='ltr'><strong>in</strong></span> <span class='ocrx_word' id='word_1_96' title='bbox 2768 2636 2977 2692; x_wconf 90' lang='lat' dir='ltr'><strong>scholis</strong></span> <span class='ocrx_word' id='word_1_97' title='bbox 3002 2635 3177 2690; x_wconf 88' lang='lat' dir='ltr'><strong>domi-</strong></span> 
     </span>
    </p>

    <p class='ocr_par' dir='ltr' id='par_1_6' title="bbox 623 2706 2143 2777">
     <span class='ocr_line' id='line_1_11' title="bbox 623 2706 2143 2777; baseline 0.001 -16"><span class='ocrx_word' id='word_1_98' title='bbox 623 2708 760 2777; x_wconf 84' lang='lat' dir='ltr'><strong>Pag.</strong></span> <span class='ocrx_word' id='word_1_99' title='bbox 777 2713 862 2764; x_wconf 80' lang='lat'><strong>21.</strong></span> <span class='ocrx_word' id='word_1_100' title='bbox 892 2709 940 2760; x_wconf 91' lang='lat' dir='ltr'>A</span> <span class='ocrx_word' id='word_1_101' title='bbox 960 2726 994 2759; x_wconf 91' lang='lat' dir='ltr'><strong>n</strong></span> <span class='ocrx_word' id='word_1_102' title='bbox 1014 2725 1038 2759; x_wconf 87' lang='lat' dir='ltr'><strong>s</strong></span> <span class='ocrx_word' id='word_1_103' title='bbox 1054 2724 1083 2760; x_wconf 86' lang='lat' dir='ltr'><strong>e</strong></span> <span class='ocrx_word' id='word_1_104' title='bbox 1099 2706 1121 2759; x_wconf 97' lang='lat'>1</span> <span class='ocrx_word' id='word_1_105' title='bbox 1138 2707 1229 2760; x_wconf 88' lang='lat' dir='ltr'><strong>mi</strong></span> <span class='ocrx_word' id='word_1_106' title='bbox 1247 2706 1643 2761; x_wconf 83' lang='lat' dir='ltr'><strong>Laudunensis</strong></span> <span class='ocrx_word' id='word_1_107' title='bbox 1663 2709 1839 2762; x_wconf 85' lang='lat' dir='ltr'><strong>frater</strong></span> <span class='ocrx_word' id='word_1_108' title='bbox 1896 2711 2143 2763; x_wconf 83' lang='lat' dir='ltr'><strong>naretur.</strong></span> 
     </span>
    </p>
   </div>
   <div class='ocr_carea' id='block_1_4' title="bbox 1866 2356 1874 2524">
    <p class='ocr_par' dir='ltr' id='par_1_7' title="bbox 1866 2356 1874 2524">
     <span class='ocr_line' id='line_1_12' title="bbox 1866 2356 1874 2524; baseline 0 0"><span class='ocrx_word' id='word_1_109' title='bbox 1866 2356 1874 2524; x_wconf 95' lang='lat' dir='ltr'><strong> </strong></span> 
     </span>
    </p>
   </div>
   <div class='ocr_carea' id='block_1_5' title="bbox 545 2777 3183 5009">
    <p class='ocr_par' dir='ltr' id='par_1_8' title="bbox 555 2777 3179 2994">
     <span class='ocr_line' id='line_1_13' title="bbox 556 2777 3177 2850; baseline -0 -16"><span class='ocrx_word' id='word_1_110' title='bbox 556 2782 865 2834; x_wconf 83' lang='lat' dir='ltr'><strong>vocabatur</strong></span> <span class='ocrx_word' id='word_1_111' title='bbox 891 2778 987 2831; x_wconf 85' lang='lat' dir='ltr'><strong>Ra</strong></span> <span class='ocrx_word' id='word_1_112' title='bbox 1003 2778 1038 2831; x_wconf 91' lang='lat' dir='ltr'><strong>d</strong></span> <span class='ocrx_word' id='word_1_113' title='bbox 1057 2778 1128 2831; x_wconf 86' lang='lat' dir='ltr'><strong>ul</strong></span> <span class='ocrx_word' id='word_1_114' title='bbox 1144 2777 1170 2830; x_wconf 82' lang='lat' dir='ltr'><strong>f</strong></span> <span class='ocrx_word' id='word_1_115' title='bbox 1184 2796 1220 2831; x_wconf 92' lang='lat' dir='ltr'><strong>u</strong></span> <span class='ocrx_word' id='word_1_116' title='bbox 1240 2796 1265 2831; x_wconf 89' lang='lat' dir='ltr'><strong>s</strong></span> <span class='ocrx_word' id='word_1_117' title='bbox 1291 2781 1337 2849; x_wconf 56' lang='grc' dir='ltr'><strong>(ψ</strong></span> <span class='ocrx_word' id='word_1_118' title='bbox 1360 2783 1535 2848; x_wconf 86' lang='grc'>1131),</span> <span class='ocrx_word' id='word_1_119' title='bbox 1563 2781 1727 2849; x_wconf 85' lang='lat' dir='ltr'><strong>cujus</strong></span> <span class='ocrx_word' id='word_1_120' title='bbox 1750 2796 1837 2833; x_wconf 87' lang='lat' dir='ltr'><strong>ex·</strong></span> <span class='ocrx_word' id='word_1_121' title='bbox 1963 2779 2044 2833; x_wconf 87' lang='lat' dir='ltr'><strong>Pa</strong></span> <span class='ocrx_word' id='word_1_122' title='bbox 2088 2824 2098 2836; x_wconf 91' lang='lat'><strong>.</strong></span> <span class='ocrx_word' id='word_1_123' title='bbox 2129 2781 2248 2837; x_wconf 82' lang='lat'><strong>105.</strong></span> <span class='ocrx_word' id='word_1_124' title='bbox 2278 2782 2358 2835; x_wconf 79' lang='lat' dir='ltr'><strong>Cf.</strong></span> <span class='ocrx_word' id='word_1_125' title='bbox 2387 2782 2612 2836; x_wconf 86' lang='lat' dir='ltr'><strong>doctam</strong></span> <span class='ocrx_word' id='word_1_126' title='bbox 2640 2780 3091 2850; x_wconf 86' lang='lat' dir='ltr'><strong>disputationem</strong></span> <span class='ocrx_word' id='word_1_127' title='bbox 3108 2777 3177 2833; x_wconf 88' lang='lat' dir='ltr'><strong>cl.</strong></span> 
     </span>
     <span class='ocr_line' id='line_1_14' title="bbox 555 2799 3179 2922; baseline 0.002 -19"><span class='ocrx_word' id='word_1_128' title='bbox 555 2853 670 2905; x_wconf 86' lang='lat' dir='ltr'><strong>stat</strong></span> <span class='ocrx_word' id='word_1_129' title='bbox 712 2849 1156 2904; x_wconf 86' lang='lat' dir='ltr'><strong>commentarius</strong></span> <span class='ocrx_word' id='word_1_130' title='bbox 1193 2851 1254 2902; x_wconf 92' lang='lat' dir='ltr'><strong>in</strong></span> <span class='ocrx_word' id='word_1_131' title='bbox 1297 2867 1383 2918; x_wconf 91' lang='lat' dir='ltr'><strong>ep.</strong></span> <span class='ocrx_word' id='word_1_132' title='bbox 1426 2850 1498 2903; x_wconf 85' lang='lat' dir='ltr'><strong>ad</strong></span> <span class='ocrx_word' id='word_1_133' title='bbox 1535 2850 1836 2914; x_wconf 76' lang='lat' dir='ltr'><strong>Romanos,</strong></span> <span class='ocrx_word' id='word_1_134' title='bbox 1894 2799 2113 2905; x_wconf 56' lang='lat' dir='ltr'><strong>Deniffe</strong></span> <span class='ocrx_word' id='word_1_135' title='bbox 2154 2867 2245 2921; x_wconf 92' lang='lat' dir='ltr'><strong>op.</strong></span> <span class='ocrx_word' id='word_1_136' title='bbox 2273 2854 2368 2906; x_wconf 88' lang='lat' dir='ltr'><strong>cit.</strong></span> <span class='ocrx_word' id='word_1_137' title='bbox 2395 2870 2451 2922; x_wconf 88' lang='lat' dir='ltr'><strong>p.</strong></span> <span class='ocrx_word' id='word_1_138' title='bbox 2478 2858 2763 2910; x_wconf 74' lang='lat'><strong>334—346</strong></span> <span class='ocrx_word' id='word_1_139' title='bbox 2791 2851 2920 2906; x_wconf 92' lang='lat' dir='ltr'><strong>coll.</strong></span> <span class='ocrx_word' id='word_1_140' title='bbox 2947 2869 3079 2921; x_wconf 80' lang='lat' dir='ltr'><strong>pag.</strong></span> <span class='ocrx_word' id='word_1_141' title='bbox 3107 2855 3179 2908; x_wconf 86' lang='lat'><strong>30</strong></span> 
     </span>
     <span class='ocr_line' id='line_1_15' title="bbox 556 2921 3178 2994; baseline 0 -19"><span class='ocrx_word' id='word_1_142' title='bbox 556 2921 654 2976; x_wconf 90' lang='lat' dir='ltr'><strong>sed</strong></span> <span class='ocrx_word' id='word_1_143' title='bbox 679 2922 944 2975; x_wconf 87' lang='lat' dir='ltr'><strong>ineditus.</strong></span> <span class='ocrx_word' id='word_1_144' title='bbox 1892 2925 1950 2976; x_wconf 82' lang='lat' dir='ltr'><strong>et</strong></span> <span class='ocrx_word' id='word_1_145' title='bbox 1974 2927 2063 2986; x_wconf 84' lang='lat'><strong>40,</strong></span> <span class='ocrx_word' id='word_1_146' title='bbox 2085 2923 2144 2975; x_wconf 90' lang='lat' dir='ltr'><strong>in</strong></span> <span class='ocrx_word' id='word_1_147' title='bbox 2187 2940 2304 2991; x_wconf 88' lang='lat' dir='ltr'><strong>qua</strong></span> <span class='ocrx_word' id='word_1_148' title='bbox 2347 2924 2824 2978; x_wconf 88' lang='lat' dir='ltr'><strong>commentarium</strong></span> <span class='ocrx_word' id='word_1_149' title='bbox 2853 2921 3178 2994; x_wconf 86' lang='lat' dir='ltr'><strong>(ineditum)</strong></span> 
     </span>
    </p>

    <p class='ocr_par' dir='ltr' id='par_1_9' title="bbox 553 2991 3182 3494">
     <span class='ocr_line' id='line_1_16' title="bbox 627 2991 3182 3064; baseline 0 -19"><span class='ocrx_word' id='word_1_150' title='bbox 627 2992 762 3063; x_wconf 84' lang='lat' dir='ltr'><strong>Pag.</strong></span> <span class='ocrx_word' id='word_1_151' title='bbox 788 2997 875 3048; x_wconf 82' lang='grc'>45.</span> <span class='ocrx_word' id='word_1_152' title='bbox 929 2991 1284 3060; x_wconf 89' lang='lat' dir='ltr'><strong>Opusculum</strong></span> <span class='ocrx_word' id='word_1_153' title='bbox 1339 2991 1553 3046; x_wconf 89' lang='lat' dir='ltr'><strong>bellum</strong></span> <span class='ocrx_word' id='word_1_154' title='bbox 1604 2996 1666 3046; x_wconf 81' lang='lat' dir='ltr'><strong>de</strong></span> <span class='ocrx_word' id='word_1_155' title='bbox 1715 3012 1835 3048; x_wconf 80' lang='lat' dir='ltr'><strong>con·</strong></span> <span class='ocrx_word' id='word_1_156' title='bbox 1892 2994 1951 3046; x_wconf 89' lang='lat' dir='ltr'><strong>in</strong></span> <span class='ocrx_word' id='word_1_157' title='bbox 1981 3011 2065 3064; x_wconf 90' lang='lat' dir='ltr'><strong>ep.</strong></span> <span class='ocrx_word' id='word_1_158' title='bbox 2096 3013 2137 3047; x_wconf 92' lang='lat' dir='ltr'><strong>s.</strong></span> <span class='ocrx_word' id='word_1_159' title='bbox 2169 2994 2351 3059; x_wconf 80' lang='lat' dir='ltr'><strong>Pauli,</strong></span> <span class='ocrx_word' id='word_1_160' title='bbox 2397 2995 2497 3064; x_wconf 92' lang='lat' dir='ltr'><strong>qui</strong></span> <span class='ocrx_word' id='word_1_161' title='bbox 2542 3012 2576 3049; x_wconf 84' lang='lat' dir='ltr'><strong>a</strong></span> <span class='ocrx_word' id='word_1_162' title='bbox 2620 2994 2918 3060; x_wconf 78' lang='lat' dir='ltr'><strong>nonnullis</strong></span> <span class='ocrx_word' id='word_1_163' title='bbox 2961 2993 3182 3048; x_wconf 83' lang='lat' dir='ltr'><strong>solebat</strong></span> 
     </span>
     <span class='ocr_line' id='line_1_17' title="bbox 557 3063 3176 3135; baseline 0.002 -17"><span class='ocrx_word' id='word_1_164' title='bbox 557 3069 786 3133; x_wconf 72' lang='lat' dir='ltr'><strong>ceptione</strong></span> <span class='ocrx_word' id='word_1_165' title='bbox 808 3084 846 3120; x_wconf 81' lang='lat' dir='ltr'><strong>s.</strong></span> <span class='ocrx_word' id='word_1_166' title='bbox 881 3067 1094 3118; x_wconf 74' lang='lat' dir='ltr'><strong>Mariae</strong></span> <span class='ocrx_word' id='word_1_167' title='bbox 1129 3063 1264 3116; x_wconf 86' lang='lat' dir='ltr'><strong>olim</strong></span> <span class='ocrx_word' id='word_1_168' title='bbox 1294 3081 1334 3118; x_wconf 86' lang='lat' dir='ltr'><strong>s.</strong></span> <span class='ocrx_word' id='word_1_169' title='bbox 1362 3063 1629 3118; x_wconf 88' lang='lat' dir='ltr'><strong>Anselmo</strong></span> <span class='ocrx_word' id='word_1_170' title='bbox 1657 3065 1835 3119; x_wconf 89' lang='lat' dir='ltr'><strong>tribu·</strong></span> <span class='ocrx_word' id='word_1_171' title='bbox 1892 3066 2060 3119; x_wconf 81' lang='lat' dir='ltr'><strong>asseri</strong></span> <span class='ocrx_word' id='word_1_172' title='bbox 2090 3067 2135 3120; x_wconf 89' lang='lat' dir='ltr'>G</span> <span class='ocrx_word' id='word_1_173' title='bbox 2153 3066 2171 3118; x_wconf 93' lang='lat' dir='ltr'><strong>i</strong></span> <span class='ocrx_word' id='word_1_174' title='bbox 2190 3067 2208 3118; x_wconf 89' lang='grc'><strong>1</strong></span> <span class='ocrx_word' id='word_1_175' title='bbox 2228 3068 2260 3117; x_wconf 80' lang='lat' dir='ltr'><strong>b</strong></span> <span class='ocrx_word' id='word_1_176' title='bbox 2278 3071 2438 3121; x_wconf 91' lang='lat' dir='ltr'><strong>erto</strong></span> <span class='ocrx_word' id='word_1_177' title='bbox 2470 3067 2540 3120; x_wconf 92' lang='lat' dir='ltr'><strong>de</strong></span> <span class='ocrx_word' id='word_1_178' title='bbox 2567 3085 2608 3121; x_wconf 92' lang='lat' dir='ltr'><strong>s.</strong></span> <span class='ocrx_word' id='word_1_179' title='bbox 2636 3066 2898 3120; x_wconf 85' lang='lat' dir='ltr'><strong>Amando</strong></span> <span class='ocrx_word' id='word_1_180' title='bbox 2924 3069 2973 3135; x_wconf 79' lang='lat'><strong>(†</strong></span> <span class='ocrx_word' id='word_1_181' title='bbox 3000 3068 3176 3130; x_wconf 83' lang='grc'>1095),</span> 
     </span>
     <span class='ocr_line' id='line_1_18' title="bbox 555 3134 3180 3207; baseline 0 -18"><span class='ocrx_word' id='word_1_182' title='bbox 555 3138 681 3189; x_wconf 91' lang='lat' dir='ltr'><strong>tum</strong></span> <span class='ocrx_word' id='word_1_183' title='bbox 707 3137 793 3188; x_wconf 90' lang='lat' dir='ltr'><strong>est</strong></span> <span class='ocrx_word' id='word_1_184' title='bbox 816 3135 862 3187; x_wconf 86' lang='lat' dir='ltr'>E</span> <span class='ocrx_word' id='word_1_185' title='bbox 880 3153 912 3188; x_wconf 86' lang='lat' dir='ltr'><strong>a</strong></span> <span class='ocrx_word' id='word_1_186' title='bbox 928 3136 964 3189; x_wconf 91' lang='lat' dir='ltr'><strong>d</strong></span> <span class='ocrx_word' id='word_1_187' title='bbox 981 3154 1036 3188; x_wconf 91' lang='lat' dir='ltr'><strong>m</strong></span> <span class='ocrx_word' id='word_1_188' title='bbox 1055 3152 1083 3188; x_wconf 94' lang='lat' dir='ltr'><strong>e</strong></span> <span class='ocrx_word' id='word_1_189' title='bbox 1099 3152 1128 3187; x_wconf 89' lang='lat' dir='ltr'><strong>r</strong></span> <span class='ocrx_word' id='word_1_190' title='bbox 1141 3136 1175 3189; x_wconf 89' lang='lat' dir='ltr'><strong>i.</strong></span> <span class='ocrx_word' id='word_1_191' title='bbox 1207 3134 1526 3189; x_wconf 83' lang='lat' dir='ltr'><strong>Ediderunt</strong></span> <span class='ocrx_word' id='word_1_192' title='bbox 1539 3135 1688 3189; x_wconf 91' lang='lat' dir='ltr'><strong>illud</strong></span> <span class='ocrx_word' id='word_1_193' title='bbox 1705 3139 1838 3205; x_wconf 88' lang='lat' dir='ltr'><strong>post</strong></span> <span class='ocrx_word' id='word_1_194' title='bbox 1892 3136 2146 3192; x_wconf 84' lang='lat' dir='ltr'><strong>Gilberto</strong></span> <span class='ocrx_word' id='word_1_195' title='bbox 2157 3137 2466 3193; x_wconf 89' lang='lat' dir='ltr'><strong>Porretano</strong></span> <span class='ocrx_word' id='word_1_196' title='bbox 2481 3138 2752 3202; x_wconf 85' lang='lat' dir='ltr'><strong>vindicat,</strong></span> <span class='ocrx_word' id='word_1_197' title='bbox 2771 3136 3180 3207; x_wconf 78' lang='lat' dir='ltr'><strong>expositionem</strong></span> 
     </span>
     <span class='ocr_line' id='line_1_19' title="bbox 556 3206 3181 3280; baseline 0 -19"><span class='ocrx_word' id='word_1_198' title='bbox 556 3207 641 3261; x_wconf 91' lang='lat' dir='ltr'><strong>ed.</strong></span> <span class='ocrx_word' id='word_1_199' title='bbox 670 3206 861 3261; x_wconf 89' lang='lat' dir='ltr'><strong>minus</strong></span> <span class='ocrx_word' id='word_1_200' title='bbox 888 3206 1112 3261; x_wconf 87' lang='lat' dir='ltr'><strong>criticas</strong></span> <span class='ocrx_word' id='word_1_201' title='bbox 1130 3207 1380 3277; x_wconf 88' lang='lat' dir='ltr'><strong>primum</strong></span> <span class='ocrx_word' id='word_1_202' title='bbox 1398 3207 1470 3260; x_wconf 89' lang='lat' dir='ltr'><strong>ad</strong></span> <span class='ocrx_word' id='word_1_203' title='bbox 1487 3207 1647 3261; x_wconf 85' lang='lat' dir='ltr'><strong>codd.</strong></span> <span class='ocrx_word' id='word_1_204' title='bbox 1665 3208 1835 3261; x_wconf 89' lang='lat' dir='ltr'><strong>fidem</strong></span> <span class='ocrx_word' id='word_1_205' title='bbox 1894 3225 2024 3262; x_wconf 86' lang='lat' dir='ltr'><strong>vero</strong></span> <span class='ocrx_word' id='word_1_206' title='bbox 2052 3209 2285 3280; x_wconf 86' lang='lat' dir='ltr'><strong>(pariter</strong></span> <span class='ocrx_word' id='word_1_207' title='bbox 2309 3209 2604 3276; x_wconf 85' lang='lat' dir='ltr'><strong>ineditam)</strong></span> <span class='ocrx_word' id='word_1_208' title='bbox 2632 3210 2705 3264; x_wconf 85' lang='lat' dir='ltr'><strong>ad</strong></span> <span class='ocrx_word' id='word_1_209' title='bbox 2726 3210 2881 3264; x_wconf 89' lang='lat' dir='ltr'><strong>hunc</strong></span> <span class='ocrx_word' id='word_1_210' title='bbox 2901 3223 3181 3263; x_wconf 86' lang='lat' dir='ltr'><strong>commen·</strong></span> 
     </span>
     <span class='ocr_line' id='line_1_20' title="bbox 553 3277 3180 3351; baseline -0.001 -17"><span class='ocrx_word' id='word_1_211' title='bbox 553 3278 845 3348; x_wconf 83' lang='lat' dir='ltr'><strong>integrum</strong></span> <span class='ocrx_word' id='word_1_212' title='bbox 871 3278 1110 3349; x_wconf 84' lang='lat' dir='ltr'><strong>adjectis</strong></span> <span class='ocrx_word' id='word_1_213' title='bbox 1150 3279 1493 3348; x_wconf 84' lang='lat' dir='ltr'><strong>quibusdam</strong></span> <span class='ocrx_word' id='word_1_214' title='bbox 1535 3277 1836 3333; x_wconf 88' lang='lat' dir='ltr'><strong>documen·</strong></span> <span class='ocrx_word' id='word_1_215' title='bbox 1893 3281 2103 3333; x_wconf 85' lang='lat' dir='ltr'><strong>tarium</strong></span> <span class='ocrx_word' id='word_1_216' title='bbox 2149 3297 2246 3334; x_wconf 88' lang='lat' dir='ltr'><strong>seu</strong></span> <span class='ocrx_word' id='word_1_217' title='bbox 2292 3281 2559 3351; x_wconf 76' lang='lat' dir='ltr'><strong>glossam,</strong></span> <span class='ocrx_word' id='word_1_218' title='bbox 2608 3297 2756 3350; x_wconf 83' lang='lat' dir='ltr'><strong>quae</strong></span> <span class='ocrx_word' id='word_1_219' title='bbox 2802 3282 2907 3335; x_wconf 83' lang='lat' dir='ltr'><strong>sub</strong></span> <span class='ocrx_word' id='word_1_220' title='bbox 2935 3278 3180 3334; x_wconf 71' lang='lat' dir='ltr'><strong>Gilberfi</strong></span> 
     </span>
     <span class='ocr_line' id='line_1_21' title="bbox 557 3349 3181 3407; baseline 0.001 -4"><span class='ocrx_word' id='word_1_221' title='bbox 557 3349 630 3403; x_wconf 88' lang='lat' dir='ltr'><strong>tis</strong></span> <span class='ocrx_word' id='word_1_222' title='bbox 642 3350 962 3404; x_wconf 84' lang='lat' dir='ltr'><strong>coaetaneis</strong></span> <span class='ocrx_word' id='word_1_223' title='bbox 974 3349 1040 3404; x_wconf 88' lang='grc' dir='ltr'><strong>Η.</strong></span> <span class='ocrx_word' id='word_1_224' title='bbox 1055 3350 1341 3405; x_wconf 85' lang='lat' dir='ltr'><strong>Thurston</strong></span> <span class='ocrx_word' id='word_1_225' title='bbox 1365 3349 1530 3405; x_wconf 81' lang='lat' dir='ltr'><strong>etTh.</strong></span> <span class='ocrx_word' id='word_1_226' title='bbox 1551 3350 1736 3404; x_wconf 82' lang='lat' dir='ltr'><strong>Slater</strong></span> <span class='ocrx_word' id='word_1_227' title='bbox 1749 3351 1835 3407; x_wconf 83' lang='lat' dir='ltr'><strong>SJ.</strong></span> <span class='ocrx_word' id='word_1_228' title='bbox 1891 3351 2186 3406; x_wconf 89' lang='lat' dir='ltr'><strong>Porretani</strong></span> <span class='ocrx_word' id='word_1_229' title='bbox 2215 3354 2442 3406; x_wconf 86' lang='lat' dir='ltr'><strong>nomine</strong></span> <span class='ocrx_word' id='word_1_230' title='bbox 2460 3353 2702 3407; x_wconf 86' lang='lat' dir='ltr'><strong>subinde</strong></span> <span class='ocrx_word' id='word_1_231' title='bbox 2722 3353 2783 3405; x_wconf 89' lang='lat' dir='ltr'><strong>in</strong></span> <span class='ocrx_word' id='word_1_232' title='bbox 2804 3351 2966 3406; x_wconf 88' lang='lat' dir='ltr'><strong>codd.</strong></span> <span class='ocrx_word' id='word_1_233' title='bbox 2990 3367 3181 3405; x_wconf 87' lang='lat' dir='ltr'><strong>occur-</strong></span> 
     </span>
     <span class='ocr_line' id='line_1_22' title="bbox 558 3421 3181 3494; baseline 0 -19"><span class='ocrx_word' id='word_1_234' title='bbox 558 3421 829 3494; x_wconf 82' lang='lat' dir='ltr'><strong>Friburgi</strong></span> <span class='ocrx_word' id='word_1_235' title='bbox 857 3426 1014 3480; x_wconf 81' lang='lat'><strong>1904.</strong></span> <span class='ocrx_word' id='word_1_236' title='bbox 1892 3423 1982 3487; x_wconf 83' lang='lat' dir='ltr'><strong>rit,</strong></span> <span class='ocrx_word' id='word_1_237' title='bbox 2010 3441 2127 3477; x_wconf 88' lang='lat' dir='ltr'><strong>esse</strong></span> <span class='ocrx_word' id='word_1_238' title='bbox 2149 3423 2521 3493; x_wconf 83' lang='lat' dir='ltr'><strong>probabiliter</strong></span> <span class='ocrx_word' id='word_1_239' title='bbox 2538 3424 2759 3478; x_wconf 86' lang='lat' dir='ltr'><strong>Nicolai</strong></span> <span class='ocrx_word' id='word_1_240' title='bbox 2781 3422 3181 3478; x_wconf 76' lang='lat' dir='ltr'><strong>Ambianensis</strong></span> 
     </span>
    </p>

    <p class='ocr_par' dir='ltr' id='par_1_10' title="bbox 555 3493 3178 3778">
     <span class='ocr_line' id='line_1_23' title="bbox 626 3493 3079 3565; baseline 0 -18"><span class='ocrx_word' id='word_1_241' title='bbox 626 3493 762 3564; x_wconf 86' lang='lat' dir='ltr'><strong>Pag.</strong></span> <span class='ocrx_word' id='word_1_242' title='bbox 783 3499 870 3551; x_wconf 82' lang='lat'><strong>59.</strong></span> <span class='ocrx_word' id='word_1_243' title='bbox 906 3498 1080 3548; x_wconf 77' lang='lat' dir='ltr'><strong>Vitam</strong></span> <span class='ocrx_word' id='word_1_244' title='bbox 1098 3513 1140 3547; x_wconf 77' lang='lat' dir='ltr'><strong>s.</strong></span> <span class='ocrx_word' id='word_1_245' title='bbox 1163 3496 1408 3558; x_wconf 69' lang='lat' dir='ltr'><strong>Huaom‘s</strong></span> <span class='ocrx_word' id='word_1_246' title='bbox 1434 3496 1666 3549; x_wconf 86' lang='lat' dir='ltr'><strong>auctore</strong></span> <span class='ocrx_word' id='word_1_247' title='bbox 1684 3495 1728 3548; x_wconf 87' lang='lat' dir='ltr'>G</span> <span class='ocrx_word' id='word_1_248' title='bbox 1744 3494 1835 3548; x_wconf 87' lang='lat' dir='ltr'><strong>ui·</strong></span> <span class='ocrx_word' id='word_1_249' title='bbox 1892 3497 2016 3564; x_wconf 82' lang='lat' dir='ltr'><strong>ejus</strong></span> <span class='ocrx_word' id='word_1_250' title='bbox 2043 3494 2315 3564; x_wconf 86' lang='lat' dir='ltr'><strong>discipuli</strong></span> <span class='ocrx_word' id='word_1_251' title='bbox 2341 3499 2400 3550; x_wconf 90' lang='lat' dir='ltr'><strong>et</strong></span> <span class='ocrx_word' id='word_1_252' title='bbox 2425 3496 2763 3565; x_wconf 84' lang='lat' dir='ltr'><strong>expositoris</strong></span> <span class='ocrx_word' id='word_1_253' title='bbox 2789 3494 3079 3565; x_wconf 84' lang='lat' dir='ltr'><strong>opinatur.</strong></span> 
     </span>
     <span class='ocr_line' id='line_1_24' title="bbox 555 3564 3178 3648; baseline 0 -30"><span class='ocrx_word' id='word_1_254' title='bbox 555 3581 641 3635; x_wconf 87' lang='lat' dir='ltr'><strong>go</strong></span> <span class='ocrx_word' id='word_1_255' title='bbox 660 3585 695 3618; x_wconf 88' lang='lat' dir='ltr'><strong>n</strong></span> <span class='ocrx_word' id='word_1_256' title='bbox 713 3582 743 3620; x_wconf 92' lang='lat' dir='ltr'><strong>e</strong></span> <span class='ocrx_word' id='word_1_257' title='bbox 785 3565 964 3620; x_wconf 89' lang='lat' dir='ltr'><strong>edidit</strong></span> <span class='ocrx_word' id='word_1_258' title='bbox 1003 3564 1125 3620; x_wconf 83' lang='lat' dir='ltr'><strong>Car.</strong></span> <span class='ocrx_word' id='word_1_259' title='bbox 1153 3564 1338 3619; x_wconf 85' lang='lat' dir='ltr'><strong>Bellet</strong></span> <span class='ocrx_word' id='word_1_260' title='bbox 1380 3567 1687 3620; x_wconf 83' lang='lat' dir='ltr'><strong>canonicus</strong></span> <span class='ocrx_word' id='word_1_261' title='bbox 1713 3583 1837 3636; x_wconf 82' lang='lat' dir='ltr'><strong>gra·</strong></span> <span class='ocrx_word' id='word_1_262' title='bbox 1963 3567 2097 3648; x_wconf 77' lang='lat' dir='ltr'><strong>Pag.</strong></span> <span class='ocrx_word' id='word_1_263' title='bbox 2125 3571 2244 3623; x_wconf 80' lang='lat'><strong>126.</strong></span> <span class='ocrx_word' id='word_1_264' title='bbox 2299 3567 2380 3621; x_wconf 77' lang='lat' dir='ltr'><strong>Cf.</strong></span> <span class='ocrx_word' id='word_1_265' title='bbox 2409 3566 2461 3622; x_wconf 88' lang='lat' dir='ltr'><strong>J.</strong></span> <span class='ocrx_word' id='word_1_266' title='bbox 2490 3567 2812 3622; x_wconf 86' lang='lat' dir='ltr'><strong>Schmidlin</strong></span> <span class='ocrx_word' id='word_1_267' title='bbox 2856 3565 2960 3620; x_wconf 91' lang='lat' dir='ltr'><strong>Die</strong></span> <span class='ocrx_word' id='word_1_268' title='bbox 2988 3564 3178 3619; x_wconf 89' lang='lat' dir='ltr'><strong>Philo-</strong></span> 
     </span>
     <span class='ocr_line' id='line_1_25' title="bbox 555 3636 3176 3708; baseline 0 -18"><span class='ocrx_word' id='word_1_269' title='bbox 555 3636 1011 3706; x_wconf 86' lang='lat' dir='ltr'><strong>tianopolitanus</strong></span> <span class='ocrx_word' id='word_1_270' title='bbox 1027 3637 1342 3692; x_wconf 86' lang='lat' dir='ltr'><strong>Monstrolii</strong></span> <span class='ocrx_word' id='word_1_271' title='bbox 1356 3641 1495 3694; x_wconf 82' lang='grc'>1889</span> <span class='ocrx_word' id='word_1_272' title='bbox 1517 3638 1578 3690; x_wconf 89' lang='lat' dir='ltr'><strong>in</strong></span> <span class='ocrx_word' id='word_1_273' title='bbox 1594 3643 1662 3702; x_wconf 78' lang='grc'>4.,</span> <span class='ocrx_word' id='word_1_274' title='bbox 1690 3654 1837 3706; x_wconf 79' lang='lat' dir='ltr'><strong>quae</strong></span> <span class='ocrx_word' id='word_1_275' title='bbox 1893 3638 2093 3707; x_wconf 73' lang='lat' dir='ltr'><strong>sophie</strong></span> <span class='ocrx_word' id='word_1_276' title='bbox 2111 3639 2273 3693; x_wconf 89' lang='lat' dir='ltr'><strong>Ottos</strong></span> <span class='ocrx_word' id='word_1_277' title='bbox 2289 3655 2400 3693; x_wconf 82' lang='lat' dir='ltr'><strong>von</strong></span> <span class='ocrx_word' id='word_1_278' title='bbox 2415 3638 2744 3708; x_wconf 85' lang='lat' dir='ltr'><strong>Freisingin</strong></span> <span class='ocrx_word' id='word_1_279' title='bbox 2756 3637 2966 3693; x_wconf 88' lang='lat' dir='ltr'><strong>Philos.</strong></span> <span class='ocrx_word' id='word_1_280' title='bbox 2979 3637 3176 3691; x_wconf 81' lang='lat' dir='ltr'><strong>Jahrb.</strong></span> 
     </span>
     <span class='ocr_line' id='line_1_26' title="bbox 557 3707 2457 3778; baseline 0.001 -16"><span class='ocrx_word' id='word_1_281' title='bbox 557 3709 642 3762; x_wconf 90' lang='lat' dir='ltr'><strong>ed.</strong></span> <span class='ocrx_word' id='word_1_282' title='bbox 672 3711 757 3762; x_wconf 90' lang='lat' dir='ltr'><strong>est</strong></span> <span class='ocrx_word' id='word_1_283' title='bbox 782 3707 1099 3778; x_wconf 86' lang='lat' dir='ltr'><strong>splendida.</strong></span> <span class='ocrx_word' id='word_1_284' title='bbox 1895 3713 2033 3766; x_wconf 90' lang='grc'>1905</span> <span class='ocrx_word' id='word_1_285' title='bbox 2062 3709 2130 3773; x_wconf 93' lang='lat' dir='ltr'><strong>II,</strong></span> <span class='ocrx_word' id='word_1_286' title='bbox 2158 3713 2457 3767; x_wconf 82' lang='lat'><strong>156—175.</strong></span> 
     </span>
    </p>

    <p class='ocr_par' dir='ltr' id='par_1_11' title="bbox 547 3777 3183 4782">
     <span class='ocr_line' id='line_1_27' title="bbox 626 3777 3179 3850; baseline 0.001 -18"><span class='ocrx_word' id='word_1_287' title='bbox 626 3779 760 3849; x_wconf 83' lang='lat' dir='ltr'><strong>Pag.</strong></span> <span class='ocrx_word' id='word_1_288' title='bbox 789 3785 872 3838; x_wconf 86' lang='lat'><strong>79.</strong></span> <span class='ocrx_word' id='word_1_289' title='bbox 901 3780 1159 3834; x_wconf 82' lang='lat' dir='ltr'><strong>Diximus</strong></span> <span class='ocrx_word' id='word_1_290' title='bbox 1179 3779 1409 3843; x_wconf 87' lang='lat' dir='ltr'><strong>ibidem,</strong></span> <span class='ocrx_word' id='word_1_291' title='bbox 1431 3777 1647 3833; x_wconf 86' lang='lat' dir='ltr'><strong>Denifle</strong></span> <span class='ocrx_word' id='word_1_292' title='bbox 1670 3784 1837 3846; x_wconf 80' lang='lat' dir='ltr'><strong>Quae·</strong></span> <span class='ocrx_word' id='word_1_293' title='bbox 1965 3780 2101 3850; x_wconf 85' lang='lat' dir='ltr'><strong>Pag.</strong></span> <span class='ocrx_word' id='word_1_294' title='bbox 2131 3784 2251 3837; x_wconf 79' lang='lat'><strong>148.</strong></span> <span class='ocrx_word' id='word_1_295' title='bbox 2286 3780 2339 3835; x_wconf 70' lang='lat' dir='ltr'><strong>F.</strong></span> <span class='ocrx_word' id='word_1_296' title='bbox 2368 3780 2455 3836; x_wconf 90' lang='lat' dir='ltr'><strong>W.</strong></span> <span class='ocrx_word' id='word_1_297' title='bbox 2486 3781 2547 3835; x_wconf 83' lang='lat' dir='ltr'><strong>E.</strong></span> <span class='ocrx_word' id='word_1_298' title='bbox 2575 3781 2725 3835; x_wconf 87' lang='lat' dir='ltr'><strong>Roth</strong></span> <span class='ocrx_word' id='word_1_299' title='bbox 2745 3779 2937 3834; x_wconf 69' lang='lat' dir='ltr'><strong>edidit</strong></span> <span class='ocrx_word' id='word_1_300' title='bbox 2960 3796 3027 3834; x_wconf 85' lang='lat' dir='ltr'><strong>ex</strong></span> <span class='ocrx_word' id='word_1_301' title='bbox 3054 3779 3179 3836; x_wconf 82' lang='lat' dir='ltr'><strong>cod.</strong></span> 
     </span>
     <span class='ocr_line' id='line_1_28' title="bbox 554 3851 3182 3981; baseline 0 -5"><span class='ocrx_word' id='word_1_302' title='bbox 554 3858 933 3977; x_wconf 49' lang='lat' dir='ltr'><strong>{³3³3ssssssss</strong></span> <span class='ocrx_word' id='word_1_303' title='bbox 971 3856 1281 3976; x_wconf 47' lang='grc' dir='ltr'>91νεῖέῖΞὲ</span> <span class='ocrx_word' id='word_1_304' title='bbox 1311 3851 1838 3977; x_wconf 54' lang='grc' dir='ltr'><strong>’ἶ“ἕῑὶ.ἰξ’ζ.ἳ.ἐέἓῖἓ</strong></span> <span class='ocrx_word' id='word_1_305' title='bbox 1894 3851 3182 3981; x_wconf 50' lang='grc' dir='ltr'><strong>Ξὶἳεέἒ.ἒ.ῗῖἰ;ἓξῶ1.ἶὲἰὲῗὲἓῗθὲνῧῗ·</strong></span> 
     </span>
     <span class='ocr_line' id='line_1_29' title="bbox 554 3993 3177 4064; baseline 0 -16"><span class='ocrx_word' id='word_1_306' title='bbox 554 4012 645 4064; x_wconf 88' lang='lat' dir='ltr'><strong>op.</strong></span> <span class='ocrx_word' id='word_1_307' title='bbox 721 3995 889 4049; x_wconf 86' lang='lat' dir='ltr'><strong>uther</strong></span> <span class='ocrx_word' id='word_1_308' title='bbox 917 3995 1034 4047; x_wconf 88' lang='lat' dir='ltr'><strong>und</strong></span> <span class='ocrx_word' id='word_1_309' title='bbox 1063 3994 1403 4048; x_wconf 87' lang='lat' dir='ltr'><strong>Luthertum</strong></span> <span class='ocrx_word' id='word_1_310' title='bbox 1431 3995 1492 4046; x_wconf 90' lang='lat' dir='ltr'><strong>in</strong></span> <span class='ocrx_word' id='word_1_311' title='bbox 1523 3993 1623 4047; x_wconf 90' lang='lat' dir='ltr'><strong>der</strong></span> <span class='ocrx_word' id='word_1_312' title='bbox 1652 3999 1838 4048; x_wconf 83' lang='lat' dir='ltr'><strong>ersten</strong></span> <span class='ocrx_word' id='word_1_313' title='bbox 1893 3999 2174 4052; x_wconf 81' lang='lat'>242—311</span> <span class='ocrx_word' id='word_1_314' title='bbox 2222 3996 2494 4064; x_wconf 78' lang='lat' dir='ltr'><strong>epistolas</strong></span> <span class='ocrx_word' id='word_1_315' title='bbox 2519 4000 2588 4053; x_wconf 84' lang='lat'><strong>73</strong></span> <span class='ocrx_word' id='word_1_316' title='bbox 2634 4013 2748 4049; x_wconf 87' lang='lat' dir='ltr'><strong>non</strong></span> <span class='ocrx_word' id='word_1_317' title='bbox 2791 3994 3027 4050; x_wconf 85' lang='lat' dir='ltr'><strong>inutiles</strong></span> <span class='ocrx_word' id='word_1_318' title='bbox 3073 4012 3177 4064; x_wconf 89' lang='lat' dir='ltr'><strong>pro</strong></span> 
     </span>
     <span class='ocr_line' id='line_1_30' title="bbox 557 4065 3176 4137; baseline 0 -18"><span class='ocrx_word' id='word_1_319' title='bbox 557 4065 1000 4135; x_wconf 82' lang='lat' dir='ltr'><strong>Entwickelung</strong></span> <span class='ocrx_word' id='word_1_320' title='bbox 1024 4066 1111 4120; x_wconf 89' lang='lat' dir='ltr'><strong>ed.</strong></span> <span class='ocrx_word' id='word_1_321' title='bbox 1139 4071 1188 4121; x_wconf 79' lang='lat'><strong>2.</strong></span> <span class='ocrx_word' id='word_1_322' title='bbox 1215 4071 1260 4121; x_wconf 89' lang='lat'><strong>1.</strong></span> <span class='ocrx_word' id='word_1_323' title='bbox 1278 4065 1380 4120; x_wconf 90' lang='lat' dir='ltr'><strong>Bd.</strong></span> <span class='ocrx_word' id='word_1_324' title='bbox 1408 4071 1458 4121; x_wconf 79' lang='lat'><strong>2.</strong></span> <span class='ocrx_word' id='word_1_325' title='bbox 1478 4068 1648 4119; x_wconf 87' lang='lat' dir='ltr'><strong>Abth.</strong></span> <span class='ocrx_word' id='word_1_326' title='bbox 1673 4065 1837 4131; x_wconf 81' lang='lat' dir='ltr'><strong>Quel·</strong></span> <span class='ocrx_word' id='word_1_327' title='bbox 1893 4065 2131 4119; x_wconf 80' lang='lat' dir='ltr'><strong>historia</strong></span> <span class='ocrx_word' id='word_1_328' title='bbox 2171 4083 2276 4120; x_wconf 88' lang='lat' dir='ltr'><strong>sec.</strong></span> <span class='ocrx_word' id='word_1_329' title='bbox 2316 4066 2437 4120; x_wconf 87' lang='lat' dir='ltr'><strong>X11.</strong></span> <span class='ocrx_word' id='word_1_330' title='bbox 2477 4067 2821 4121; x_wconf 82' lang='lat' dir='ltr'><strong>Udalrici</strong></span> <span class='ocrx_word' id='word_1_331' title='bbox 2862 4065 3176 4137; x_wconf 82' lang='lat' dir='ltr'><strong>(Othelrici)</strong></span> 
     </span>
     <span class='ocr_line' id='line_1_31' title="bbox 556 4137 3179 4206; baseline -0 -15"><span class='ocrx_word' id='word_1_332' title='bbox 556 4138 853 4206; x_wconf 86' lang='lat' dir='ltr'><strong>lenbelege</strong></span> <span class='ocrx_word' id='word_1_333' title='bbox 895 4137 947 4191; x_wconf 89' lang='lat' dir='ltr'><strong>S.</strong></span> <span class='ocrx_word' id='word_1_334' title='bbox 990 4141 1058 4194; x_wconf 84' lang='lat'><strong>65</strong></span> <span class='ocrx_word' id='word_1_335' title='bbox 1100 4155 1140 4192; x_wconf 90' lang='lat' dir='ltr'><strong>s.</strong></span> <span class='ocrx_word' id='word_1_336' title='bbox 1183 4137 1574 4206; x_wconf 85' lang='lat' dir='ltr'><strong>quaestionem</strong></span> <span class='ocrx_word' id='word_1_337' title='bbox 1625 4138 1837 4192; x_wconf 88' lang='lat' dir='ltr'><strong>iterum</strong></span> <span class='ocrx_word' id='word_1_338' title='bbox 1894 4137 2117 4192; x_wconf 81' lang='lat' dir='ltr'><strong>abbatis</strong></span> <span class='ocrx_word' id='word_1_339' title='bbox 2142 4138 2378 4192; x_wconf 89' lang='lat' dir='ltr'><strong>secundi</strong></span> <span class='ocrx_word' id='word_1_340' title='bbox 2419 4138 2843 4192; x_wconf 86' lang='lat' dir='ltr'><strong>steinfeldensis</strong></span> <span class='ocrx_word' id='word_1_341' title='bbox 2870 4140 2931 4194; x_wconf 91' lang='lat' dir='ltr'><strong>O.</strong></span> <span class='ocrx_word' id='word_1_342' title='bbox 2959 4138 3179 4193; x_wconf 86' lang='lat' dir='ltr'><strong>Praem.</strong></span> 
     </span>
     <span class='ocr_line' id='line_1_32' title="bbox 553 4209 3181 4282; baseline 0 -19"><span class='ocrx_word' id='word_1_343' title='bbox 553 4212 779 4273; x_wconf 78' lang='lat' dir='ltr'><strong>tractat,</strong></span> <span class='ocrx_word' id='word_1_344' title='bbox 824 4210 1147 4276; x_wconf 83' lang='lat' dir='ltr'><strong>iterumque</strong></span> <span class='ocrx_word' id='word_1_345' title='bbox 1195 4213 1368 4276; x_wconf 75' lang='lat' dir='ltr'><strong>negat</strong></span> <span class='ocrx_word' id='word_1_346' title='bbox 1412 4225 1506 4261; x_wconf 82' lang='lat' dir='ltr'><strong>eas</strong></span> <span class='ocrx_word' id='word_1_347' title='bbox 1545 4225 1662 4262; x_wconf 79' lang='lat' dir='ltr'><strong>esse</strong></span> <span class='ocrx_word' id='word_1_348' title='bbox 1709 4211 1836 4262; x_wconf 84' lang='lat' dir='ltr'><strong>Hu-</strong></span> <span class='ocrx_word' id='word_1_349' title='bbox 1894 4209 2140 4263; x_wconf 86' lang='lat' dir='ltr'><strong>Natione</strong></span> <span class='ocrx_word' id='word_1_350' title='bbox 2168 4216 2290 4263; x_wconf 85' lang='lat' dir='ltr'><strong>erat</strong></span> <span class='ocrx_word' id='word_1_351' title='bbox 2304 4210 2493 4282; x_wconf 86' lang='lat' dir='ltr'><strong>gallus</strong></span> <span class='ocrx_word' id='word_1_352' title='bbox 2509 4229 2564 4264; x_wconf 91' lang='lat' dir='ltr'><strong>n.</strong></span> <span class='ocrx_word' id='word_1_353' title='bbox 2582 4227 2626 4264; x_wconf 89' lang='lat' dir='ltr'><strong>c.</strong></span> <span class='ocrx_word' id='word_1_354' title='bbox 2645 4213 2804 4274; x_wconf 86' lang='lat'><strong>1115,</strong></span> <span class='ocrx_word' id='word_1_355' title='bbox 2831 4213 3006 4278; x_wconf 86' lang='lat' dir='ltr'><strong>atque</strong></span> <span class='ocrx_word' id='word_1_356' title='bbox 3023 4225 3181 4279; x_wconf 83' lang='lat' dir='ltr'><strong>prae·</strong></span> 
     </span>
     <span class='ocr_line' id='line_1_33' title="bbox 551 4278 3181 4352; baseline -0.001 -18"><span class='ocrx_word' id='word_1_357' title='bbox 551 4298 637 4352; x_wconf 84' lang='lat' dir='ltr'><strong>go</strong></span> <span class='ocrx_word' id='word_1_358' title='bbox 656 4280 726 4332; x_wconf 90' lang='lat' dir='ltr'><strong>ni</strong></span> <span class='ocrx_word' id='word_1_359' title='bbox 745 4299 787 4344; x_wconf 85' lang='lat' dir='ltr'><strong>s,</strong></span> <span class='ocrx_word' id='word_1_360' title='bbox 815 4280 910 4334; x_wconf 89' lang='lat' dir='ltr'><strong>sed</strong></span> <span class='ocrx_word' id='word_1_361' title='bbox 942 4279 1033 4333; x_wconf 87' lang='lat' dir='ltr'><strong>vel</strong></span> <span class='ocrx_word' id='word_1_362' title='bbox 1060 4278 1380 4333; x_wconf 83' lang='lat' dir='ltr'><strong>Walteri</strong></span> <span class='ocrx_word' id='word_1_363' title='bbox 1407 4280 1612 4349; x_wconf 87' lang='lat' dir='ltr'><strong>prioris</strong></span> <span class='ocrx_word' id='word_1_364' title='bbox 1640 4299 1681 4334; x_wconf 81' lang='lat' dir='ltr'><strong>s,</strong></span> <span class='ocrx_word' id='word_1_365' title='bbox 1717 4281 1835 4334; x_wconf 86' lang='lat' dir='ltr'><strong>Vic-</strong></span> <span class='ocrx_word' id='word_1_366' title='bbox 1894 4280 2009 4333; x_wconf 86' lang='lat' dir='ltr'><strong>fuit</strong></span> <span class='ocrx_word' id='word_1_367' title='bbox 2034 4297 2168 4334; x_wconf 89' lang='lat' dir='ltr'><strong>suae</strong></span> <span class='ocrx_word' id='word_1_368' title='bbox 2196 4282 2469 4336; x_wconf 79' lang='lat' dir='ltr'><strong>canoniae</strong></span> <span class='ocrx_word' id='word_1_369' title='bbox 2495 4281 2569 4335; x_wconf 86' lang='lat' dir='ltr'><strong>ad</strong></span> <span class='ocrx_word' id='word_1_370' title='bbox 2596 4301 2644 4337; x_wconf 84' lang='lat' dir='ltr'><strong>a.</strong></span> <span class='ocrx_word' id='word_1_371' title='bbox 2666 4287 2716 4338; x_wconf 88' lang='grc'>5.</span> <span class='ocrx_word' id='word_1_372' title='bbox 2738 4280 2868 4334; x_wconf 88' lang='lat' dir='ltr'><strong>Jan.</strong></span> <span class='ocrx_word' id='word_1_373' title='bbox 2891 4285 3047 4338; x_wconf 84' lang='lat'><strong>1170.</strong></span> <span class='ocrx_word' id='word_1_374' title='bbox 3078 4280 3181 4334; x_wconf 85' lang='lat' dir='ltr'><strong>Vir</strong></span> 
     </span>
     <span class='ocr_line' id='line_1_34' title="bbox 553 4351 3183 4477; baseline 0 -71"><span class='ocrx_word' id='word_1_375' title='bbox 553 4353 690 4406; x_wconf 87' lang='lat' dir='ltr'><strong>toris</strong></span> <span class='ocrx_word' id='word_1_376' title='bbox 685 4352 805 4477; x_wconf 42' lang='lat' dir='ltr'><strong>x§de</strong></span> <span class='ocrx_word' id='word_1_377' title='bbox 833 4368 947 4420; x_wconf 91' lang='lat' dir='ltr'><strong>quo</strong></span> <span class='ocrx_word' id='word_1_378' title='bbox 975 4352 1045 4406; x_wconf 87' lang='lat' dir='ltr'><strong>cf.</strong></span> <span class='ocrx_word' id='word_1_379' title='bbox 1072 4351 1225 4405; x_wconf 86' lang='lat' dir='ltr'><strong>infra</strong></span> <span class='ocrx_word' id='word_1_380' title='bbox 1250 4370 1306 4420; x_wconf 87' lang='lat' dir='ltr'><strong>p.</strong></span> <span class='ocrx_word' id='word_1_381' title='bbox 1327 4356 1435 4421; x_wconf 82' lang='lat'><strong>95),</strong></span> <span class='ocrx_word' id='word_1_382' title='bbox 1463 4352 1550 4405; x_wconf 86' lang='lat' dir='ltr'><strong>vel</strong></span> <span class='ocrx_word' id='word_1_383' title='bbox 1570 4352 1834 4406; x_wconf 85' lang='lat' dir='ltr'><strong>Richardi</strong></span> <span class='ocrx_word' id='word_1_384' title='bbox 1894 4355 2018 4406; x_wconf 86' lang='lat' dir='ltr'><strong>erat</strong></span> <span class='ocrx_word' id='word_1_385' title='bbox 2043 4370 2145 4406; x_wconf 86' lang='lat' dir='ltr'><strong>sua</strong></span> <span class='ocrx_word' id='word_1_386' title='bbox 2171 4357 2358 4407; x_wconf 85' lang='lat' dir='ltr'><strong>aetate</strong></span> <span class='ocrx_word' id='word_1_387' title='bbox 2386 4369 2627 4424; x_wconf 84' lang='lat' dir='ltr'><strong>magnae</strong></span> <span class='ocrx_word' id='word_1_388' title='bbox 2649 4352 3025 4417; x_wconf 80' lang='lat' dir='ltr'><strong>auctoritatis,</strong></span> <span class='ocrx_word' id='word_1_389' title='bbox 3046 4352 3183 4406; x_wconf 87' lang='lat' dir='ltr'><strong>hinc</strong></span> 
     </span>
     <span class='ocr_line' id='line_1_35' title="bbox 552 4423 3182 4495; baseline -0 -19"><span class='ocrx_word' id='word_1_390' title='bbox 552 4441 587 4476; x_wconf 87' lang='lat' dir='ltr'><strong>a</strong></span> <span class='ocrx_word' id='word_1_391' title='bbox 614 4441 655 4477; x_wconf 87' lang='lat' dir='ltr'><strong>s.</strong></span> <span class='ocrx_word' id='word_1_392' title='bbox 704 4427 707 4430; x_wconf 76' lang='grc'>’</span> <span class='ocrx_word' id='word_1_393' title='bbox 734 4424 928 4487; x_wconf 87' lang='lat' dir='ltr'><strong>ictore,</strong></span> <span class='ocrx_word' id='word_1_394' title='bbox 971 4424 1090 4495; x_wconf 91' lang='lat' dir='ltr'><strong>(qui</strong></span> <span class='ocrx_word' id='word_1_395' title='bbox 1119 4423 1262 4477; x_wconf 90' lang='lat' dir='ltr'><strong>obiit</strong></span> <span class='ocrx_word' id='word_1_396' title='bbox 1288 4423 1599 4477; x_wconf 85' lang='lat' dir='ltr'><strong>secundum</strong></span> <span class='ocrx_word' id='word_1_397' title='bbox 1641 4423 1833 4492; x_wconf 87' lang='lat' dir='ltr'><strong>ipsum</strong></span> <span class='ocrx_word' id='word_1_398' title='bbox 1892 4439 1956 4476; x_wconf 84' lang='lat' dir='ltr'><strong>ex</strong></span> <span class='ocrx_word' id='word_1_399' title='bbox 2020 4423 2200 4478; x_wconf 72' lang='lat' dir='ltr'><strong>literis</strong></span> <span class='ocrx_word' id='word_1_400' title='bbox 2264 4425 2380 4478; x_wconf 84' lang='lat' dir='ltr'><strong>suis</strong></span> <span class='ocrx_word' id='word_1_401' title='bbox 2444 4425 2725 4493; x_wconf 84' lang='lat' dir='ltr'><strong>quaedam</strong></span> <span class='ocrx_word' id='word_1_402' title='bbox 2786 4424 3182 4478; x_wconf 84' lang='lat' dir='ltr'><strong>inscribuntur</strong></span> 
     </span>
     <span class='ocr_line' id='line_1_36' title="bbox 553 4494 3179 4576; baseline -0.002 -24"><span class='ocrx_word' id='word_1_403' title='bbox 553 4501 709 4554; x_wconf 86' lang='lat'><strong>1171.</strong></span> <span class='ocrx_word' id='word_1_404' title='bbox 737 4498 794 4548; x_wconf 91' lang='lat' dir='ltr'><strong>et</strong></span> <span class='ocrx_word' id='word_1_405' title='bbox 820 4494 888 4548; x_wconf 89' lang='lat' dir='ltr'><strong>de</strong></span> <span class='ocrx_word' id='word_1_406' title='bbox 916 4512 1031 4563; x_wconf 89' lang='lat' dir='ltr'><strong>quo</strong></span> <span class='ocrx_word' id='word_1_407' title='bbox 1060 4496 1129 4549; x_wconf 89' lang='lat' dir='ltr'><strong>cf.</strong></span> <span class='ocrx_word' id='word_1_408' title='bbox 1156 4494 1308 4547; x_wconf 80' lang='lat' dir='ltr'><strong>infra</strong></span> <span class='ocrx_word' id='word_1_409' title='bbox 1336 4513 1391 4564; x_wconf 89' lang='lat' dir='ltr'><strong>p.</strong></span> <span class='ocrx_word' id='word_1_410' title='bbox 1421 4500 1564 4560; x_wconf 85' lang='grc'>159),</span> <span class='ocrx_word' id='word_1_411' title='bbox 1593 4495 1680 4549; x_wconf 84' lang='lat' dir='ltr'><strong>vel</strong></span> <span class='ocrx_word' id='word_1_412' title='bbox 1710 4512 1836 4564; x_wconf 81' lang='lat' dir='ltr'><strong>pro-</strong></span> <span class='ocrx_word' id='word_1_413' title='bbox 1898 4494 2151 4576; x_wconf 61' lang='lat' dir='ltr'><strong>[fingenio</strong></span> <span class='ocrx_word' id='word_1_414' title='bbox 2182 4497 2272 4550; x_wconf 86' lang='grc' dir='ltr'>ΙΙΙ.</span> <span class='ocrx_word' id='word_1_415' title='bbox 2302 4500 2361 4550; x_wconf 91' lang='lat' dir='ltr'><strong>et</strong></span> <span class='ocrx_word' id='word_1_416' title='bbox 2387 4496 2676 4551; x_wconf 82' lang='lat' dir='ltr'><strong>Hadriano</strong></span> <span class='ocrx_word' id='word_1_417' title='bbox 2705 4496 2798 4550; x_wconf 88' lang='lat' dir='ltr'><strong>IV.</strong></span> <span class='ocrx_word' id='word_1_418' title='bbox 2852 4495 2933 4549; x_wconf 88' lang='lat' dir='ltr'><strong>De</strong></span> <span class='ocrx_word' id='word_1_419' title='bbox 2973 4496 3043 4549; x_wconf 89' lang='lat' dir='ltr'><strong>iis</strong></span> <span class='ocrx_word' id='word_1_420' title='bbox 3069 4495 3179 4549; x_wconf 89' lang='lat' dir='ltr'><strong>dis·</strong></span> 
     </span>
     <span class='ocr_line' id='line_1_37' title="bbox 548 4566 3178 4637; baseline 0.001 -18"><span class='ocrx_word' id='word_1_421' title='bbox 548 4567 797 4622; x_wconf 85' lang='lat' dir='ltr'><strong>habilius</strong></span> <span class='ocrx_word' id='word_1_422' title='bbox 836 4566 1038 4621; x_wconf 88' lang='lat' dir='ltr'><strong>incerti</strong></span> <span class='ocrx_word' id='word_1_423' title='bbox 1083 4566 1383 4635; x_wconf 81' lang='lat' dir='ltr'><strong>cujusdam</strong></span> <span class='ocrx_word' id='word_1_424' title='bbox 1423 4568 1687 4633; x_wconf 84' lang='lat' dir='ltr'><strong>auctoris,</strong></span> <span class='ocrx_word' id='word_1_425' title='bbox 1734 4567 1834 4634; x_wconf 91' lang='lat' dir='ltr'><strong>qui</strong></span> <span class='ocrx_word' id='word_1_426' title='bbox 1892 4569 2029 4620; x_wconf 83' lang='lat' dir='ltr'><strong>sent</strong></span> <span class='ocrx_word' id='word_1_427' title='bbox 2054 4567 2228 4621; x_wconf 86' lang='lat' dir='ltr'><strong>etiam</strong></span> <span class='ocrx_word' id='word_1_428' title='bbox 2255 4568 2584 4637; x_wconf 87' lang='lat' dir='ltr'><strong>Alphonsus</strong></span> <span class='ocrx_word' id='word_1_429' title='bbox 2610 4567 2725 4621; x_wconf 68' lang='lat' dir='ltr'><strong>Zak</strong></span> <span class='ocrx_word' id='word_1_430' title='bbox 2760 4570 2820 4622; x_wconf 87' lang='lat' dir='ltr'><strong>O.</strong></span> <span class='ocrx_word' id='word_1_431' title='bbox 2858 4566 3077 4621; x_wconf 80' lang='lat' dir='ltr'><strong>Praetu.</strong></span> <span class='ocrx_word' id='word_1_432' title='bbox 3117 4566 3178 4620; x_wconf 90' lang='lat' dir='ltr'><strong>in</strong></span> 
     </span>
     <span class='ocr_line' id='line_1_38' title="bbox 547 4636 3181 4694; baseline 0 -3"><span class='ocrx_word' id='word_1_433' title='bbox 547 4638 699 4693; x_wconf 88' lang='lat' dir='ltr'><strong>inter</strong></span> <span class='ocrx_word' id='word_1_434' title='bbox 725 4638 955 4693; x_wconf 87' lang='lat' dir='ltr'><strong>Petrum</strong></span> <span class='ocrx_word' id='word_1_435' title='bbox 974 4637 1356 4693; x_wconf 84' lang='lat' dir='ltr'><strong>Lombardum</strong></span> <span class='ocrx_word' id='word_1_436' title='bbox 1375 4641 1433 4692; x_wconf 89' lang='lat' dir='ltr'><strong>et</strong></span> <span class='ocrx_word' id='word_1_437' title='bbox 1446 4638 1677 4692; x_wconf 90' lang='lat' dir='ltr'><strong>Petrum</strong></span> <span class='ocrx_word' id='word_1_438' title='bbox 1695 4638 1835 4693; x_wconf 82' lang='lat' dir='ltr'><strong>Can·</strong></span> <span class='ocrx_word' id='word_1_439' title='bbox 1892 4638 2133 4692; x_wconf 87' lang='lat' dir='ltr'><strong>Studien</strong></span> <span class='ocrx_word' id='word_1_440' title='bbox 2154 4640 2274 4693; x_wconf 88' lang='lat' dir='ltr'><strong>und</strong></span> <span class='ocrx_word' id='word_1_441' title='bbox 2302 4639 2490 4694; x_wconf 86' lang='lat' dir='ltr'><strong>Mitth.</strong></span> <span class='ocrx_word' id='word_1_442' title='bbox 2519 4657 2624 4693; x_wconf 86' lang='lat' dir='ltr'><strong>aus</strong></span> <span class='ocrx_word' id='word_1_443' title='bbox 2643 4641 2771 4694; x_wconf 90' lang='lat' dir='ltr'><strong>dem</strong></span> <span class='ocrx_word' id='word_1_444' title='bbox 2801 4638 2936 4694; x_wconf 88' lang='lat' dir='ltr'><strong>Ben.</strong></span> <span class='ocrx_word' id='word_1_445' title='bbox 2965 4657 3021 4692; x_wconf 90' lang='lat' dir='ltr'><strong>u.</strong></span> <span class='ocrx_word' id='word_1_446' title='bbox 3050 4636 3181 4692; x_wconf 86' lang='lat' dir='ltr'><strong>dem</strong></span> 
     </span>
     <span class='ocr_line' id='line_1_39' title="bbox 549 4709 3012 4782; baseline 0 -17"><span class='ocrx_word' id='word_1_447' title='bbox 549 4713 728 4765; x_wconf 87' lang='lat' dir='ltr'><strong>torem</strong></span> <span class='ocrx_word' id='word_1_448' title='bbox 781 4711 1051 4765; x_wconf 85' lang='lat' dir='ltr'><strong>floruerit.</strong></span> <span class='ocrx_word' id='word_1_449' title='bbox 1119 4709 1275 4763; x_wconf 89' lang='lat' dir='ltr'><strong>Idem</strong></span> <span class='ocrx_word' id='word_1_450' title='bbox 1327 4709 1543 4764; x_wconf 89' lang='lat' dir='ltr'><strong>Denifle</strong></span> <span class='ocrx_word' id='word_1_451' title='bbox 1596 4727 1685 4780; x_wconf 87' lang='lat' dir='ltr'><strong>op.</strong></span> <span class='ocrx_word' id='word_1_452' title='bbox 1740 4710 1833 4764; x_wconf 90' lang='lat' dir='ltr'><strong>cit.</strong></span> <span class='ocrx_word' id='word_1_453' title='bbox 1892 4709 2025 4764; x_wconf 86' lang='lat' dir='ltr'><strong>Oist.</strong></span> <span class='ocrx_word' id='word_1_454' title='bbox 2060 4710 2249 4766; x_wconf 85' lang='lat' dir='ltr'><strong>Orden</strong></span> <span class='ocrx_word' id='word_1_455' title='bbox 2277 4711 2457 4764; x_wconf 81' lang='lat' dir='ltr'>XXIII</span> <span class='ocrx_word' id='word_1_456' title='bbox 2484 4714 2682 4782; x_wconf 80' lang='grc'>(1902),</span> <span class='ocrx_word' id='word_1_457' title='bbox 2707 4715 3012 4768; x_wconf 85' lang='grc'>439-451.</span> 
     </span>
    </p>

    <p class='ocr_par' dir='ltr' id='par_1_12' title="bbox 545 4779 3183 5009">
     <span class='ocr_line' id='line_1_40' title="bbox 547 4779 3181 4851; baseline -0.001 -15"><span class='ocrx_word' id='word_1_458' title='bbox 547 4800 603 4851; x_wconf 88' lang='lat' dir='ltr'><strong>p.</strong></span> <span class='ocrx_word' id='word_1_459' title='bbox 631 4788 730 4843; x_wconf 66' lang='lat'><strong>51³</strong></span> <span class='ocrx_word' id='word_1_460' title='bbox 775 4788 845 4840; x_wconf 83' lang='lat'><strong>94</strong></span> <span class='ocrx_word' id='word_1_461' title='bbox 886 4800 954 4837; x_wconf 86' lang='lat' dir='ltr'><strong>ss.</strong></span> <span class='ocrx_word' id='word_1_462' title='bbox 983 4785 1087 4836; x_wconf 71' lang='lat' dir='ltr'><strong>etc.</strong></span> <span class='ocrx_word' id='word_1_463' title='bbox 1124 4783 1384 4846; x_wconf 80' lang='lat' dir='ltr'><strong>testatur,</strong></span> <span class='ocrx_word' id='word_1_464' title='bbox 1430 4783 1835 4835; x_wconf 84' lang='lat' dir='ltr'><strong>commentaria</strong></span> <span class='ocrx_word' id='word_1_465' title='bbox 1964 4780 2097 4851; x_wconf 85' lang='lat' dir='ltr'><strong>Pag.</strong></span> <span class='ocrx_word' id='word_1_466' title='bbox 2125 4787 2245 4839; x_wconf 78' lang='grc'>254.</span> <span class='ocrx_word' id='word_1_467' title='bbox 2295 4783 2381 4837; x_wconf 85' lang='lat' dir='ltr'><strong>J0.</strong></span> <span class='ocrx_word' id='word_1_468' title='bbox 2411 4781 2474 4836; x_wconf 93' lang='lat' dir='ltr'><strong>D.</strong></span> <span class='ocrx_word' id='word_1_469' title='bbox 2506 4779 2856 4836; x_wconf 75' lang='lat' dir='ltr'><strong>Fitz-Gerald</strong></span> <span class='ocrx_word' id='word_1_470' title='bbox 2901 4782 2988 4836; x_wconf 89' lang='lat' dir='ltr'><strong>ed.</strong></span> <span class='ocrx_word' id='word_1_471' title='bbox 3030 4780 3181 4836; x_wconf 89' lang='lat' dir='ltr'><strong>criti·</strong></span> 
     </span>
     <span class='ocr_line' id='line_1_41' title="bbox 546 4852 3182 4923; baseline -0 -14"><span class='ocrx_word' id='word_1_472' title='bbox 546 4855 847 4909; x_wconf 84' lang='lat' dir='ltr'><strong>Lombardi</strong></span> <span class='ocrx_word' id='word_1_473' title='bbox 875 4854 936 4907; x_wconf 92' lang='lat' dir='ltr'><strong>in</strong></span> <span class='ocrx_word' id='word_1_474' title='bbox 965 4871 1053 4923; x_wconf 90' lang='lat' dir='ltr'><strong>ep.</strong></span> <span class='ocrx_word' id='word_1_475' title='bbox 1082 4871 1123 4907; x_wconf 89' lang='lat' dir='ltr'><strong>s.</strong></span> <span class='ocrx_word' id='word_1_476' title='bbox 1152 4852 1317 4906; x_wconf 87' lang='lat' dir='ltr'><strong>Pauli</strong></span> <span class='ocrx_word' id='word_1_477' title='bbox 1362 4853 1506 4907; x_wconf 82' lang='lat' dir='ltr'><strong>tanti</strong></span> <span class='ocrx_word' id='word_1_478' title='bbox 1536 4869 1653 4906; x_wconf 86' lang='lat' dir='ltr'><strong>esse</strong></span> <span class='ocrx_word' id='word_1_479' title='bbox 1681 4854 1833 4907; x_wconf 82' lang='lat' dir='ltr'><strong>facta</strong></span> <span class='ocrx_word' id='word_1_480' title='bbox 1891 4868 2009 4906; x_wconf 85' lang='lat' dir='ltr'><strong>cam</strong></span> <span class='ocrx_word' id='word_1_481' title='bbox 2038 4854 2265 4908; x_wconf 79' lang='lat' dir='ltr'><strong>curavit</strong></span> <span class='ocrx_word' id='word_1_482' title='bbox 2290 4856 2326 4912; x_wconf 83' lang='lat' dir='ltr'><strong>l.</strong></span> <span class='ocrx_word' id='word_1_483' title='bbox 2366 4857 2453 4909; x_wconf 86' lang='lat' dir='ltr'><strong>La</strong></span> <span class='ocrx_word' id='word_1_484' title='bbox 2479 4861 2587 4909; x_wconf 73' lang='lat' dir='ltr'><strong>vita</strong></span> <span class='ocrx_word' id='word_1_485' title='bbox 2631 4857 2692 4908; x_wconf 80' lang='lat' dir='ltr'><strong>de</strong></span> <span class='ocrx_word' id='word_1_486' title='bbox 2717 4857 2885 4908; x_wconf 79' lang='lat' dir='ltr'><strong>Santo</strong></span> <span class='ocrx_word' id='word_1_487' title='bbox 2909 4855 3182 4921; x_wconf 72' lang='lat' dir='ltr'><strong>Dominyo</strong></span> 
     </span>
     <span class='ocr_line' id='line_1_42' title="bbox 545 4923 3183 5009; baseline 0.001 -30"><span class='ocrx_word' id='word_1_488' title='bbox 545 4942 579 4979; x_wconf 84' lang='lat' dir='ltr'><strong>a</strong></span> <span class='ocrx_word' id='word_1_489' title='bbox 605 4926 888 4997; x_wconf 82' lang='lat' dir='ltr'><strong>theologis</strong></span> <span class='ocrx_word' id='word_1_490' title='bbox 915 4925 1314 4994; x_wconf 84' lang='lat' dir='ltr'><strong>subsequentis</strong></span> <span class='ocrx_word' id='word_1_491' title='bbox 1353 4925 1642 4993; x_wconf 81' lang='lat' dir='ltr'><strong>temporis,</strong></span> <span class='ocrx_word' id='word_1_492' title='bbox 1670 4928 1740 4976; x_wconf 88' lang='lat' dir='ltr'><strong>ut</strong></span> <span class='ocrx_word' id='word_1_493' title='bbox 1764 4925 1834 4978; x_wconf 88' lang='lat' dir='ltr'><strong>ci·</strong></span> <span class='ocrx_word' id='word_1_494' title='bbox 1891 4923 1959 4976; x_wconf 89' lang='lat' dir='ltr'><strong>de</strong></span> <span class='ocrx_word' id='word_1_495' title='bbox 1978 4924 2124 4978; x_wconf 74' lang='lat' dir='ltr'><strong>Siloa</strong></span> <span class='ocrx_word' id='word_1_496' title='bbox 2140 4942 2244 4994; x_wconf 82' lang='lat' dir='ltr'><strong>par</strong></span> <span class='ocrx_word' id='word_1_497' title='bbox 2257 4924 2504 4980; x_wconf 86' lang='lat' dir='ltr'><strong>Gonzalo</strong></span> <span class='ocrx_word' id='word_1_498' title='bbox 2521 4924 2591 4979; x_wconf 89' lang='lat' dir='ltr'><strong>de</strong></span> <span class='ocrx_word' id='word_1_499' title='bbox 2608 4925 2831 4991; x_wconf 87' lang='lat' dir='ltr'><strong>Berceo,</strong></span> <span class='ocrx_word' id='word_1_500' title='bbox 2851 4924 3008 4977; x_wconf 86' lang='lat' dir='ltr'><strong>Paris</strong></span> <span class='ocrx_word' id='word_1_501' title='bbox 3020 4928 3183 5009; x_wconf 49' lang='lat'>1904·</span> 
     </span>
    </p>
   </div>
  </div>
 </body>
</html>
