3475 5364
157 387 228 437 52
239 386 273 439 5
966 370 1166 435 Bonet,
1192 371 1546 437 Foullechat,
1575 373 1707 427 Alv.
1733 372 2024 443 Pelagius.
2673 390 2797 445 626

154 575 282 614 men
332 556 536 615 etiam
588 558 663 616 ab
712 558 842 634 ipso
885 558 1177 617 dissentit.
1245 559 1459 618 Doctor
1513 559 1693 618 netiis
1721 569 1885 623 1489
1918 559 1981 616 in
2014 568 2070 621 4.
2103 576 2240 617 cum
2270 557 2527 617 aliorum
2545 577 2799 634 opuscu-

155 645 267 704 fuit
309 649 375 704 et
406 646 616 705 lector
663 647 1026 722 parisiensiS,
1074 647 1236 706 Scoti
1284 648 1453 707 audi·
1515 649 1587 708 lis
1662 682 1753 693 —
1827 648 2261 725 Dionysius
2337 647 2801 708 Foullechat

157 745 259 803 tor,
291 736 479 812 regni
518 735 762 795 Siciliae
791 729 1110 812 logdtheta,
1145 736 1456 814 episcopus
1513 733 1883 820 (Soulechat)
1932 738 2150 815 gallus,
2202 737 2409 797 doctor
2457 737 2801 814 parisiensis

157 823 503 882 Stabiarum
557 825 620 883 in
668 844 852 903 regno
883 826 1271 903 neapolitano,
1319 827 1458 886 inde
1512 827 1578 886 in
1623 827 1751 886 suis
1782 826 2223 886 commentariis
2268 826 2331 884 in
2380 827 2514 889 411.
2561 829 2800 887 senten-

157 916 472 989 promotua
529 915 608 973 ad
657 915 1225 992 archiepiscopatum
1274 917 1455 975 amal·
1514 917 1734 975 tiarum
1788 919 1851 975 et
1897 916 2033 974 aliis
2078 915 2481 975 occasionibus
2510 916 2802 991 quaedam

155 1002 476 1078 phitanam
538 1000 738 1084 (1330
766 1024 780 1073 3
842 1003 877 1069 †
936 999 1150 1084 1351).
1228 1004 1459 1064 Prodiit
1515 1007 1579 1064 in
1626 1005 1975 1081 quaestione
2035 1005 2258 1064 famosa
2317 1003 2391 1063 de
2453 1009 2801 1081 paupertate

161 1099 393 1150 tantum
438 1090 898 1152 commentarius
940 1096 1004 1153 in
1046 1098 1107 1154 2.
1151 1095 1190 1153 l.
1237 1102 1457 1154 senten-
1514 1095 1735 1154 Christi
1755 1093 2026 1169 protulit,
2059 1113 2209 1170 quae
2228 1093 2426 1153 minus
2456 1094 2551 1169 pie
2570 1099 2632 1153 et
2650 1096 2802 1154 male

161 1183 393 1258 tiaram,
448 1186 531 1240 nt
562 1182 805 1242 videtur
851 1183 977 1243 siue
1010 1184 1048 1244 l.
1094 1187 1156 1243 et
1195 1204 1259 1253 a3
1306 1203 1455 1243 com·
1514 1202 1722 1242 sonare
1755 1182 2120 1246 dicebantur.
2172 1183 2328 1242 Hinc
2358 1184 2536 1259 jussu
2564 1184 2800 1243 univer-

165 1273 451 1328 mensoria
487 1273 744 1331 moralia
773 1274 838 1330 in
868 1275 908 1332 4
931 1273 1273 1350 Evanqelia,
1306 1274 1456 1332 Nea·
1515 1272 1717 1332 sitatis
1761 1276 1822 1332 et
1855 1272 2076 1331 Urbani
2107 1272 2174 1334 V.
2206 1272 2440 1331 iteratis
2474 1272 2704 1331 vicibus
2734 1292 2803 1332 ea

165 1359 279 1434 poli
320 1369 494 1423 1637
546 1361 605 1418 in
644 1371 699 1422 4.
748 1361 887 1420 Alia
917 1363 1048 1437 ejus
1081 1380 1262 1438 opera
1291 1381 1457 1421 man·
1514 1381 1786 1422 revocare
1826 1360 2037 1422 debuit
2077 1358 2295 1443 (1364.
2337 1356 2549 1444 1369).
2596 1362 2803 1421 Exstat

169 1455 366 1507 serunt
431 1449 686 1512 inedita.
760 1484 844 1494 ——
909 1450 1459 1528 Singularissimam
1514 1451 1643 1526 ejus
1675 1451 1977 1527 palinodia
2019 1452 2082 1509 in
2113 1450 2257 1509 bibl.
2290 1471 2385 1527 pp.
2420 1451 2726 1527 parisiensi
2755 1456 2800 1515 t.

168 1538 332 1611 plane
351 1539 709 1614 opinionem
743 1541 1063 1600 somniavit
1091 1540 1459 1601 Nicolaus
1514 1540 1627 1610 IV;
1661 1539 1990 1600 coloniensi
2022 1543 2066 1597 t.
2099 1539 2291 1599 XVIII
2335 1546 2397 1600 et
2438 1540 2801 1617 lugdunensi

171 1627 412 1685 Bonet
459 1628 568 1707 (al.
614 1627 831 1708 Bovet)
874 1630 1090 1706 gallus,
1137 1630 1295 1690 Scoti
1341 1630 1456 1689 dis·
1513 1629 1717 1701 XXVI,
1757 1638 2062 1692 488-90
2099 1643 2161 1688 et
2192 1629 2409 1705 passim
2440 1629 2584 1689 alibi
2602 1625 2668 1712 ¹).
2713 1663 2802 1673 —-

172 1715 419 1790 cipulns,
441 1718 1080 1796 magistertbeologiae
1098 1720 1459 1795 parisiensis,
1515 1719 1852 1777 Plurimum
1912 1719 2175 1777 innotuit
2225 1721 2271 1776 A
2294 1718 2558 1777 Ivarus
2621 1720 2800 1778 Fran-

175 1804 409 1864 Censuit
449 1807 615 1865 enim
647 1807 948 1868 Christum
993 1808 1189 1867 verbis
1228 1808 1456 1879 Mulier,
1516 1808 1704 1866 ciscus
1747 1809 1911 1878 Paez,
1958 1808 2090 1868 Alv.
2139 1808 2509 1883 Pelagius
2557 1804 2798 1890 (Pelajo‚

179 1913 282 1952 ecee
318 1895 484 1967 filius
515 1904 652 1955 tuus
695 1897 986 1956 Joannem
1030 1898 1458 1975 evangelistam
1515 1897 1688 1975 Pajo)
1706 1896 2103 1956 communiter
2123 1897 2332 1967 dictus,
2351 1897 2672 1972 Hispanus,
2695 1897 2799 1972 qui

177 1988 606 2044 transmutasse
627 1988 689 2044 et
704 1987 1460 2046 veluttransubstantiasse
1515 1986 1815 2045 Bononiae
1848 1985 1978 2061 juri
2011 2004 2246 2061 operam
2281 1986 2462 2056 dedit,
2504 1993 2566 2044 et
2597 1987 2800 2045 doctor

184 2071 238 2129 in
267 2072 456 2131 filium
489 2075 709 2133 Mariae
742 2074 806 2133 V.
841 2077 1195 2147 naturalem,
1228 2076 1366 2135 hinc
1397 2076 1460 2135 in
1514 2078 1750 2134 creatus
1781 2075 1933 2134 illud
1965 2075 2144 2134 etiam
2176 2078 2268 2134 est
2299 2074 2614 2150 professus.
2656 2075 2801 2134 Post

185 2160 452 2237 seipsum,
489 2165 587 2223 cui
619 2164 901 2241 figmento
922 2164 1125 2227 Franc.
1159 2167 1360 2225 Maro
1370 2166 1459 2241 ji,
1516 2164 1772 2223 suumin
1788 2164 2049 2223 ordinem
2065 2157 2797 2246 Min.ingressum(1304)

190 2245 318 2328 (non
376 2248 806 2335 Mayronis)
869 2254 1193 2313 inhaesisse
1254 2255 1458 2314 fertur.
1517 2254 1771 2312 Parisios
1820 2253 1938 2312 fuit
1981 2253 2214 2323 missus,
2267 2254 2373 2312 ubi
2404 2254 2646 2312 Scotum
2691 2273 2797 2313 au-

187 2338 385 2397 Contra
416 2342 578 2400 hunc
607 2360 866 2401 errorem
898 2343 1139 2418 scripsit
1169 2343 1297 2407 Nic.
1330 2344 1459 2420 Ey-
1517 2343 1673 2402 disse
1733 2342 1970 2405 dicitur.
2037 2342 2542 2402 Poenitentiarius
2604 2342 2799 2401 factus

195 2429 459 2488 merich
492 2436 567 2494 tr.
614 2427 962 2513 (ineditum)
1008 2436 1213 2492 contra
1256 2433 1459 2493 haere-
1516 2431 1769 2491 Joannis
1801 2432 1977 2490 XXII.
2013 2431 2251 2507 scripsit
2283 2432 2615 2508 apologiam
2650 2451 2795 2506 pon-

192 2517 430 2577 ticaliter
461 2524 799 2580 asserentes
828 2521 885 2579 b.
903 2521 943 2580 J
947 2539 1000 2584 ο.
1023 2521 1461 2599 Evangelistam
1515 2521 1691 2580 tificis
1723 2525 1931 2580 contra
1962 2522 2202 2579 Petrum
2236 2520 2598 2591 Corbarium,
2644 2520 2799 2579 Mar·-

197 2605 360 2665 fuisse
390 2609 446 2669 b.
481 2610 700 2669 Mariae
721 2609 787 2671 V.
819 2609 1010 2669 filium
1041 2612 1376 2671 naturalem
1394 2607 1459 2693 ¹).
1518 2610 1723 2669 silium
1757 2611 2107 2669 Patavinum
2141 2613 2205 2670 et
2235 2610 2386 2669 Guil.
2422 2609 2646 2669 Ockam
2680 2614 2799 2669 ste-

197 2694 329 2753 Eum
370 2702 580 2773 postea
624 2700 1062 2760 Guilelmus
1108 2701 1458 2761 Vorilon-
1516 2700 1710 2775 titque
1760 2719 1869 2775 pro
1918 2718 2132 2769 errore,
2186 2705 2528 2759 sanctorum
2571 2701 2798 2759 animas

201 2803 320 2858 gus
348 2786 564 2847 Romae
595 2807 782 2848 ausus
827 2793 921 2849 est
962 2809 1310 2867 propagare.
1357 2790 1464 2849 Vir
1517 2808 1639 2849 non
1659 2789 1899 2848 admitti
1929 2792 2067 2848 ante
2100 2789 2256 2848 diem
2281 2790 2495 2865 judicii
2526 2789 2601 2848 ad
2620 2789 2798 2849 visio·

203 2870 304 2932 fuit
328 2875 592 2952 alioquin
621 2876 816 2938 Bonet
845 2878 911 2937 in
940 2879 1276 2938 subtilitate
1307 2881 1462 2938 nulli
1518 2897 1653 2937 nem
1697 2878 2046 2942 beatificam.
2103 2878 2317 2938 Factus
2364 2881 2455 2937 est
2492 2879 2802 2955 episcopus

203 2964 489 3037 sccundus,
527 2966 733 3026 doctor
743 2969 1027 3042 pacificus
1059 2968 1155 3028 vel
1165 2970 1463 3045 proficuus
1518 2968 1861 3027 coronensis
1926 2968 1992 3026 in
2052 2967 2287 3044 Achaja'
2338 2964 2586 3049 (1322),
2666 2968 2803 3026 dein

206 3051 484 3114 salutatus.
520 3057 909 3115 ABenedicto
925 3057 1050 3116 XII.
1065 3059 1287 3117 missus
1306 3053 1459 3140 estfl)
1520 3052 1749 3137 (1335)
1785 3057 2058 3116 silvensis
2088 3058 2152 3116 in
2183 3057 2514 3127 Lusitania,
2561 3056 2722 3116 unde
2753 3076 2800 3114 a.

207 3156 318 3198 cnm
358 3144 554 3204 tribus
606 3145 913 3205 sodalibus
963 3147 1036 3205 ad
1082 3147 1463 3207 Tartarorum
1527 3156 1690 3209 1346
1725 3146 1846 3205 fuit
1877 3146 2160 3221 expulsus
2193 3142 2258 3229 (†
2293 3156 2391 3209 25.
2424 3146 2558 3204 Jan.
2589 3156 2704 3209 135
2718 3142 2801 3226 2).

212 3227 588 3304 imperatorem
619 3235 886 3310 aliosque
906 3236 1201 3312 principes
1222 3242 1459 3313 gentes·
1520 3235 1663 3311 Ejus
1706 3236 1773 3294 in
1817 3235 1876 3293 ll.
1911 3236 2345 3294 sententiarum
2387 3236 2807 3296 commentaria

210 3335 307 3391 que
331 3320 562 3382 illarum
591 3324 905 3401 regionum
951 3325 1090 3384 fidei
1123 3326 1463 3385 dilatandae
1518 3343 1641 3384 non
1660 3323 2032 3402 prodierunt.
2064 3325 2339 3384 Innotuit
2359 3328 2604 3385 Summa
2634 3325 2802 3384 theo-

214 3422 365 3468 causa
408 3408 650 3493 (1338),
703 3413 810 3490 qui
862 3413 1222 3492 Pcckingum
1269 3433 1463 3490 usque
1518 3415 1711 3491 legiae
1742 3414 2030 3489 inscripta
2060 3416 2130 3472 de
2158 3415 2396 3489 planctu
2426 3415 2713 3472 Ecclesia«
2740 3414 2805 3474 ll.

214 3506 592 3567 pervenerunt.
627 3503 920 3562 Reversus
951 3502 1150 3562 dictus
1183 3508 1275 3563 est
1306 3504 1461 3580 epis·
1522 3512 1579 3574 2,
1625 3503 1987 3581 Reutlingae
2026 3511 2225 3572 14733
2274 3503 2477 3561 Ulmae
2518 3511 2681 3565 1774
2714 3502 2802 3564 ed.

218 3600 365 3659 copus
381 3591 706 3650 melitensis
738 3586 801 3673 (†
830 3588 1036 3674 1360).
1068 3593 1152 3651 Ex
1175 3595 1303 3669 ejus
1322 3612 1459 3669 ope·
1517 3592 1850 3663 rarissima3
1902 3592 2327 3667 Norimbergae
2387 3600 2583 3662 14893
2645 3592 2805 3668 Lug-

217 3672 353 3734 ribus
390 3680 742 3753 prodierunt
786 3684 1025 3740 tantum
1068 3699 1248 3755 super
1280 3699 1463 3757 prae·
1518 3681 1666 3741 duni
1710 3692 1918 3753 ‘15173
1964 3680 2229 3741 Venetiis
2279 3690 2461 3749 1560,
2512 3679 2803 3739 editiones

221 3761 508 3827 dinumerata
534 3770 571 3827 l.
602 3774 664 3840 1,
710 3772 774 3829 in
805 3771 862 3831 ll.
896 3772 936 3829 8
959 3772 1356 3847 physicorum,
1401 3774 1464 3831 in
1520 3770 1855 3841 mendosae,
1909 3789 2062 3846 quae
2101 3769 2304 3846 judice
2349 3769 2595 3828 Mansi
2644 3768 2803 3828 haud

222 3850 265 3908 ll.
290 3856 324 3912 9
350 3854 858 3936 metaphysicorum
890 3854 1247 3942 (Barcinone
1276 3858 1463 3943 1493)
1517 3880 1731 3936 parum
1782 3861 2092 3919 dissonant
2140 3879 2175 3917 a
2221 3859 2386 3918 codd.
2434 3876 2604 3917 mser.
2650 3859 2713 3919 L.
2771 3870 2791 3921 1

224 3946 262 3995 et
294 3944 346 4000 in
384 3948 714 4025 theoloyiam
758 3950 1089 4008 naturalem
1133 3951 1189 4012 ll.
1232 3954 1291 4027 7,
1342 3969 1464 4010 uno
1518 3950 1818 4026 reperitur
1846 3949 2022 4008 etiam
2054 3949 2119 4006 in
2149 3948 2293 4011 bibl.
2317 3948 2573 4007 maxima
2592 3948 2803 4023 pontif.

227 4030 483 4095 volumine
501 4037 766 4097 Venetiis
796 4048 961 4103 1505
998 4038 1063 4097 in
1093 4039 1463 4120 f.;formali·
1518 4038 1982 4098 Boccaberti
2033 4037 2139 4107 111,
2197 4046 2519 4108 23-266,
2572 4038 2635 4095 in
2684 4056 2803 4113 quo

227 4123 338 4178 tates
361 4125 416 4182 in
443 4129 538 4185 via
566 4127 742 4205 Sonti,
789 4145 833 4190 S.
865 4128 905 4186 l.
950 4131 1012 4186 et
1043 4148 1091 4190 a.
1137 4129 1201 4187 in
1234 4129 1302 4199 f.;
1350 4129 1465 4188 Vc·
1520 4147 1620 4188 orc
1639 4128 1964 4204 apostolico
1996 4130 2057 4187 et
2091 4127 2278 4186 libero
2310 4126 2702 4201 conqueritur
2732 4128 2804 4185 de

1519 4218 1736 4277 misero
1783 4221 1906 4275 tam
1937 4215 2467 4275 ecclesiasticorum
2501 4234 2680 4291 qnam
2713 4233 2803 4275 se·

289 4361 308 4396 ¹.
424 4366 434 4376 ,
511 4366 523 4377 ,
1520 4306 1816 4365 cularium
1848 4310 2031 4377 statu,
2065 4310 2245 4381 atque
2278 4305 2605 4364 remedium
2636 4324 2802 4380 repe-

234 4361 966 4512 ρῇζῖξῖξῗξερῗέἓῖιῖἐὲἶῗ
985 4372 1175 4496 0ῗῂΡέ
1193 4370 1465 4507 ῗῗὸξιὲἓτῗ
1519 4395 1602 4454 rit
1633 4400 1843 4454 contra
1870 4398 1965 4455 tot
1984 4396 2137 4453 mala
2165 4395 2229 4453 in
2249 4394 2537 4471 urgendis
2563 4394 2804 4469 juribus

235 4499 483 4576 virlegum
526 4510 750 4566 ordinis
790 4512 1341 4578 observanffissimug,
1384 4529 1463 4567 re,
1521 4488 1582 4543 et
1629 4484 2061 4560 praerogativis
2111 4483 2267 4542 sedis
2317 4502 2607 4553 romanae,
2660 4503 2806 4559 quas

239 4567 535 4655 f9t1312tionis
575 4585 978 4653 propugnator
1017 4583 1288 4649 invictus,
1321 4584 1466 4639 Mar·
1528 4596 1531 4600 ’

240 4643 354 4722 ἴξὸὶη
368 4651 632 4707 Auribelli
670 4654 936 4725 magistri
963 4655 1179 4709 ordinis
1205 4656 1467 4725 aliquan-

238 4709 314 4793 dni
345 4724 507 4779 socius
542 4725 622 4796 (fl.
652 4728 831 4797 1457).
858 4724 999 4795 Ejus
1037 4729 1106 4781 tr.
1135 4728 1347 4782 mansit
1384 4729 1466 4781 in·
1603 4736 1635 4793 Ι)
1664 4724 1749 4779 Cf.
1814 4724 2165 4796 D'Argentre
2226 4726 2288 4779 in
2333 4725 2460 4781 coll.
2504 4724 2684 4796 judio.
2734 4724 2807 4777 ad

241 4783 393 4845 edxtus.
435 4796 513 4853 Cf.
541 4796 747 4863 Quetif
767 4798 810 4862 Ι,
835 4800 958 4854 866.
1522 4816 1571 4852 a.
1593 4801 1765 4857 1363;
1792 4796 2000 4866 Fleury
2020 4797 2059 4853 l.
2080 4802 2147 4856 97
2176 4802 2321 4865 512:
2348 4801 2476 4850 acta
2495 4813 2628 4850 vero
2649 4811 2809 4849 accu-

293 4862 410 4929 ²)Cf.
456 4869 521 4923 de
584 4869 696 4922 hac
759 4868 1026 4924 missione
1090 4869 1466 4924 Grammer
1520 4872 1644 4923 rate
1687 4867 1943 4923 exhibita
1985 4870 2046 4922 in
2086 4868 2305 4922 Denifle
2351 4867 2604 4921 Chartul.
2652 4867 2808 4921 univ.

245 4922 324 4982 Kb.
342 4938 404 4999 2²,
427 4945 576 4997 1027.
1523 4941 1690 5011 paria.
1719 4941 1818 5005 111,
1845 4945 2160 4997 114—124:
2187 4944 2488 4997 182-186.
