3475 5364
142 374 251 425 569

137 541 241 599 Fra
288 541 460 600 Giov.
519 544 606 601 da
655 543 903 601 Salerno.
968 542 1163 617 Opera
1193 542 1288 600 del
1321 561 1428 601 sec.
1458 538 1462 616 Ι
1490 562 1613 618 op.:
1648 543 1697 600 11
1731 543 1795 600 B.
1832 542 1970 600 Sim.
2004 542 2078 600 da
2109 542 2307 600 Cascia
2340 587 2350 598 .
2386 587 2398 599 .
2434 587 2445 598 .

138 629 256 688 xlv
309 625 530 712 (Testo
571 631 633 689 di
669 626 899 713 lingua)
935 631 1260 689 dilucidata
1321 648 1429 689 con

133 720 467 793 prefazione
526 741 565 779 e
617 721 913 796 glossario,
979 721 1163 778 Roma
1234 729 1429 786 1902;

137 827 304 884 opera
366 809 771 869 devotissima
842 811 1045 867 ordine
1105 810 1252 867 della
1315 811 1432 867 vita

135 897 506 978 misticum),
581 898 892 957 Mediolani
951 907 1136 967 1521,
1191 898 1431 975 linguae

137 987 357 1060 patriae
391 993 460 1044 et
508 988 752 1063 pietatis
799 987 1135 1054 thesauru8‚
1184 987 1428 1046 Taurini

147 1086 336 1144 17793
393 1075 625 1137 Romae
686 1085 875 1144 189&
938 1078 1008 1134 de
1058 1077 1107 1136 b.
1185 1076 1428 1153 Viryine,

138 1164 400 1223 Basileae
446 1177 620 1228 1517
677 1166 737 1223 in
781 1175 849 1234 43
903 1166 1135 1241 aliaque
1183 1166 1434 1224 ascetica

139 1253 382 1330 reliquit
414 1250 734 1333 ineditass).
797 1255 874 1313 Cf.
921 1254 1048 1313 Nic.
1083 1255 1339 1312 Mattioli
1372 1255 1432 1313 in

811 356 1002 410 Simon
1029 355 1267 410 Fidatus
1294 357 1361 409 de
1390 355 1592 421 Cassia,
1621 355 1648 408 J
1658 373 1707 409 ο.
1735 356 1805 408 de
1846 357 2099 411 Salerco.

2642 373 2763 428 570

2493 562 2524 601 e
2568 562 2588 599 1
2639 562 2767 601 suoi

1490 632 1682 690 scritti
1731 631 1878 690 editi
1928 630 1999 690 ed
2045 631 2273 701 inediti,
2328 632 2543 690 Romae
2602 641 2764 695 1898

1489 740 1637 796 opus
1670 720 1974 779 eruditum
2007 723 2068 778 et
2100 720 2359 790 doctum,
2411 739 2529 796 quo
2580 722 2766 779 conti-

1488 814 1711 868 nentur
1741 810 1918 869 etiam
1942 811 2209 889 epistolae
2229 809 2488 885 ejusdem
2511 810 2768 868 ineditae

1492 897 1560 980 (c.
1620 910 1696 961 50
1752 917 1821 958 ex
1874 899 2131 956 millenis
2177 895 2542 978 deperditis).
2606 900 2765 958 Idem

1489 992 1695 1046 auctor
1725 988 1787 1046 in
1821 1006 1911 1064 op.
1946 988 2055 1045 Fra
2088 988 2380 1047 Giovanni
2422 989 2494 1045 da
2527 989 2766 1046 Salerno

1459 1129 1462 1142 ‚
1491 1077 1767 1135 dell’Ord.
1792 1077 2098 1136 Romitano
2129 1077 2248 1136 dis.
2267 1079 2373 1153 Ag.
2400 1077 2496 1134 del
2511 1095 2620 1135 sec.
2637 1077 2767 1136 XIV

1489 1187 1520 1225 e
1552 1167 1604 1225 le
1639 1185 1745 1224 sue
1777 1184 1949 1241 opere
1982 1167 2212 1243 volgari
2242 1166 2468 1223 inedite
2502 1185 2603 1224 ora
2617 1167 2769 1242 pub-

1490 1256 1661 1314 licate
1711 1274 1823 1313 con
1873 1273 1992 1313 uno
2038 1256 2235 1313 studio
2281 1255 2676 1334 comparativo
2710 1255 2768 1313 di

1461 1345 1639 1406 .altre
1689 1344 2001 1402 attribuite
2062 1345 2118 1401 al
2169 1345 2231 1402 P.
2283 1344 2538 1414 cavalca,
2582 1345 2770 1402 ⁴Roma

216 1448 250 1504 ¹)
278 1439 472 1504 Quem
517 1441 577 1493 in
616 1440 655 1492 1.
696 1441 763 1495 cf.
804 1441 890 1496 J0.
931 1442 991 1493 B.
1033 1409 1464 1502 Audifredi!
1503 1444 1684 1502 1901,
1718 1437 1927 1492 nostro
1959 1433 2245 1491 adscribit
2294 1437 2363 1491 ut
2395 1434 2621 1492 auctori
2653 1434 2763 1491 sal-

147 1511 431 1578 Pl'olimm
480 1513 850 1589 Opu⁸cul¹¹m=
902 1512 1112 1582 Saggio
1153 1512 1214 1565 di
1255 1521 1436 1567 USSffl‘·
1461 1515 1466 1568 ἱ
1493 1528 1611 1581 tem
1655 1522 1913 1581 mediato
1947 1523 2214 1597 Specchio
2258 1523 2322 1580 di
2352 1541 2527 1598 croco,
2581 1523 2770 1581 Disci-

151 1584 367 1635 mium
410 1583 488 1636 de
517 1588 582 1638 G.
609 1583 724 1637 Ces.
753 1584 995 1638 Bottone
1040 1602 1208 1654 sopra
1246 1584 1289 1637 il
1328 1585 1436 1637 dis·
1463 1587 1466 1628 l

149 1669 299 1705 corso
317 1653 430 1713 ulo,
464 1654 825 1724 B.Moriondi)
842 1672 1126 1724 premesso
1144 1655 1435 1724 all'opusc.
1460 1661 1466 1696 ἱ

151 1724 297 1777 della
324 1721 468 1780 Vita
496 1727 643 1779 crist.
671 1727 762 1779 del
789 1727 841 1780 b.
869 1726 1096 1780 Simone
1115 1727 1308 1780 Casei-a
1326 1744 1434 1781 ecc.

217 1802 260 1844 21
291 1796 700 1850 Memorandus
750 1798 952 1851 saltem
1005 1798 1097 1850 hic
1148 1801 1232 1850 cst
1282 1814 1431 1850 coro-

157 1866 301 1919 nidis
338 1869 473 1922 loco
512 1869 571 1921 B.
601 1868 672 1922 M.
710 1869 769 1923 F.
806 1869 1435 1923 Bartholomaeus

163 1936 337 1989 Parv
359 1958 443 1992 us
489 1946 550 1993 υ.
597 1940 793 1995 Praed.
843 1942 1214 1994 Armenorum
1266 1941 1437 1993 schis-

160 2010 495 2064 maticorum
546 2012 740 2065 doctor
787 2029 848 2064 ιιι
898 2012 1007 2065 fide
1071 2016 1130 2064 et
1178 2012 1466 2076 verit-ata!

1485 1606 1658 1687 plina
1689 1613 1839 1688 deqli
1869 1613 2169 1685 spirituali
2200 1618 2261 1669 et
2292 1612 2407 1669 alia
2438 1617 2587 1681 oct0,
2622 1630 2771 1686 quae

1461 1715 1466 1750 l
1493 1702 1628 1758 dein
1662 1701 1986 1760 secundum
2022 1700 2188 1758 illius
2220 1701 2380 1759 ideas
2411 1700 2601 1759 literis
2634 1719 2769 1759 con-

1493 1790 1828 1866 signaverit
1876 1789 1967 1848 Jo.
2021 1789 2092 1847 de
2145 1789 2484 1849 Salerno.
2549 1789 2769 1848 Verum

1495 1880 1662 1937 Laur.
1726 1879 2135 1937 Franceschini
2183 1878 2247 1935 in
2292 1878 2432 1936 diss.
2479 1878 2771 1937 Tradizio-

1493 1968 1695 2026 nalisti
1729 1986 1761 2025 e
1794 1967 2145 2027 concordisti
2197 1969 2260 2026 in
2309 1986 2428 2025 una
2460 1967 2772 2043 questione

165 2096 323 2145 quem
366 2085 614 2136 scannes
655 2082 827 2138 XXII.
870 2084 942 2136 ob
986 2083 1238 2152 insignes
1279 2083 1438 2136 dotes
1463 2109 1468 2146 1
1496 2057 1795 2115 lateraria
1846 2057 1940 2116 del
1989 2075 2098 2115 ⁸0⁰·
2132 2056 2282 2126 X1V⁹
2318 2057 2499 2114 Roma
2538 2066 2701 2119 1902
2739 2075 2771 2112 8

165 2149 220 2201 in
245 2153 567 2206 Armeniam
609 2153 767 2207 misit
799 2155 950 2207 circa
974 2171 1024 2208 a.
1054 2159 1192 2210 1320
1218 2171 1319 2224 pro
1347 2173 1438 2208 cu·

167 2223 336 2275 tanda
367 2229 738 2279 Armenorum
775 2242 902 2278 cum
931 2224 1179 2279 Ecclesia
1206 2241 1440 2279 romana

169 2296 635 2359 reconciliatione,
656 2300 831 2364 atque
851 2313 1305 2367 maragacensem
1327 2296 1438 2365 pri-

176 2381 314 2417 mum
346 2368 690 2437 episcopum,
718 2370 915 2436 postea
948 2368 1295 2438 archiepisco
1342 2377 1468 2449 um·

1348 2458 1468 2492 u1c=

175 2433 732 2492 Nakschiwanensem
785 2440 1101 2494 constituit.
1152 2439 1254 2494 Pio

1495 2146 1753 2204 Mattioli
1802 2146 2084 2204 dissentit
2133 2150 2193 2204 et
2238 2146 2524 2221 opuscula
2554 2145 2771 2203 Joanni

1495 2238 1736 2304 asserta,
1772 2235 1845 2293 ab
1876 2235 2012 2293 aliis
2065 2235 2433 2293 Cavalcae
2467 2234 2531 2297 Ο.
2566 2233 2768 2292 Praed.

1494 2323 1708 2382 tribuit
1742 2323 1969 2382 Simoni
2002 2327 2222 2382 nostro.
2274 2323 2534 2382 Joannes
2567 2324 2639 2381 de
2673 2323 2773 2380 Sa-

1494 2414 1659 2472 lerno
1711 2409 1809 2494 (de
1859 2431 1978 2486 quo
2028 2408 2226 2493 infra),
2275 2411 2598 2471 fidissimus
2648 2416 2773 2470 erat

178 2508 320 2574 operi
349 2510 576 2563 solerter
592 2509 808 2563 institit
830 2527 1033 2580 magno
1054 2510 1246 2563 fructu
1269 2512 1439 2564 verbo
1465 2487 1468 2566 Ι
1498 2502 1752 2561 Simonis
1785 2502 2115 2577 discipulus
2152 2499 2233 2584 (n.
2276 2497 2467 2580 1317)
2520 2521 2586 2560 ac
2616 2500 2773 2558 indi-

177 2581 497 2650 8εέ1188ΓῘῙΜ)
535 2599 631 2634 ⁸⁸1¹
675 2581 931 2635 Vssfssione
975 2581 1227 2651 plurium
1269 2573 1714 2649 libro-'viduus
1765 2591 1958 2667 ipsius
2009 2611 2055 2648 a.
2097 2601 2173 2653 17
2224 2609 2434 2660 comes.
2489 2591 2593 2666 qui
2644 2591 2773 2665 ejus

184 2664 297 2701 rum
339 2652 408 2705 ad
449 2659 678 2707 mortem
725 2656 906 2725 (1333)
954 2669 1149 2722 usque,
1202 2653 1438 2721 ejusque

184 2722 486 2789 sepulcrum
530 2724 814 2779 miraculis
858 2725 1148 2788 inclaruit,
1191 2726 1331 2779 adeo
1375 2727 1442 2778 ut

1495 2681 1680 2739 vitam
1731 2680 2059 2757 descripsit,
2112 2700 2289 2755 quam
2341 2681 2519 2739 habes
2567 2679 2631 2737 in
2683 2698 2772 2755 op.

187 2790 248 2841 ab
272 2795 524 2847 omnibus
565 2795 1012 2864 cimnmqmque
1057 2796 1291 2865 populis
1336 2813 1438 2849 eeu
1496 2788 1676 2846 supra
1706 2771 1803 2828 cit.
1837 2770 1961 2828 Nic.
1998 2770 2249 2829 Mattioli
2283 2815 2294 2826 .
2331 2815 2342 2826 .
2377 2814 2388 2826 .
2424 2770 2507 2827 De
2538 2772 2774 2828 contro-

192 2867 396 2919 sanctus
422 2866 710 2921 coleretur.
765 2867 947 2935 Ipsius
987 2866 1343 2920 documentis
1383 2869 1441 2919 et
1495 2859 1687 2917 versia
1705 2878 1844 2917 vero
1867 2878 2011 2917 num
2031 2859 2136 2916 illa
2156 2859 2445 2935 opuscula
2465 2858 2587 2917 sint
2610 2859 2772 2915 Dom.

191 2938 436 3014 fflffmplifl
479 2937 711 2991 debetur
761 2938 994 3019 csslebl'ifl
1044 2938 1147 2992 illa
1194 2939 1438 2991 fratrum
1495 2948 1769 3006 Cavalcae
1821 2949 1883 3006 Ο.
1935 2949 2027 3005 Pr.
2079 2944 2157 3029 (fl.
2208 2951 2461 3006 exeunte
2502 2966 2611 3005 sec.
2645 2942 2772 3025 XV)

193 3007 460 3061 “mmmm
486 3013 844 3079 ⁰⁰¹¹3rega¹⁵¹⁰
884 3012 992 3063 ⁸¹²¹)
1029 3026 1087 3063 re
1134 3009 1230 3063 ula
1257 3028 1299 3064 Β·
1329 3013 1438 3063 Au·
1496 3037 1565 3094 cf.
1599 3037 2159 3096 Franceschini
2193 3037 2303 3095 Fra
2334 3038 2473 3095 Sim.
2507 3036 2581 3094 da
2614 3037 2669 3095 C.
2705 3035 2775 3092 ed

191 3078 393 3141 gustini
419 3083 471 3131 et
483 3080 987 3135 constitutionibus
1004 3083 1065 3135 Ο.
1108 3086 1136 3134 “.
1154 3080 1439 3134 Dominici
1464 3086 1468 3151 Ι

192 3146 439 3215 militans,
465 3168 602 3218 quae
619 3168 720 3220 per
738 3156 957 3205 vastam
971 3152 1132 3205 illam
1150 3152 1437 3221 regionem
1464 3154 1468 3209 Ὲ
1495 3126 1537 3183 il
1569 3126 1825 3196 Qvalfflv
1847 3126 1989 3183 Rom
2000 3144 2067 3183 ⁰¹3
2099 3136 2214 3188 189
2238 3136 2280 3195 7⁹
2303 3130 2471 3202 81'’OP·
2494 3144 2624 3183 “¹0¹
2657 3125 2776 3183 ⁰5¹3·-

191 3214 344 3273 tidem
370 3222 707 3292 propagavit.
737 3223 1031 3277 Convertit
1055 3224 1228 3277 etiam
1246 3223 1440 3292 plures
1465 3276 1468 3291 1

194 3286 656 3347 Μοὶιωῐιωεάαῐιοε
682 3298 744 3347 et
763 3294 1038 3349 infideles.
1069 3296 1252 3364 Ipsius
1273 3311 1440 3363 prop·
1465 3298 1468 3315 '

197 3360 334 3416 terea
360 3364 440 3416 hic
463 3366 803 3419 mentionem
847 3366 1099 3431 facimus,
1141 3365 1297 3434 quod
1325 3382 1439 3418 non
1465 3366 1468 3395 ²

199 3430 359 3486 solum
385 3435 541 3512 libros
567 3436 882 3506 liturgicos‚
911 3438 1007 3491 sed
1035 3438 1207 3491 etiam
1236 3437 1272 3491 l.
1296 3437 1441 3505 psal-

198 3519 387 3558 morum
434 3508 707 3561 armeniee
761 3509 1010 3572 verterit,
1050 3525 1196 3577 quae
1248 3511 1439 3561 tamen

200 3577 357 3629 versio
394 3595 501 3630 non
545 3579 773 3632 videtur
817 3580 968 3650 typis
1013 3579 1304 3649 prodiisse,
1359 3579 1440 3633 cf.

203 3642 363 3700 Neher
384 3648 485 3704 ΚΒ.
511 3649 551 3713 L
579 3655 750 3709 2054:
782 3649 978 3714 Quetif
994 3652 1030 3715 1,
1053 3656 1152 3707 581
1183 3655 1288 3703 etc.
1317 3650 1441 3719 Ipse
1466 3694 1469 3737 Ι

202 3714 439 3789 distingui
495 3721 665 3775 debet
726 3738 760 3774 a
810 3723 991 3777 sodali
1055 3723 1441 3776 Bartholo-

813 4010 959 4110 ΙΙΙ.
1026 4011 1436 4108 Historia

1497 3232 1724 3273 necnon
1757 3214 1864 3272 Ad.
1898 3215 2179 3273 Morini
2212 3215 2289 3272 Le
2311 3233 2489 3291 opera
2508 3214 2568 3271 di
2591 3214 2700 3271 Fra
2721 3213 2774 3269 S.

1497 3303 1574 3361 da
1618 3304 1673 3362 C.
1729 3303 2042 3362 attribuite
2101 3305 2157 3361 al
2203 3304 2459 3374 Cavalca‚
2524 3303 2777 3378 Perugia

1510 3401 1665 3456 1899
1717 3392 1929 3451 Studio
1962 3393 2277 3451 letterario.

1498 3596 1697 3632 maeo
1749 3580 1817 3632 de
1873 3579 2186 3633 Pisciali
2239 3577 2630 3649 Longobardo,
2677 3580 2775 3647 qui

1498 3652 1694 3704 eadem
1734 3653 1850 3704 fere
1890 3654 2075 3704 aetate
2117 3650 2274 3713 vixit,
2314 3652 2409 3703 cui
2445 3651 2781 3705 tribuuntur

1498 3723 1968 3776 commentarium
1995 3724 2055 3776 in
2086 3722 2186 3774 Ev.
2213 3721 2397 3776 Lucae
2424 3725 2483 3775 et
2505 3722 2637 3775 alia.

1500 4010 2172 4108 ecclesiastica.-

277 4254 397 4308 295.
427 4246 600 4306 Haud
617 4247 786 4322 pauci
809 4247 1078 4305 chronica
1094 4266 1436 4322 composue-
1495 4264 1678 4323 copen
1731 4248 1775 4304 T
1794 4248 1831 4305 h
1848 4268 1879 4305 o
1901 4249 1966 4305 lo
1985 4269 2039 4305 m
2062 4270 2096 4305 a
2112 4266 2141 4305 e
2160 4268 2198 4305 u
2216 4269 2258 4316 s.
2308 4252 2581 4322 corrupte
2616 4249 2659 4304 P
2677 4254 2701 4305 t.
2718 4270 2781 4306 o-

212 4332 426 4411 re1).·1ta
457 4337 1125 4403 Bartholomaeu8‚
1162 4355 1267 4411 per
1299 4355 1437 4411 syn-

274 4506 298 4571 ·)
339 4507 652 4559 Joannes
703 4506 774 4559 de
829 4504 1128 4559 Victrin

216 4571 386 4656 riensis)
411 4578 469 4630 O.
496 4576 630 4630 cist.
651 4576 713 4631 in
744 4578 1082 4631 monasterio
1233 4505 1418 4575 (Vlcw

1165 4577 1440 4646 ictringae

217 4640 259 4694 in
278 4644 539 4701 carinthia
565 4650 741 4712 abbas
768 4650 1086 4719 (1314—12.
1105 4648 1249 4702 Νον.
1283 4652 1439 4719 1348)
1467 4671 1471 4729 ;

1501 4440 1674 4506 1341).
1701 4436 1763 4488 in
1791 4453 1903 4503 quo
1952 4452 2084 4505 prae
2131 4435 2326 4504 primis
2371 4435 2496 4504 agit
2534 4436 2602 4488 de
2630 4435 2781 4488 duci-

1500 4509 1602 4561 bus
1648 4507 1913 4559 Austriae
1959 4510 2015 4559 et
2042 4506 2384 4571 Carinthiae,
2434 4507 2585 4575 quod
2633 4512 2782 4577 post·

1501 4579 1728 4631 modum
1782 4577 2083 4646 ampliavit
2132 4577 2393 4647 pluribus
2457 4577 2669 4631 additis
2720 4579 2781 4632 in

1499 4654 1716 4717 imperia·
1740 4653 1985 4704 chronico
2006 4652 2078 4703 ab
2099 4665 2147 4702 a.
2166 4654 2319 4707 1217.
2345 4649 2430 4702 ed.
2452 4667 2484 4701 a
2507 4649 2783 4703 Boehmer

219 4711 406 4771 «lucibus
431 4720 757 4773 Carinthiae
797 4724 855 4772 et
896 4719 1255 4788 patriarchae
1282 4720 1440 4787 aqui·
1466 4732 1471 4741 ·
1497 4720 1647 4774 inter
1690 4721 1874 4773 fontes
1913 4738 2017 4775 ror.
2047 4722 2231 4774 Germ.
2262 4721 2301 4781 l.
2327 4726 2425 4777 ⁵271
2460 4739 2545 4783 se„
2590 4739 2780 4773 sccun-

219 4784 368 4851 lejensi
408 4807 440 4841 a
480 4791 727 4853 secretis,
771 4791 903 4843 hinc
945 4790 1007 4843 in
1056 4791 1224 4845 rebus
1268 4791 1441 4860 gestis

1499 4793 1635 4845 dum
1663 4792 1836 4844 aliam
1863 4791 2245 4845 recensionem
2263 4792 2333 4844 ab
2356 4791 2419 4845 H.
2441 4791 2560 4843 Pez.
2576 4792 2780 4860 Script.

222 4858 284 4908 sui
304 4862 547 4930 temporis
572 4862 883 4916 admodum
909 4864 1182 4925 versatus,
1222 4878 1442 4932 compo-
1497 4880 1602 4917 rer.
1631 4865 1818 4917 Austr.
1852 4865 1886 4925 Ι,
1915 4869 2017 4919 755
2063 4882 2103 4916 s.
2129 4864 2473 4932 inscriptum
2519 4868 2785 4931 Anonymi

225 4927 309 4981 snit
334 4934 509 4986 librum
543 4945 812 4987 certarum
838 4937 1182 4989 historiarum
1211 4937 1439 5003 (1231-
1469 4916 1472 4988 !

1501 4938 1799 4989 Leobe'ensn's
1824 4939 2119 4988 chronicon.
2150 4936 2230 4988 Cf.
2262 4934 2534 4988 Fournier
2556 4933 2703 5002 Aug.
2727 4932 2781 4988 d.
