3475 5364
502 311 658 364 1471

497 479 755 538 auctoris
807 483 951 537 sunt
999 480 1181 537 etiam
1231 479 1663 538 Commentaria
1712 482 1775 537 in

496 568 646 628 Acta
679 569 1087 644 apostolorum,
1121 568 1304 626 Firmi
1345 579 1528 631 1590.

587 752 729 809 674.
765 746 1142 823 Augustinus
1164 746 1464 833 So'sthen
1481 765 1603 805 eus
1620 747 1775 804 Fre-

493 855 532 910 g
547 854 579 893 o
597 853 624 893 s
641 856 680 895 u
698 855 724 894 s
741 837 784 912 ¹)
818 836 884 899 Ο,
907 836 959 892 S.
981 839 1131 910 Aug.
1165 836 1491 894 Genueusis
1521 854 1776 911 opuscu-

950 298 1317 351 1541—1563.
1350 292 1686 364 patrologia.
1714 295 2007 363 Fregosus,
2037 291 2277 357 Camers,
2308 293 2639 357 Amerbach‚

2945 291 3119 363 14i2

1830 479 2012 536 dium.
2062 480 2285 537 Literas
2316 496 2556 555 graecas
2591 479 2736 538 adeo
2769 478 2993 545 calluit,
3041 482 3116 537 ut.

1830 582 1964 625 cum
1996 568 2140 626 viris
2171 569 2400 644 graecis
2447 568 2862 627 commercium
2891 569 3116 643 episto³

1830 656 1949 715 lare
1983 658 2189 733 lingua
2232 657 2449 716 foverit
2479 675 2703 734 graeca.
2782 657 2976 716 Octies
3008 657 3111 715 de-·

1830 764 2042 804 canum
2064 747 2188 822 egit
2219 746 2521 804 facultatis
2541 747 2930 822 theologicae,
2953 747 3114 821 apud

1831 850 2006 910 quam
2040 855 2252 910 magua
2283 838 2411 893 erat
2444 837 2572 911 ejus
2596 836 2938 896 auctoritas,
2987 835 3112 893 Lu··

495 926 689 982 lorum
724 944 768 987 s,
804 926 1129 1001 Augustini
1158 927 1201 982 t.
1240 935 1273 987 3
1308 925 1469 1000 typis
1504 925 1777 1001 vulgavit
1829 924 2095 982 theranis
2125 925 2608 983 innovationibus
2654 942 2716 982 se
2761 943 2893 982 mox
2926 944 3112 1000 oppo-

495 1014 755 1072 Venetiis
797 1024 959 1076 1545
996 1013 1057 1071 in
1092 1025 1160 1083 ὃς
1209 1023 1385 1076 1547.
1413 1047 1490 1055 —-
1513 1013 1774 1072 Joannes
1829 1013 1966 1081 suit,
2012 1013 2148 1071 hinc
2181 1014 2463 1072 adversus
2496 1013 2744 1071 Paulum
2778 1013 3120 1089 Speratum,

493 1104 855 1162 Ricutius
889 1103 1251 1161 Vellinus
1293 1102 1365 1160 ab
1398 1102 1545 1160 urbe
1577 1104 1776 1178 patria
1829 1103 1933 1175 qui
1965 1103 2193 1177 ‘primus
2229 1102 2486 1161 Viennae
2536 1102 2658 1161 illis
2707 1103 2768 1161 in
2815 1104 2937 1160 suis
2970 1119 3116 1161 con-·

493 1193 885 1251 communiter
917 1193 1211 1251 Camers
1244 1192 1597 1267 appellatus,
1622 1193 1771 1249 cele·
1828 1191 2097 1249 cionibus
2131 1193 2628 1266 patrocinabatur,
2675 1192 2909 1267 scripsit
2940 1192 3112 1250 theo-·

492 1282 696 1339 bratus
748 1281 1099 1351 humanista‚
1150 1282 1214 1339 O.
1248 1281 1323 1342 M.
1357 1281 1531 1339 Conv.
1574 1282 1773 1348 ,varia
1827 1280 2362 1356 logicaesacultatis
2379 1281 3114 1339 universalisstudiiviena

492 1371 761 1429 doctrina
790 1371 1112 1445 praedituS,
1164 1370 1468 1428 Musarum
1502 1371 1770 1439 antistes,
1825 1370 2025 1427 nensis
2058 1372 2362 1428 doctorum
2408 1373 2470 1428 in
2505 1365 2754 1427 Paulum
2788 1371 3108 1443 apostolum

493 1464 553 1517 et
585 1459 862 1518 historiae
905 1460 1161 1535 diligens
1195 1462 1506 1527 scrutator,
1542 1478 1609 1517 ex
1643 1464 1769 1517 stu-

492 1549 588 1606 dio
638 1549 911 1624 paduano
970 1548 1099 1629 (ubi
1150 1548 1585 1623 philosophiam
1638 1567 1770 1605 eum

492 1657 708 1713 magna
756 1638 927 1696 laude
974 1642 1064 1695 est
1109 1636 1431 1712 professus)
1482 1637 1771 1695 Viennam

494 1728 787 1785 concessit
819 1733 876 1784 et
898 1728 1124 1801 primus
1146 1726 1401 1784 doctoris
1424 1725 1660 1784 subtilis
1680 1727 1717 1783 J
1721 1746 1770 1784 o.

494 1817 659 1874 Duns
682 1816 835 1874 Scoti
859 1816 1135 1891 dogmata
1158 1815 1552 1873 subtilissima
1578 1816 1772 1889 plenis

490 1905 638 1963 velis
662 1906 968 1963 viennensi
993 1905 1302 1979 gymnasio
1329 1904 1567 1961 invexit.
1603 1904 1772 1973 Quod

492 2012 611 2052 non
660 1995 745 2051 ita
790 2000 882 2051 est
925 1994 1399 2069 intelligendum,
1453 2012 1516 2050 ac
1552 1994 1601 2050 si
1633 1998 1771 2051 ante

491 2084 687 2157 ipsum
723 2084 879 2141 Scoti
931 2102 1144 2141 nomen
1194 2083 1287 2140 vel
1337 2082 1608 2141 doctrina
1650 2101 1770 2140 non

491 2172 823 2231 insonuerit
857 2172 1129 2239 Viennae,
1166 2171 1267 2228 sed
1299 2172 1456 2245 quod
1488 2171 1615 2246 ipse
1648 2190 1769 2229 ma·

483 2262 599 2335 jori
647 2261 798 2319 sorte
850 2261 1156 2336 diligentia
1184 2260 1348 2318 illius
1395 2260 1608 2318 foverit
1640 2264 1770 2318 stu·

572 2433 793 2491 'iAlius
821 2432 894 2484 ab
921 2445 984 2482 eo
1008 2433 1093 2482 est
1134 2429 1575 2483 Fridericus
1618 2432 1770 2483 Fre-

489 2522 526 2573 g
544 2520 575 2557 ο
592 2523 616 2556 s
636 2522 671 2556 u
689 2523 713 2557 a
741 2503 1061 2573 (Fulgosus)
1093 2501 1421 2565 biennensis,
1457 2517 1490 2553 a
1516 2501 1672 2555 Julio
1700 2503 1769 2557 ΙΙ.

490 2575 561 2628 ad
589 2575 830 2645 archiep?
839 2576 1132 2641 scopatum
1155 2576 1450 2642 promotus
1477 2572 1771 2626 salernita-

492 2664 629 2701 num
660 2652 856 2718 (1507),
887 2662 1055 2712 quem
1086 2645 1277 2697 tamen
1323 2642 1421 2697 diu
1468 2644 1625 2698 adire
1654 2662 1770 2698 non

490 2719 709 2788 potuit:
734 2719 865 2771 hinc
887 2716 1233 2786 eugubinam
1255 2715 1770 2770 administrandam

491 2791 711 2859 accepit
736 2792 916 2860 (1508)
945 2786 1255 2842 ecclesiam.
1308 2790 1562 2841 Fratrem
1610 2789 1769 2840 Oeta-

492 2863 721 2913 vianum
763 2859 1112 2929 reipublicae
1153 2859 1456 2927 genuensis
1490 2862 1768 2926 guberna-

489 2937 667 2986 torem
714 2933 773 2985 in
826 2948 892 2984 ea
942 2929 1395 2982 administranda
1445 2930 1768 3000 intrepidus

488 3003 723 3056 militiae
744 3003 858 3054 dux
873 3001 1045 3071 juvit.
1083 3000 1321 3054 Coactus
1343 3001 1524 3054 turbis
1554 3001 1768 3055 bellicis

487 3074 542 3126 in
592 3074 837 3127 Galliam
890 3072 1167 3142 confugit,
1213 3090 1246 3125 a
1293 3071 1587 3126 Francis-co
1637 3089 1767 3142 rege

486 3145 700 3213 optime
751 3149 1018 3214 exceptus
1063 3147 1121 3196 et
1160 3161 1200 3197 s.
1242 3143 1485 3212 Benigni
1536 3146 1768 3199 abbatia

485 3215 726 3270 Divione
754 3216 862 3269 sita
888 3218 1106 3278 auctuS,
1134 3215 1363 3278 ibidem,
1391 3234 1520 3268 cum
1548 3216 1767 3285 lingua·

484 3305 610 3341 rum
636 3303 869 3358 graecae
911 3290 968 3341 et
1006 3286 1299 3339 hebraicae
1346 3287 1547 3356 peritia
1579 3288 1767 3341 clarus

485 3363 643 3422 esset,
697 3378 766 3414 ss.
817 3359 1111 3412 literarum
1163 3357 1353 3411 studio
1419 3359 1765 3427 pietatisque

485 3431 762 3484 exercitiis
780 3433 963 3484 totum
985 3447 1038 3482 se
1055 3429 1424 3498 mancipavit.
1443 3430 1768 3483 inderediit

484 3503 555 3555 ad
584 3502 873 3556 ecclesiam
900 3502 1263 3572 eugubinam,
1287 3517 1460 3568 quam
1484 3502 1763 3554 virtutum

483 3574 756 3644 exemplis
779 3573 1016 3627 maxime
1036 3573 1367 3626 illustravit.
1398 3574 1445 3624 A
1475 3573 1646 3626 Paulo
1668 3574 1761 3626 111.

481 3646 628 3699 inter
650 3645 964 3700 cardinales
988 3644 1100 3698 fuit
1121 3646 1334 3698 electus
1358 3650 1440 3699 12.
1458 3645 1761 3708 Dec.1539,

481 3734 650 3785 quem
679 3718 945 3773 honorem
975 3715 1204 3769 nonnisi
1231 3714 1400 3768 minis
1434 3714 1762 3784 apostolicis

479 3791 803 3860 compulsus
854 3789 1187 3856 acceptavit,
1234 3787 1328 3839 sed
1373 3804 1496 3840 mox
1544 3786 1766 3840 dimisit

479 3864 654 3913 morte
682 3863 953 3928 abreptus
979 3864 1064 3914 :2:2.
1091 3858 1120 3911 J
1131 3859 1205 3917 ul.
1235 3862 1407 3920 1541„
1436 3873 1470 3911 a
1498 3858 1762 3912 Sadoleto

480 3932 736 3985 oratione
766 3931 989 3984 funebri
1018 3947 1190 3997 quam
1214 3934 1456 3983 maxime
1482 3946 1761 3984 commen·

479 4002 664 4056 datus.
716 4001 1095 4055 Peritissimus
1137 4005 1260 4052 crat
1285 4017 1348 4053 eo
1378 4007 1629 4070 tempore
1658 4001 1761 4055 lin-

479 4091 625 4143 guae
653 4074 964 4126 hebraicae.
994 4071 1254 4139 Reliquit
1280 4075 1373 4126 Pia
1390 4095 1413 4122 e
1431 4077 1760 4128 clu-:suanis-

478 4150 611 4197 st'mn
630 4154 694 4197 tr,
714 4148 849 4197 (zena
868 4149 1119 4208 oratione,
1138 4144 1179 4196 il
1197 4143 1365 4211 quale
1384 4144 1655 4196 dimostra
1675 4160 1761 4197 co-

479 4233 565 4268 ine
580 4215 626 4268 si
640 4216 819 4270 debba
835 4232 1009 4270 orare:
1025 4215 1125 4283 qui
1141 4217 1331 4267 tamen
1344 4231 1470 4267 cum
1484 4215 1763 4283 prodierit

478 4305 604 4340 eum
634 4288 919 4356 opusculis
941 4287 1100 4340 Della
1128 4286 1591 4355 giustificatione‚
1609 4287 1760 4339 della

477 4359 605 4411 sede
633 4375 661 4411 e
683 4360 829 4413 delle
848 4375 1014 4428 opere
1036 4380 1046 4414 ;
1076 4359 1400 4411 Prefatione
1421 4358 1535 4410 alla
1558 4357 1761 4411 lettera

477 4430 535 4483 di
563 4447 604 4484 s.
632 4429 803 4484 Paolo
831 4431 887 4484 ai
915 4430 1172 4490 Romani,
1215 4446 1361 4497 quae
1390 4432 1525 4481 sunt
1553 4429 1756 4484 versio-

478 4519 573 4555 nes
592 4501 930 4570 scriptorum
962 4504 1001 4556 L
1020 4520 1055 4554 u
1076 4503 1151 4554 th
1169 4519 1196 4552 e
1213 4518 1239 4552 r
1258 4501 1291 4558 i.
1322 4500 1611 4568 quondam
1674 4518 1757 4552 ro-

474 4573 693 4627 hibitus
743 4575 1040 4642 legebatur
1090 4573 1151 4626 in
1196 4572 1381 4625 Indice
1437 4571 1566 4626 trid.
1660 4573 1758 4641 jus

474 4649 719 4712 epistolae
757 4641 1124 4714 reperiuntur
1165 4643 1314 4697 inter
1359 4659 1445 4712 ep.
1490 4643 1757 4708 Sadoleti,

476 4716 727 4772 Cortesii.
770 4716 978 4769 Bembo
1008 4719 1111 4769 etc.
1163 4714 1243 4768 Cf.
1280 4714 1607 4767 Tiraboschi
1636 4715 1757 4768 VII.

476 4806 527 4856 p.
556 4793 587 4844 :2
616 4788 652 4842 1.
680 4792 712 4844 3
740 4805 784 4842 e.
812 4796 843 4843 ’.ἐ
872 4806 925 4845 n.
953 4793 987 4842 4
1015 4804 1114 4846 ss.;
1168 4787 1318 4856 Eggs
1361 4786 1532 4854 Purp.
1560 4787 1758 4839 doctae

475 4859 510 4913 1.
558 4859 649 4912 lv,
679 4869 703 4922 ξ
730 4864 816 4913 55.

1828 1458 1929 1515 sed
1980 1477 2117 1517 suae
2176 1458 2399 1517 farinae
2449 1459 2786 1517 hominihus
2838 1457 2951 1521 ἀνὰ
2997 1464 3106 1543 τὴν

1827 1550 2151 1628 πρότθεπιν
2172 1544 2441 1631 ἐπίμονον
2466 1549 2770 1623 Speratum
2794 1547 3106 1624 radiatio,

1827 1635 2087 1694 Viennae
2132 1645 2311 1699 1524.
2393 1637 2533 1696 Post
2566 1638 2797 1712 aliquot
2830 1655 3014 1695 annos
3046 1638 3112 1695 in

1828 1725 2072 1800 patriam
2105 1726 2296 1793 rediit,
2332 1725 2436 1784 ubi
2469 1742 2643 1784 senex
2668 1736 2745 1788 98
2772 1745 2819 1784 a.
2853 1725 3110 1784 decessit

1827 1834 1874 1870 a.
1901 1824 2000 1876 30.
2023 1816 2178 1889 Sept.
2211 1825 2392 1876 1546.
2431 1816 2583 1874 Suae
2617 1833 2790 1873 curae
2823 1814 3106 1873 debemus¹

1827 1903 2114 1962 editiones
2159 1907 2469 1962 auctorum
2517 1907 2782 1963 veterum
2831 1904 3108 1962 classico-

1825 2011 1960 2049 rum
1979 1988 2040 2072 1),
2078 2010 2224 2067 quas
2258 1993 2511 2050 eruditis
2544 1992 2928 2067 locupletavit
2947 2011 3107 2050 com-

1827 2082 2130 2139 mentariis
2152 2084 2211 2139 et
2233 2082 2742 2140 annotationibus:
2779 2083 2892 2140 huc
2914 2083 3108 2140 solum

1826 2174 2096 2244 spectant
2127 2170 2441 2228 Claudiani
2460 2188 2636 2245 opera
2666 2172 3107 2229 accuratissime

1825 2261 2145 2335 recognita,
2195 2259 2452 2318 Viennae
2507 2270 2670 2322 1510
2719 2260 2785 2317 in
2833 2270 2906 2324 4.,
2956 2279 3116 2335 quae

1825 2348 1911 2405 ed.
1960 2350 2372 2424 complectitur
2417 2350 2592 2407 etiam
2645 2351 2817 2407 antea
2862 2348 3106 2408 inedita.

1826 2436 1968 2512 Ejus
2020 2438 2428 2496 annotationes
2479 2438 2543 2495 in
2576 2438 2882 2496 Canticum
2931 2438 3114 2507 caut,

1826 2526 1888 2583 in
1934 2526 2320 2602 Evangelium
2353 2525 2621 2595 «Ioannis»,
2673 2526 2737 2584 in
2769 2528 3106 2603 Apocalyp-

1825 2615 1931 2684 sin,
1985 2615 2044 2672 in
2099 2636 2187 2691 ep.
2233 2615 2305 2673 ad
2350 2634 2622 2674 romanos
2667 2619 3000 2674 asservatae
3042 2617 3111 2673 in‘

1826 2705 2184 2764 bibliotheca
2214 2724 2358 2763 caes.
2380 2706 2687 2764 viennensi
2719 2725 2838 2764 non
2871 2705 3104 2780 prodie-

1823 2797 1985 2856 runt.
2037 2828 2124 2837 —-
2178 2793 2350 2852 Vitus
2399 2795 2823 2854 Amerbach
2873 2792 3104 2875 (Amer-

1822 2881 1996 2963 pach)
2032 2885 2291 2942 Bavarus
2322 2902 2377 2940 n.
2426 2894 2608 2950 1503,
2644 2884 3104 2960 Wittembergae

1824 2973 2037 3030 studiis
2070 2973 2236 3030 dedit
2267 2989 2502 3047 operam
2537 2973 2874 3047 ibidemque
2909 2974 3103 3048 philo·

1824 3061 2086 3137 sophiam
2108 3067 2199 3119 est
2221 3065 2532 3136 professus.
2556 3063 2842 3120 Adhaesit
2864 3062 3101 3137 quidem

1820 3150 2066 3209 Lutheri
2085 3140 2612 3220 'innovationibu33
2663 3151 2863 3210 studio
2904 3159 3122 3210 tamen*

1820 3243 2057 3314 patrum
2091 3241 2293 3297 harum
2315 3238 2635 3298 falsitatem
2658 3241 2918 3316 agnovit.
2951 3240 3103 3299 Hine

1821 3329 2028 3386 relicta
2073 3328 2367 3387 academia
2411 3329 2588 3387 rediit
2635 3347 2770 3387 cum
2816 3347 2996 3387 uxore
3042 3333 3102 3387 et

1821 3418 1958 3475 filiis
1993 3417 2066 3476 ad
2098 3418 2425 3476 Ecclesiam.
2503 3417 2716 3476 Faetus
2762 3422 2853 3476 est
2903 3419 3100 3495 lugol-

1821 3507 2002 3565 stadii
2048 3508 2449 3583 philosophiae
2497 3513 2556 3566 et
2601 3507 2931 3566 rhetoricae
2963 3523 3106 3583 proi

1821 3597 2008 3654 sessor
2055 3593 2116 3676 (†
2156 3606 2250 3658 13.
2287 3599 2447 3671 Sept.
2502 3595 2711 3674 1557).
2791 3595 2958 3655 Inter
2988 3597 3098 3655 hu-

1818 3685 2102 3743 manistas
2125 3685 2408 3744 inclaruit
2438 3688 2616 3760 atque
2639 3685 2809 3760 plura
2829 3689 3105 3744 veterum

1818 3793 1994 3849 opera
2006 3773 2055 3854 2)
2079 3775 2280 3842 edidit,
2316 3776 2475 3833 inter
2495 3794 2646 3849 quae
2669 3776 2898 3849 aliquot
2918 3795 3095 3851 opus-

1895 4004 1903 4036 ¹
1915 4009 1929 4063 )
1960 3998 2032 4050 Cf
2055 3998 2349 4051 Aschbaeh
2379 3998 2714 4052 Geschichte
2742 3999 2842 4052 der
2869 3998 3099 4053 Wiener

1818 4068 2075 4124 Univers.
2103 4070 2171 4132 ΙΙ,
2199 4073 2497 4132 172—185,
2526 4070 2626 4137 qui
2653 4074 2916 4123 accurate
2955 4071 3096 4137 ejus·

1819 4141 1968 4193 modi
2011 4140 2308 4200 editiones,
2351 4141 2559 4208 quibus
2598 4142 2821 4194 Camers
2851 4141 3096 4195 nominis

1816 4212 2200 4265 celebritatem
2229 4212 2413 4274 debet,
2442 4214 2710 4266 recenset.

1894 4289 1930 4340 Γ)
1960 4283 2039 4338 Cf.
2070 4285 2225 4338 Flos-s
2267 4283 2377 4338 KL.
2406 4284 2473 4342 1⁹.
2502 4289 2777 4340 705—11:
2830 4283 2968 4337 Rasa
2995 4284 3100 4338 Die

1817 4355 2182 4409 Convertiten
2211 4356 2248 4419 I,
2278 4359 2542 4414 23322235:
2573 4371 2742 4424 opera
2770 4355 2926 4424 apud
2955 4355 3097 4408 Ade-

1816 4427 1959 4496 lung
2000 4425 2040 4492 l,
2071 4431 2172 4483 722
2201 4445 2242 4481 a.
2284 4427 2436 4480 Idem
2487 4426 2776 4496 pra-estitit
2821 4427 3052 4479 Beatu
3072 4444 3096 4479 s

1814 4497 1895 4551 Bi
1915 4498 1984 4550 ld
2003 4498 2075 4551 iu
2096 4515 2120 4550 s
2161 4498 2336 4568 vulgo
2378 4498 2448 4550 ab
2476 4497 2690 4567 oppido
2730 4497 2918 4567 patrio
2945 4498 3097 4566 geni·

1815 4570 1950 4623 toris
1997 4570 2257 4623 Rheinau
2306 4569 2352 4621 R
2369 4569 2404 4620 h
2422 4585 2451 4622 e
2469 4587 2505 4621 n
2523 4585 2556 4621 a
2574 4587 2610 4622 u
2629 4587 2665 4621 u
2684 4587 2708 4622 s
2752 4569 3095 4639 appellatus,

1815 4659 1866 4696 n.
1899 4658 1943 4694 c.
1973 4645 2111 4696 1485
2157 4641 2566 4695 Schlettatadii.
2604 4640 2821 4695 Studiis
2865 4656 3096 4709 operam

1814 4713 2050 4767 dederat
2098 4712 2348 4778 Parisiis,
2402 4714 2788 4782 Argentorati‚
2840 4710 3096 4766 Basileae

1815 4786 2084 4851 totusque
2111 4783 2377 4837 incubuit
2422 4784 2602 4838 literis
2643 4783 3102 4846 humanioribuS,

1816 4856 1965 4908 unde
1984 4858 2133 4908 iuter
2150 4854 2506 4908 humanistas
2523 4854 2792 4908 inclaruit
2808 4859 2853 4924 (†
2866 4857 2950 4911 18.
2963 4853 3104 4923 Maj.
