3475 5364
338 372 503 423 1497

752 351 999 421 Baynus,
1028 352 1337 421 Moringus,
1366 351 1647 416 Nunnius,
1674 353 1744 406 de
1771 353 1830 406 la
1855 351 2101 421 Huerga,
2132 351 2416 405 Torsanus
2443 354 2548 406 etc.

2789 367 2952 421 1498

334 539 529 609 illius;
562 539 825 616 graviter
857 538 1161 597 invehitur
1190 539 1254 596 in
1286 539 1614 597 Lutherum
1670 558 1823 597 cum
1843 533 2256 619 (cf.p.l492a.)
2275 543 2679 613 exposuerunt
2697 541 2955 597 Petrus

334 630 583 704 ejusque
610 632 944 698 sectatores,
967 628 1068 687 sed
1089 631 1148 686 et
1167 628 1610 704 carpitabusus,
1670 629 1723 687 N
1742 648 1828 686 an
1843 628 1979 686 niu
1996 646 2023 685 s
2045 622 2421 709 (Nanningh)
2442 627 2765 688 Alcmariae
2797 629 2951 703 apud

334 718 440 793 qui
483 717 856 793 irrepserunt
896 718 961 777 in
1004 718 1230 777 clerum
1247 713 1312 797 ¹).
1376 717 1610 792 Episto-
1670 719 1924 777 Batavos
1965 726 2129 779 1500
2167 736 2222 774 n.
2255 716 2488 792 collegii
2521 718 2826 794 trilinguis
2847 718 2955 776 Lo-

336 809 425 865 lae
456 806 565 865 XII
614 808 682 865 de
726 810 941 885 negotio
974 807 1286 882 reliqioniS,
1341 806 1613 865 Coloniae
1671 806 1834 865 vanii
1865 805 2175 880 professor,
2210 807 2527 864 canonicus
2559 808 2955 867 atrebatensis

340 905 524 959 1567.

428 1083 569 1137 684.
604 1075 914 1133 Proverbia
933 1074 1259 1133 Salomonis
1289 1093 1422 1133 cum
1456 1075 1613 1151 glos·

334 1164 414 1222 sis
444 1163 632 1221 edidit
650 1182 827 1222 versu
859 1165 919 1221 et
936 1182 1109 1238 prosa
1138 1164 1183 1221 F
1200 1183 1231 1221 r
1244 1182 1278 1221 a
1293 1183 1334 1221 n
1350 1164 1416 1222 ci
1437 1181 1464 1221 s
1481 1182 1511 1222 c
1526 1183 1569 1221 u
1586 1183 1612 1221 s

336 1252 407 1311 de
441 1253 778 1311 Castillo
829 1252 893 1311 Ο.
927 1254 1069 1310 Min.
1101 1272 1223 1329 reg.
1257 1254 1379 1312 obs.
1413 1252 1609 1328 hispa-

334 1361 448 1400 nus
481 1342 743 1400 Conchae
785 1349 948 1405 1558
983 1342 1044 1399 in
1085 1350 1179 1404 12.
1208 1376 1283 1385 —
1310 1343 1376 1399 In
1409 1343 1610 1399 eadem

334 1431 640 1508 egregium
673 1432 1163 1489 commentarium
1209 1431 1459 1505 reliquit
1491 1432 1611 1489 Ru-

335 1519 593 1594 dolphus
616 1520 661 1577 B
679 1539 764 1596 ay
779 1539 820 1578 n
837 1539 877 1577 ιι
894 1539 921 1579 s
941 1520 1181 1597 linguae
1213 1520 1520 1579 hebraicae
1552 1520 1614 1576 in

336 1608 730 1667 universitate
749 1608 1063 1683 parisiensi
1094 1610 1391 1685 professor
1410 1613 1617 1685 postea

337 1699 450 1757 sub
483 1697 666 1755 Maria
695 1697 945 1774 Angliae
991 1699 1199 1775 regina
1229 1700 1615 1758 conventren·

336 1788 419 1846 sis
452 1787 764 1863 episcopus
798 1784 857 1869 (†
896 1782 1113 1870 1560),
1148 1788 1389 1846 Parisiis
1429 1797 1613 1856 1550,

336 1877 440 1952 qui
470 1876 767 1952 reperitur
796 1880 857 1934 et
887 1877 1047 1934 inter
1066 1877 1299 1935 criticos
1333 1895 1527 1934 sacros
1557 1879 1618 1934 et

336 1967 399 2023 in
420 1966 615 2042 Migne
648 1983 828 2023 cursu
860 1965 1150 2040 completo
1183 1986 1226 2024 S.
1258 1966 1614 2039 scripturae.

336 2088 421 2098 ——-
474 2054 765 2113 Ger-ardus
814 2054 1004 2113 Mori
1026 2074 1176 2131 ngu
1197 2074 1242 2123 a,
1308 2051 1615 2134 (Morinck,

335 2143 625 2221 Mornick)
657 2143 1097 2213 Bommelanus,
1145 2144 1369 2213 Gelder,
1415 2148 1619 2218 pastor

338 2233 638 2307 lectorque
668 2232 732 2290 in
763 2232 1007 2291 abbatia
1025 2232 1097 2291 ad
1120 2250 1165 2290 s.
1187 2233 1523 2291 Trudonem
1553 2233 1618 2289 in

336 2321 559 2380 ditione
611 2321 891 2379 leodiensi
944 2318 1004 2402 (†
1063 2316 1272 2401 1556),
1324 2339 1610 2379 commen·

336 2411 560 2468 tarium
592 2412 655 2467 in
688 2410 1067 2468 Ecclesiasten
1116 2410 1454 2486 composuit
1482 2429 1617 2485 par-

336 2499 446 2557 tim
499 2499 950 2575 paraphrastice,
999 2500 1219 2574 partim
1262 2499 1488 2558 fusiore
1520 2517 1617 2556 ex·

337 2588 693 2665 planatione,
739 2588 814 2646 ab
847 2589 1149 2665 allegoriis
1182 2589 1509 2659 abstinens,
1544 2587 1618 2645 li·

335 2678 509 2738 terali
570 2678 770 2738 sensui
846 2678 1224 2755 potissimum
1286 2677 1616 2748 inhaerens,

337 2768 697 2844 Antverpiae
739 2775 903 2831 1538
939 2769 1002 2826 in
1036 2776 1090 2832 8.
1140 2768 1387 2845 Collegit
1433 2767 1617 2826 Vitam

337 2877 383 2915 s.
404 2859 717 2934 Auyustini
737 2875 807 2914 ex
841 2857 988 2932 ipsis
1016 2857 1392 2934 potissimum
1413 2875 1460 2916 s,
1484 2857 1619 2914 doc-

336 2947 483 3004 toris
503 2947 926 3015 monumentis,
949 2946 1027 3004 ib.
1056 2955 1219 3009 1533
1254 2946 1317 3004 in
1340 2955 1410 3015 83
1455 2956 1617 3008 1644

338 3053 470 3093 cum
505 3034 750 3093 Sanderi
779 3036 971 3105 notis;
1005 3037 1183 3094 vitam-
1215 3055 1259 3099 s.
1305 3036 1613 3110 Trudom's,

339 3141 415 3181 ss.
449 3122 668 3202 Liberii
715 3125 775 3181 et
806 3123 1099 3193 Eucherii,
1131 3123 1376 3182 Lovanii
1416 3132 1617 3190 154ος

338 3214 519 3270 vitam
538 3211 839 3270 Hadriani
855 3211 948 3270 VI.
965 3211 1028 3269 P.
1047 3212 1149 3281 M„
1168 3212 1407 3271 Lovam'i
1436 3223 1456 3273 l
1475 3222 1505 3273 5
1518 3222 1618 3282 36;

340 3300 650 3374 Ultrajecti
677 3308 841 3363 1827
880 3301 1037 3358 inter
1058 3301 1324 3360 analecta
1344 3300 1621 3358 historica

339 3389 412 3447 de
461 3389 761 3447 Hadriano
811 3388 907 3448 VI.
960 3394 1201 3448 auctore
1250 3391 1411 3465 Casp.
1464 3390 1619 3446 Bur-

1671 890 1732 976 (†
1770 906 1867 959 31.
1902 896 2024 954 Jul.
2067 891 2277 972 1557),
2330 896 2500 970 cujus
2553 897 2812 971 plurima
2857 915 2955 955 ex·

1672 988 1836 1043 stant
1879 984 1951 1043 ad
1997 984 2203 1042 literas
2256 985 2631 1044 humaniores
2683 989 2952 1061 spectan-

1670 1074 1757 1132 tia
1770 1070 1836 1154 ¹),
1870 1078 1930 1131 et
1950 1072 2349 1147 Paraphrasis
2379 1077 2441 1132 et
2470 1075 2684 1133 scholia
2716 1077 2778 1132 in
2804 1075 2954 1132 Can·

1671 1166 1787 1221 tica
1836 1165 2206 1231 canticorum,
2257 1162 2506 1221 Lovanii
2549 1173 2714 1225 1554
2768 1164 2829 1221 in
2883 1175 2952 1233 43

1673 1252 1894 1311 scholia
1938 1254 2001 1309 in
2047 1252 2429 1329 Sapientiam,
2480 1252 2746 1311 Basileae
2790 1262 2951 1315 1552

1671 1342 1732 1400 in
1768 1351 1840 1411 4;
1892 1360 2046 1416 quae
2078 1361 2111 1398 a
2158 1341 2484 1400 Colomesio
2535 1343 2796 1400 multum
2827 1343 2957 1400 lau·

1672 1430 1894 1489 dantur
1925 1427 2014 1510 (in
2034 1429 2255 1505 quibus
2285 1434 2484 1488 tamen
2517 1431 2720 1505 aliqua
2743 1449 2951 1507 expur-

1672 1520 1869 1596 ganda
1899 1519 2132 1577 notavit
2150 1518 2332 1577 Index
2366 1516 2706 1601 hispanus);
2742 1521 2960 1579 Psalmi

1672 1610 1889 1686 aliquot
1949 1608 2292 1684 paraphrasi
2355 1609 2586 1683 poetica
2646 1608 2956 1677 illustrati,

1673 1699 2031 1773 Antverpiae
2073 1706 2234 1759 1572
2281 1698 2344 1755 in
2379 1706 2431 1761 8.
2467 1698 2832 1757 Latomianis
2867 1699 2956 1755 in-

1673 1788 1816 1845 serti
1836 1809 1849 1855 ;
1872 1786 2090 1863 scripta
2111 1786 2338 1862 aliquot
2357 1790 2594 1861 patrum
2614 1805 2958 1864 graecorum

1672 1877 1857 1934 latine
1871 1875 2221 1938 redditaetc.
2241 1909 2328 1918 —
2350 1876 2444 1951 Cy
2460 1877 2738 1951 prianu
2755 1894 2782 1934 s
2815 1876 2961 1934 dela

1674 1966 1883 2023 Huer
1897 1984 1986 2041 ga
2031 1964 2096 2023 Ο.
2130 1965 2208 2022 Ci.
2255 1964 2318 2022 in
2365 1965 2661 2023 academia
2692 1966 2958 2041 complu·

1674 2054 1831 2112 tensi
1882 2053 2110 2112 celeber
2162 2072 2235 2115 ss,
2288 2053 2598 2112 literarum
2644 2055 2956 2130 interpres,

1673 2144 2017 2219 linguarum
2051 2142 2428 2201 orientalium
2461 2162 2697 2218 quoque
2731 2143 2959 2217 peritus

1676 2228 1735 2311 (†
1774 2228 1988 2312 1560),
2037 2233 2208 2306 cujus
2240 2232 2564 2307 posthuma
2609 2232 2961 2308 prodierunt

1675 2320 2112 2379 commentaria
2142 2324 2204 2379 in
2237 2322 2270 2378 l.
2304 2321 2353 2378 b.
2387 2321 2497 2379 Job
2529 2325 2589 2380 et
2620 2324 2684 2379 in
2721 2323 2961 2380 Cantica

1675 2412 2029 2468 canticorum
2051 2410 2398 2480 SalomoniS,
2434 2411 2734 2485 Compluti
2765 2419 2958 2478 15823

1675 2496 1739 2556 in
1776 2500 2120 2573 prophetam
2155 2499 2409 2575 Nahum,
2457 2499 2738 2575 Lugduni
2791 2510 2948 2561 1561

1676 2588 1740 2645 in
1777 2596 1851 2658 8;
1887 2590 1946 2645 in
1978 2588 2239 2647 Psalmos
2272 2590 2357 2648 38
2390 2595 2439 2646 et
2478 2592 2623 2663 129,
2660 2589 2956 2663 Compluti

1684 2687 1886 2748 15553
1947 2678 2121 2752 plura
2178 2680 2380 2735 tamen
2439 2681 2789 2736 manserunt
2834 2682 2957 2736 ine-

1677 2766 1818 2835 dita,
1852 2771 1924 2825 ut
1944 2767 2188 2844 isagoge
2218 2767 2282 2824 in
2302 2770 2492 2824 totam
2507 2786 2551 2826 s.
2572 2766 2957 2843 Scripturam,

1677 2856 1750 2914 de
1782 2856 2016 2932 opificio
2049 2856 2256 2914 mundi
2277 2856 2339 2913 ll.
2364 2866 2419 2925 3,
2455 2857 2870 2915 commentaria
2897 2857 2961 2913 in

1675 2946 1880 3021 plures
1913 2946 2194 3015 Psalm08‚
2229 2945 2292 3002 in
2322 2944 2539 3004 Isaiam
2572 2945 2631 3008 11.
2671 2956 2727 3014 4,
2763 2948 2826 3003 in
2859 2946 2959 3006 Ev.

1676 3035 1960 3094 Matthaei
1975 3039 2036 3093 et
2046 3035 2083 3093 J
2087 3035 2309 3103 cannia,
2329 3034 2392 3092 in
2411 3035 2646 3109 aliquot
2661 3054 2749 3111 ep.
2769 3035 2956 3101 Pauli,

1677 3124 1742 3181 in
1771 3124 2211 3200 Apocalypsim,
2249 3123 2321 3181 de
2352 3124 2580 3183 ratione
2612 3124 2870 3182 musicae
2902 3129 2963 3180 et

1679 3213 2218 3271 instrumentorum
2248 3230 2366 3271 usu
2400 3212 2556 3288 apud
2593 3218 2820 3271 veteres
2843 3212 2958 3270 He·

1676 3301 1882 3359 bracos
1896 3298 1946 3382 ²)
1981 3305 2087 3360 etc.
2122 3302 2356 3358 Partem
2390 3320 2624 3376 quoque
2655 3301 2869 3359 habuit
2900 3302 2962 3358 in

1676 3389 1939 3448 editione
1969 3391 2305 3466 polyglotta
2335 3407 2377 3446 a.
2414 3390 2767 3464 Scripturae,
2810 3408 2961 3463 quae

338 3497 585 3544 manno:
636 3478 827 3537 oratio
861 3478 1219 3555 panegyrica
1265 3481 1334 3537 de
1361 3495 1618 3554 pauper·
1675 3478 1902 3554 prodiit
1950 3478 2060 3537 sub
2115 3477 2394 3552 auspiciis
2446 3479 2602 3536 card.
2667 3478 2960 3536 Ximenez.

340 3575 450 3625 tate
480 3569 873 3641 ecclesiastica,
905 3568 1153 3627 Lovanii
1193 3577 1395 3637 1528;
1443 3585 1523 3625 or.
1556 3569 1621 3624 in

340 3658 566 3715 laudem
599 3659 1024 3732 temperantiae,
1046 3657 1407 3732 Antverpiae
1434 3666 1620 3719 1530.

340 3778 426 3790 —
463 3746 706 3805 Cantica
736 3749 1092 3805 canticorum
1123 3749 1358 3821 praeter
1387 3744 1478 3803 J0.
1514 3745 1619 3802 Pi-

421 3995 456 4059 ¹)
487 3988 567 4043 Cf.
610 3989 674 4042 R.
716 3988 1010 4041 Heinrichs
1052 3987 1160 4042 Der
1202 3988 1509 4042 Humanist
1549 3987 1621 4041 M.

340 4060 705 4114 Bredeubach
733 4060 816 4112 als
846 4060 1061 4129 Exeget
1083 4060 1145 4112 iu
1168 4059 1443 4113 Katholik
1465 4063 1621 4116 1893.

340 4131 409 4193 II,
437 4135 715 4188 329—452
742 4135 1021 4187 445—69:
1048 4135 1348 4194 519-538,
1370 4131 1468 4198 qui
1499 4148 1623 4199 pro·

341 4201 473 4254 latis
503 4201 806 4270 praeclaris
822 4202 1229 4270 speciminibus
1255 4219 1322 4255 ex
1340 4203 1463 4270 ejus
1479 4218 1623 4257 com·

342 4273 634 4327 mentariis
675 4273 969 4327 concludit
1006 4292 1058 4343 p.
1098 4278 1235 4330 537:
1263 4273 1337 4326 M.
1383 4272 1625 4327 Breden-

341 4345 486 4398 bach
513 4345 610 4398 der
640 4343 1112 4412 ..Gymnasiarch“
1146 4362 1257 4398 von
1284 4343 1624 4411 Emmerich,

341 4415 562 4478 nimmt,
629 4432 688 4468 so
754 4421 980 4468 iniissen
1034 4416 1138 4468 wir
1165 4458 1177 4470 .
1208 4456 1220 4468 .
1251 4458 1263 4469 .
1318 4415 1623 4480 urtheilen,

343 4491 509 4540 unter
538 4487 646 4540 don
678 4487 1071 4541 bedentendeu
1100 4486 1393 4551 Mannern,
1423 4487 1515 4540 die
1544 4487 1621 4540 im

1682 3600 1761 3609 —-
1785 3568 2052 3644 Angelus
2075 3566 2262 3625 Maria
2292 3567 2337 3624 T
2355 3585 2388 3625 o
2404 3586 2436 3624 r
2452 3585 2479 3625 s
2496 3587 2528 3624 a
2545 3586 2585 3624 n
2602 3586 2641 3625 u
2659 3586 2686 3625 s
2719 3567 2780 3626 Ο.
2802 3566 2961 3625 Serv.

1677 3656 1733 3714 b.
1787 3657 1860 3714 M.
1910 3656 1973 3714 V.
2022 3656 2413 3714 Ariminensis
2465 3656 2787 3730 explicavit
2817 3655 2961 3715 Pro-

1678 3745 1870 3804 verbia
1916 3745 1976 3802 V.
2019 3765 2086 3804 ac
2118 3746 2193 3803 N.
2240 3745 2317 3813 T.,
2355 3744 2616 3803 Venetiis
2656 3754 2841 3806 1563.
2876 3778 2962 3788 —-

1680 3835 2144 3892 Franciscus
2165 3833 2600 3892 Zichemius
2619 3829 2961 3914 (Zichenus)

1680 3923 1742 3980 O.
1777 3924 1915 3981 Min.
1950 3922 2352 3981 Brabantinus
2399 3926 2634 3999 praeter
2678 3923 2797 3981 alia
2826 3923 2962 3981 reli·

1681 4013 1816 4087 quit
1859 4012 2290 4071 enarrationem
2332 4014 2393 4070 in
2417 4013 2764 4087 proplietam
2796 4012 2959 4070 Jere-

1679 4104 1876 4171 miam,
1912 4101 2181 4160 Coloniae
2223 4111 2383 4163 1559
2418 4102 2478 4159 in
2504 4110 2558 4165 8.
2596 4139 2658 4149 -
2690 4102 2772 4160 De
2788 4102 2961 4177 Alph.

1681 4190 1722 4248 C
1735 4210 1770 4249 a
1784 4209 1813 4248 s
1828 4195 1857 4248 t
1873 4209 1902 4247 r
1917 4209 1967 4259 o,
2020 4190 2124 4266 qui
2157 4190 2591 4249 commentariis
2636 4190 2965 4250 illustravit

1681 4280 1996 4355 prophetas
2028 4280 2283 4338 minores
2314 4279 2384 4337 cf.
2418 4300 2476 4355 p.
2516 4290 2701 4342 1395.

1776 4467 1918 4519 685.
1997 4457 2128 4514 Jam
2183 4459 2256 4515 ad
2310 4460 2377 4516 N.
2427 4458 2487 4515 T.
2553 4455 2960 4539 accedamusss)

342 4557 610 4612 Zeitalter
636 4559 735 4612 der
765 4558 1220 4618 ..Reformatiom
1252 4558 1433 4612 durch
1462 4557 1627 4612 Wort
1681 4548 1903 4605 Novum
1934 4548 1993 4604 T.
2034 4546 2310 4624 Vulqatae
2338 4549 2602 4605 editionis
2633 4554 2961 4606 correctum

343 4629 459 4683 und
490 4628 705 4683 Schrift
731 4629 1035 4683 mannhaft
1054 4630 1163 4682 den
1184 4630 1339 4683 alten
1363 4630 1624 4685 Glauben

342 4700 403 4754 in
466 4699 795 4754 liebevoller
858 4701 1346 4770 Anhanglichkeit
1394 4718 1466 4755 an
1530 4701 1623 4755 die

342 4772 696 4826 katholische
732 4771 939 4825 Kirche
980 4772 1417 4842 vertheidigten,
1459 4773 1624 4826 einen

343 4844 838 4912 hervorragenden
904 4843 1063 4897 Platz
1128 4843 1238 4899 ein.
1316 4844 1400 4897 Cf.
1452 4843 1624 4897 etiam

1759 4705 1797 4764 ¹)
1827 4699 1908 4753 Cf.
1938 4698 2201 4769 Foppens
2232 4699 2295 4758 ll.
2321 4703 2442 4756 994.

1758 4776 1796 4841 ²⁴)
1825 4769 1907 4825 Cf.
1935 4769 2058 4825 Nic.
2090 4771 2373 4823 Antonius
2403 4771 2437 4834 l,
2466 4775 2588 4827 259.

1756 4847 1797 4910 a]
1825 4844 1905 4896 De
1932 4844 2016 4896 Jo.
2048 4839 2120 4893 M.
2149 4842 2371 4895 Veri-ati
2419 4841 2687 4910 operibus
2715 4842 2777 4894 in
2805 4841 2873 4896 N.
2902 4844 2962 4897 Τ.

344 4916 667 4968 Hartzheim
699 4933 753 4984 p.
779 4919 913 4974 ⁶239:
970 4915 1155 4968 Kessel
1204 4915 1315 4968 KL.
1347 4915 1437 4980 112,
1467 4920 1624 4971 1218.
1674 4914 1796 4982 jam
1824 4930 1997 4984 supra
2024 4932 2078 4982 p.
2109 4917 2246 4970 1456
2273 4913 2512 4982 egimus.
