3475 5364
556 359 716 411 1155
811 342 1180 398 1501—1520.
1209 339 1458 393 Historia
1483 339 1602 393 ord.
1630 337 1982 400 Oudewater,
2012 335 2213 401 Pawls,
2241 335 2485 401 Polucci‚
2519 336 2766 407 Taegius
2795 340 2898 395 etc.
2996 355 3017 405 1
3043 354 3162 406 156

544 532 677 589 tum
706 528 825 586 fuit
855 527 1064 595 Lucae,
1111 530 1202 583 est
1245 525 1416 584 valde
1461 526 1823 583 lacunosum.
1877 543 2030 592 rum,
2064 524 2319 582 fratrum
2351 523 2770 582 defunctorum
2789 527 2898 581 etc.
2931 541 2999 581 ex
3035 541 3160 580 mo-

544 620 798 691 Demum
844 616 1004 677 Hier.
1038 614 1405 673 Golubovich
1452 614 1515 673 O.
1559 614 1697 671 Min.
1732 632 1823 670 re·
1878 612 2180 672 numentis
2209 613 2383 671 modo
2416 611 2740 688 deperditis
2772 612 3026 671 exhibet.
3075 612 3163 670 Ea

544 707 703 784 perit
752 706 1009 765 codicem
1079 704 1314 762 Suriani
1376 703 1721 779 originalem
1777 722 1823 759 a.
1882 702 2155 778 vulgavit
2172 702 2337 760 Koch
2368 702 2461 760 die
2479 701 3040 760 Karmeliterklb‘ster
3056 700 3163 760 der

552 805 718 857 1524
754 811 1009 870 eumque
1041 793 1229 851 edidit
1270 793 1332 851 in
1365 811 1456 868 op.
1490 792 1540 849 Il
1574 796 1826 850 trattato
1881 791 2412 850 niederdeutschen
2426 791 2679 849 Provinz
2705 791 3159 857 13·16.Jahrh.,

545 886 608 943 di
647 885 829 943 Terra
859 884 920 942 S.
952 901 980 940 e
1010 880 1138 940 dell’
1155 882 1382 941 Oriente
1412 881 1473 939 di
1504 881 1594 940 Pr.
1617 881 1822 940 Franc.
1881 879 2171 957 Freiburg
2201 881 2284 938 im
2303 880 2595 956 Breisgau
2634 889 2818 943 1889.
2861 915 2947 924 -
2979 881 3160 938 Joan-

548 974 873 1032 Suriano
904 971 1272 1031 missionario
1292 990 1323 1029 e
1345 970 1712 1047 viaggiatore
1729 969 1825 1028 del
1879 987 1983 1028 nes
2015 970 2201 1028 Maria
2248 969 2344 1028 Po
2366 969 2487 1028 luc
2508 970 2578 1028 ci
2624 964 2722 1048 (de
2755 965 3059 1050 Polluciis)
3093 969 3160 1026 Ο.

547 1081 657 1121 sec.
675 1062 793 1130 XV,
827 1060 1144 1119 Mediolani
1176 1070 1359 1129 1900,
1392 1077 1542 1134 opus
1563 1059 1677 1117 fide
1697 1060 1826 1134 dig-

546 1171 691 1210 num
721 1151 874 1209 circa
905 1169 989 1219 ea,
1023 1169 1174 1226 quae
1204 1150 1330 1224 ipse
1349 1148 1503 1207 vidit
1532 1152 1595 1206 et
1626 1148 1825 1207 obser·

546 1241 727 1300 vavit.
761 1273 846 1283 —
878 1239 1139 1298 Joannes
1171 1238 1530 1297 Thenaud
1564 1237 1627 1296 Ο.
1662 1237 1823 1307 Min„

546 1329 879 1406 theologiae
910 1328 1129 1397 doctor,
1177 1327 1402 1395 GalluS,
1444 1346 1492 1384 a.
1533 1336 1689 1389 1511
1733 1327 1826 1384 in-

545 1419 689 1478 visit
717 1422 939 1477 terram
970 1420 1252 1485 sanctam,
1286 1417 1457 1492 cujus
1476 1415 1710 1474 itineris
1731 1435 1826 1473 ra-

545 1508 766 1566 tionem
798 1506 1000 1565 reddit
1049 1506 1112 1563 in
1158 1525 1251 1581 op.
1296 1505 1381 1563 Le
1409 1523 1618 1581 voyage
1649 1512 1699 1562 et
1729 1507 1824 1561 iti-

546 1599 713 1655 naire
746 1591 881 1677 (sic)
916 1596 988 1653 de
1009 1596 1206 1653 oultre
1238 1613 1379 1665 mer,
1398 1594 1562 1652 Paris
1594 1589 1826 1676 (1525-

548 1683 687 1762 30);
720 1689 781 1743 et
809 1686 874 1743 in
905 1684 1143 1743 Recueil
1171 1684 1243 1742 de
1262 1701 1523 1760 voyages
1544 1686 1605 1740 et
1628 1683 1699 1741 de
1721 1683 1826 1740 do·

546 1778 819 1834 cuments
852 1791 1004 1848 pour
1035 1773 1223 1832 servir
1264 1779 1299 1830 a
1329 1772 1367 1829 l’
1389 1772 1636 1831 histoire
1669 1772 1740 1829 de
1772 1771 1829 1828 la

546 1866 760 1941 geogr„
806 1862 970 1921 Paris
1011 1871 1194 1929 1884,
1240 1862 1287 1931 I,
1322 1861 1390 1931 V,
1433 1855 1717 1923 1-—145-'
1742 1895 1827 1903 —

547 1953 596 2011 G
611 1973 645 2011 a
660 1953 697 2010 b
713 1972 744 2010 i·
761 1953 854 2009 iel
874 1952 946 2010 de
961 1950 1379 2010 Pechwardino
1394 1949 1656 2026 ejusdem
1669 1950 1826 2008 ordi-

546 2041 658 2111 nis,
676 2041 781 2117 qui
811 2041 876 2100 in
890 2044 1050 2099 terra
1065 2044 1273 2099 sancta
1286 2040 1360 2099 ab
1375 2059 1423 2097 a.
1453 2048 1683 2102 1514-1
1701 2049 1733 2101 5
1751 2050 1771 2101 l
1791 2049 1821 2101 7

547 2133 939 2190 commoratus
958 2133 1064 2199 est,
1086 2129 1334 2204 reliquit
1352 2127 1829 2204 compendiosam

547 2220 842 2295 quandam
891 2236 1001 2278 nec
1045 2218 1247 2276 minus
1298 2218 1459 2277 lectu
1499 2217 1828 2293 jucundam

546 2310 979 2383 descriptionem
1022 2308 1185 2366 urbis
1229 2306 1591 2365 Hierusalem
1645 2309 1828 2381 atque

545 2398 894 2474 diligentem
937 2395 1204 2455 omnium
1249 2398 1441 2454 terrae
1482 2413 1526 2453 s.
1559 2396 1621 2453 in
1654 2395 1826 2453 Hier·

543 2486 785 2563 solymis
835 2484 1296 2553 adnotationem,
1361 2504 1405 2545 s.
1455 2485 1494 2546 l.
1545 2487 1607 2542 et
1656 2504 1705 2542 a.
1762 2480 1824 2564 (f.

556 2571 764 2654 1519)

638 2763 782 2816 5⁴7.
858 2752 1121 2811 Joannes
1192 2750 1650 2811 Oudewater
1726 2749 1824 2832 (de

544 2846 717 2917 Aqua
748 2842 949 2911 veteri,
1000 2840 1497 2916 PalaeonydoruS,
1548 2840 1823 2899 Paledor-

544 2930 695 3006 piuS,
728 2930 802 2988 de
834 2926 1084 3011 Gauda),
1128 2930 1190 2988 Ο.
1224 2929 1407 3007 Carm.
1441 2930 1820 2988 Mechlinien·

544 3020 641 3086 sis,
674 3019 978 3077 Trithemii
1013 3019 1237 3078 amicus
1279 3013 1340 3090 (†
1378 3027 1541 3081 1507
1579 3038 1627 3076 a.
1661 3022 1825 3077 aeta-

544 3108 624 3167 tis
663 3104 768 3188 74)
803 3112 1008 3168 auctor
1038 3111 1128 3167 est
1147 3109 1409 3183 fasciculi
1427 3109 1717 3180 tripartiti
1734 3109 1824 3166 hi-

543 3199 861 3256 storiarum
906 3196 1234 3274 prophetici
1282 3200 1342 3255 et
1386 3197 1582 3255 Eliani
1617 3198 1680 3259 Ο.
1727 3197 1822 3255 bb.

546 3286 609 3344 V.
642 3286 860 3345 Mariae
892 3287 962 3345 de
994 3287 1194 3345 Monte
1226 3286 1489 3345 Carmelo
1521 3286 1582 3344 ll.
1610 3297 1664 3356 3,
1699 3287 1824 3345 Mo-

1881 1059 2067 1117 Carm.
2119 1055 2180 1139 (†
2210 1076 2256 1117 c.
2295 1070 2320 1120 1
2339 1054 2489 1139 505)
2541 1058 2784 1134 collegit
2801 1059 2971 1117 Mare
3000 1077 3161 1135 maq-

1881 1166 2021 1206 num
2068 1148 2132 1207 Ο.
2164 1148 2521 1207 Carmelitici
2569 1149 2603 1211 i.
2649 1167 2697 1206 e.
2729 1148 3160 1225 indulgentiae,

1881 1237 2214 1312 privilegia,
2248 1238 2472 1313 gratiae
2503 1241 2612 1296 etc.
2646 1257 2690 1296 s.
2724 1236 2759 1294 l.
2780 1241 2841 1295 et
2861 1258 2924 1308 ας
2962 1237 3088 1295 Vita
3106 1238 3158 1294 b.

1883 1326 2506 1399 AlbertiDrepanemis
2525 1327 2926 1402 apudSurium
2951 1329 3160 1403 7.Aug.

1885 1448 1970 1458 —
2002 1414 2443 1475 Benedictus
2485 1416 2863 1475 Zachariae
2910 1416 2972 1475 Ο.
3006 1416 3161 1474 Cart.

1882 1504 2187 1563 Vicetinus
2223 1508 2461 1579 praeter
2489 1506 2665 1563 vitam
2704 1523 2752 1564 s.
2789 1505 3091 1563 Brunonis
3115 1503 3163 1581 ¹)

1883 1593 2214 1652 fundatoris
2260 1594 2322 1652 Ο.
2372 1594 2523 1653 Cart.
2565 1591 2627 1676 (†
2670 1606 2685 1654 1
2713 1590 2859 1673 101)
2907 1594 3068 1653 inter
3115 1612 3163 1653 s.

1882 1682 2180 1741 Brunonis
2211 1701 2404 1758 opera,
2440 1683 2682 1741 Parisiis
2711 1692 2874 1747 1524
2909 1687 3038 1753 etc„
3059 1684 3163 1742 de-

1883 1771 2090 1830 scribit
2139 1774 2418 1849 oriyinem
2464 1773 2590 1831 ord.
2642 1775 2995 1848 cartusiam',
3048 1774 3163 1831 sub

1880 1860 2058 1919 finem
2109 1879 2240 1936 opp.
2287 1880 2328 1919 s.
2362 1862 2662 1920 Brunonis
2707 1862 2813 1930 III,
2865 1871 2987 1925 297
3041 1880 3161 1920 cur.

1882 1950 2096 2008 Theod.
2129 1950 2366 2026 Petreji.
2390 1985 2475 1995 —-
2506 1950 2733 2009 Ambr
2752 1969 2785 2009 o
2804 1951 2970 2009 sius
3000 1950 3161 2009 Tae·

1881 2040 2058 2116 gius
2091 2039 2153 2097 O.
2187 2039 2861 2098 Praed.Mediolanensis
2893 2040 3162 2098 maximis

1882 2128 2106 2204 vigiliis
2122 2128 2515 2203 maximisque
2535 2129 2838 2188 laboribus
2859 2129 3165 2189 contexuit

1881 2217 2054 2275 valde
2103 2217 2400 2292 prolixum
2447 2217 2764 2277 chronicon
2810 2218 3031 2276 ordinis
3061 2237 3164 2294 ge-

1882 2307 2081 2365 nerale
2112 2310 2155 2364 t.
2192 2316 2226 2369 6
2262 2307 2325 2364 in
2345 2307 2402 2377 f.‚
2437 2307 2500 2365 in
2534 2326 2652 2382 quo
2673 2307 2870 2367 omnia
2901 2326 2985 2377 ea,
3010 2326 3164 2382 quae

1882 2395 1958 2454 ad
1972 2396 2239 2454 ordinem
2260 2398 2550 2471 spectant,
2571 2396 3026 2473 diligentissime
3041 2397 3161 2455 col·

1880 2484 2058 2561 legit,
2123 2485 2564 2560 provinciarum
2626 2489 2686 2544 et
2746 2486 3162 2545 coenobiorum

1880 2575 2224 2644 erectiones,
2261 2577 2602 2633 sanctorum
2633 2592 2698 2633 ac
2731 2573 3039 2634 beatorum
3073 2575 3160 2633 vi·

1879 2667 1969 2722 tas
2001 2666 2062 2722 et
2093 2666 2223 2723 acta
2242 2663 2577 2740 originalia,
2611 2663 3022 2734 cardinalium,
3043 2664 3162 2740 epi·

1878 2770 2184 2828 scoporum
2204 2753 2585 2828 virorumque
2601 2754 2934 2812 illustrium
2951 2754 3161 2813 seriem

1880 2860 1946 2900 ac
1979 2843 2029 2900 si
2064 2861 2215 2917 quae
2247 2845 2392 2901 sunt
2423 2843 2749 2919 singularia
2773 2843 2917 2918 jura
2948 2847 3008 2902 et
3041 2844 3162 2918 pri·

1880 2931 2097 3008 vilegia
2129 2951 2164 2989 a
2194 2949 2269 2989 ss,
2302 2931 2684 3006 pontificibus
2715 2936 2776 2990 et
2796 2932 3163 3008 principibus

1879 3037 2162 3089 concessa,
2211 3021 2587 3079 comitiorum
2634 3024 2764 3079 acta
2795 3021 3163 3097 generalium

1879 3110 1953 3167 ab
1989 3131 2037 3168 a.
2081 3118 2368 3173 122o—i
2389 3120 2512 3173 513
2547 3113 2656 3168 eto.
2720 3110 2891 3178 Quod
2922 3110 3163 3186 qu'dem

1880 3217 2030 3274 opus
2052 3218 2361 3274 nunquam
2381 3198 2620 3275 prodiit,
2640 3203 2950 3275 propterea
2964 3202 3163 3258 tamen

1879 3286 2342 3356 memorandum,
2377 3306 2512 3346 cum
2543 3306 2610 3347 eo
2645 3288 2740 3346 usi
2768 3289 2891 3347 sint
2923 3289 3030 3364 qui
3057 3288 3162 3346 ab·

544 3376 790 3452 guntiae
846 3386 1045 3447 1495;
1106 3386 1301 3446 14973
1353 3374 1617 3434 Venetiis
1658 3385 1822 3440 1570
1879 3377 2018 3435 inde
2063 3378 2429 3452 scripserunt
2472 3377 2545 3435 de
2589 3378 2768 3436 rebus
2813 3377 3054 3447 ordinis,
3101 3381 3163 3436 et

546 3466 659 3524 sub
719 3466 903 3525 titulo
964 3466 1300 3543 Antiquitas
1348 3472 1399 3522 et
1446 3467 1827 3523 sanctimonia
1881 3486 1950 3525 ex
1982 3485 2049 3526 eo
2082 3466 2368 3542 quaedam
2393 3469 2733 3525 sanctorum
2753 3485 2820 3525 ac
2849 3466 3160 3526 beatorum

544 3558 909 3613 eremitarum
961 3555 1176 3613 Montis
1226 3553 1479 3613 Carmeli
1493 3576 1518 3624 ,·
1570 3557 1827 3614 Antver-
1882 3555 2109 3616 ordinis
2139 3556 2300 3614 vitae
2331 3555 2636 3614 derivatae
2666 3555 2889 3614 fuerint
2920 3556 2986 3616 in
3015 3557 3164 3614 Acta

544 3645 676 3720 piae
719 3653 879 3708 1680
914 3645 979 3702 in
1011 3645 1250 3719 speculo
1296 3643 1679 3703 carmelitano
1712 3644 1827 3700 Da·
1883 3644 1999 3715 SS„
2046 3648 2226 3721 prout
2271 3663 2331 3703 se
2383 3645 2554 3704 daret
2604 3645 2847 3709 occasio,
2910 3645 3022 3713 ,In
3066 3645 3160 3702 his

542 3734 718 3792 nielis
753 3754 787 3792 a
818 3733 883 3797 V,
918 3733 1102 3792 Maria
1132 3737 1176 3794 t.
1217 3744 1242 3795 1
1270 3755 1282 3801 ;
1323 3731 1824 3808 Propuynaculum
1881 3734 2279 3792 monumentis
2311 3733 2654 3803 scribendis„
2703 3733 2904 3809 inquit
2934 3733 3163 3793 Echard

544 3822 992 3881 carmelitarum
1008 3823 1129 3881 sive
1144 3822 1216 3880 de
1231 3821 1593 3896 antiquitate
1611 3820 1672 3878 Ο.
1692 3820 1825 3880 Car·
1883 3824 1957 3892 II,
1983 3831 2084 3892 35,
2119 3822 2325 3882 vivum
2358 3841 2421 3881 se
2453 3826 2648 3882 totum
2681 3824 2964 3898 sepelisse
2996 3822 3160 3881 vide·

541 3913 699 3982 meli,
733 3911 998 3971 Venetiis
1026 3922 1189 3974 1570
1213 3913 1341 3980 etc„
1374 3910 1675 3984 inquibus
1702 3910 1827 3969 dis·
1882 3915 1986 3970 tur
2006 3915 2228 3984 auctor,
2265 3916 2325 3970 et
2357 3930 2424 3970 ec
2456 3912 2659 3970 labore
2693 3915 2850 3972 certe
2872 3912 3160 3971 immenso

542 4000 689 4058 serit
721 4001 791 4058 de
826 4000 1083 4077 origine,
1137 4003 1304 4057 statu
1336 4002 1396 4057 et
1427 4000 1699 4075 profectu
1731 4000 1826 4059 sui
1883 4001 2198 4060 immensas
2232 4019 2350 4059 non
2383 4001 2575 4060 solum
2607 4000 2682 4059 ab
2702 4002 2908 4060 ordine
2929 4020 3160 4077 prome·

542 4089 799 4159 ordinis;
849 4108 957 4164 pro
991 4088 1314 4146 Trithemio
1347 4088 1588 4164 scripsit
1619 4093 1828 4148 contra
1880 4091 2007 4149 ruit
2037 4091 2276 4168 gratiaS,
2316 4090 2419 4148 sed
2456 4093 2516 4148 et
2555 4089 2670 4148 sibi
2710 4093 3161 4150 monumentum

542 4178 899 4255 Wigandum
918 4175 1013 4259 (cf.
1029 4196 1083 4253 p.
1107 4174 1300 4258 1113)
1324 4177 1396 4235 de
1412 4177 1675 4254 puritate
1689 4197 1825 4237 con·
1882 4180 2068 4238 erexit
2099 4198 2231 4238 aere
2261 4179 2638 4255 perennius!

542 4267 832 4342 ceptionis
863 4268 919 4325 b.
954 4267 1172 4326 Mariae
1205 4267 1271 4325 V.
1321 4267 1554 4343 aliaque
1584 4267 1823 4326 inedita.

542 4389 629 4400 —-
661 4356 787 4416 Hoc
828 4361 1094 4432 tempore
1139 4356 1377 4415 videtur
1408 4357 1676 4416 floruisse
1710 4358 1825 4416 Se-

1974 4366 2116 4420 548.
2169 4357 2501 4415 Guilelmus
2547 4356 2904 4415 Wittwer
2955 4353 3016 4439 (†
3062 4367 3161 4421 30.

541 4466 583 4522 g
598 4465 629 4504 e
643 4465 674 4504 r
691 4466 731 4504 u
746 4464 773 4504 s
804 4446 851 4504 P
866 4467 901 4505 a
916 4446 992 4504 ul
1008 4446 1030 4504 i
1060 4441 1300 4527 (Pawls)
1326 4444 1389 4504 O.
1413 4447 1615 4516 carm„
1650 4447 1823 4520 cujus
1880 4447 2023 4521 Apr.
2079 4457 2104 4507 l
2120 4456 2190 4508 51
2208 4441 2273 4526 2)
2322 4446 2486 4504 dedit
2534 4448 2854 4522 cataloyum
2899 4447 3161 4506 abbatum

542 4539 864 4612 supersunt
908 4536 1084 4610 plura
1115 4535 1473 4594 collectanea
1503 4535 1824 4611 diligenter

542 4625 877 4700 conquisita
921 4628 982 4683 et
1027 4625 1305 4700 pretiosa,
1353 4643 1505 4698 quae
1549 4627 1824 4700 spectant

542 4713 849 4774 historiam
896 4713 1232 4790 provinciae
1277 4713 1621 4771 Germaniae
1669 4713 1816 4772 infe·

1956 4695 1988 4752 Ι)
2021 4688 2204 4758 Hujus
2251 4688 2429 4742 vitam
2480 4687 2781 4758 descripsit
2823 4689 2968 4742 alter
3017 4689 3160 4756 ejus·

1876 4760 2003 4812 dem
2071 4760 2280 4813 sodalis
2333 4760 2600 4813 Franci
2623 4777 2789 4813 scus
2840 4776 2874 4812 a
2927 4760 3159 4812 Puteo

541 4805 716 4904 2'3‘31'55}
749 4805 814 4862 Ο·
837 4805 1047 4902 cam—³2
1076 4802 1139 4859 in
1172 4802 1394 4902 quibus
1426 4803 1700 4861 elenchos
1734 4804 1820 4861 ⁰f‘
1877 4831 2129 4900 (Dupuy)
2173 4830 2466 4884 Cartusiae
2513 4831 2744 4900 MaJ'oris
2789 4831 2959 4912 prior,
3015 4847 3161 4898 quae

541 4894 825 4951 ficialium
858 4891 1101 4960 ordinis,
1148 4895 1590 4960 visitationum,
1638 4891 1819 4950 lecto·
1844 4917 1852 4957 ι
1876 4902 2090 4971 prodiit
2108 4899 2358 4956 Basileae
2376 4920 2421 4957 c.
2441 4906 2579 4958 1515
2596 4903 2725 4955 etin
2745 4901 2939 4972 Migne
2956 4902 3160 4971 pat-rol.
