3475 5364
207 345 306 400 35
322 348 372 399 3
646 331 889 386 Thomas
915 333 985 387 de
1015 332 1178 399 Eecl.,
1202 333 1238 387 J
1243 333 1362 390 ord.
1389 333 1451 388 di
1478 333 1682 401 Giano,
1710 333 1865 390 Guil.
1893 334 2211 402 Ruysbrok‚
2237 335 2496 390 Medices.
2752 353 2876 407 354

216 529 242 577 1
265 516 482 595 258),
532 538 800 596 opusque
841 518 1141 596 inscripsit
1187 520 1272 577 De
1300 520 1544 579 adventu
1597 519 1837 587 fractus,
1888 538 1999 589 nec
2045 520 2361 579 aerummis
2410 521 2658 580 territus
2720 521 2877 580 viam

209 606 562 666 finarum
592 610 656 667 in
670 609 968 685 Anqliam,
987 608 1145 684 quod
1161 609 1385 685 prodiit
1397 627 1545 668 cura
1599 610 1837 685 aperuit
1866 609 2168 669 sodalibus
2185 608 2346 667 inter
2358 609 2641 668 barbaras
2660 613 2721 668 et
2738 609 2877 669 effe-

201 694 276 753 J.
321 696 586 756 Brewer
613 698 680 756 in
711 697 870 756 Rolls
902 698 1125 756 Series:
1159 699 1546 758 Monumenta
1597 701 1759 757 ratas
1789 702 1998 775 gentes
2018 698 2152 756 illas
2171 698 2523 757 christianae
2554 698 2690 757 fidei
2719 698 2875 757 veri-

203 784 644 858 franeiscana,
689 786 941 845 Londini
980 795 1164 855 1858,
1208 788 1254 855 Ι,
1291 797 1542 858 5——72;
1598 789 1785 846 tatem
1813 786 2152 846 nunciandi.
2184 787 2401 846 Factus
2415 787 2627 847 deinde
2648 788 2876 847 archie-

206 874 307 941 11,
359 884 616 945 ’7-28ς
658 876 736 932 ib.
778 884 943 941 1882
977 893 1123 934 cura
1153 877 1216 934 R.
1252 877 1542 946 Howlett3
1599 876 1878 952 piscopns
1941 876 2338 936 antibarensis
2396 877 2545 936 obiit
2614 888 2663 940 1.
2723 878 2874 955 Aug.

207 963 294 1021 in
380 964 674 1023 analectis
748 964 1145 1029 franciscanis‚
1215 964 1543 1035 Quaracchi
1605 973 1792 1028 1252.
1825 965 2074 1042 Scripsit
2103 966 2177 1024 de
2207 964 2380 1024 factis
2412 965 2793 1026 Tartarorum
2813 970 2877 1025 et

225 1064 252 1113 1
274 1061 451 1116 885.
486 1054 532 1115 I.
570 1062 724 1115 217·
742 1062 840 1123 75,
873 1055 1044 1129 cujus
1063 1059 1336 1131 excerpta
1366 1055 1545 1114 habes
1599 1054 1733 1113 aliis
1749 1054 2361 1125 mirabilibusmundi‚
2376 1055 2702 1114 secundum
2717 1055 2878 1130 quod

125 1176 134 1182 ·
213 1142 298 1199 in
339 1142 478 1200 ΜΕ.
498 1142 595 1201 SS.
612 1141 877 1211 XXVIII,
914 1152 1236 1206 560-69.
1269 1175 1357 1186 —-
1388 1143 1427 1202 J
1437 1163 1543 1204 or·
1597 1143 1783 1202 oculis
1816 1144 1940 1202 suis
1970 1143 2138 1213 vidit,
2159 1144 2378 1219 quibus
2394 1145 2685 1203 nonnulla
2713 1144 2874 1220 adje-

213 1230 502 1289 dtnus
546 1230 609 1288 di
655 1231 897 1290 Giano
945 1227 1044 1313 (de
1073 1228 1257 1314 Jano)
1305 1232 1369 1292 Ο.
1403 1234 1541 1292 Min.
1597 1231 1679 1291 eit
1726 1233 1856 1307 ejus
1905 1232 1970 1290 in
2018 1233 2227 1291 itinere
2276 1233 2468 1293 socius
2514 1232 2874 1293 Benedic-

216 1320 448 1378 simile
479 1319 628 1395 quid
659 1320 957 1395 praest-itit
987 1340 1093 1397 pro
1114 1322 1442 1390 Germania,
1478 1323 1543 1382 in
1596 1324 1722 1380 tus
1754 1321 2011 1380 Polonus
2042 1322 2303 1398 ejusdem
2335 1321 2477 1391 ord.,
2510 1341 2662 1397 quae
2695 1321 2875 1382 habes

216 1425 434 1483 quan
466 1408 588 1466 fuit
617 1410 838 1467 missus
879 1427 1014 1468 cnm
1058 1410 1363 1470 sodalibus
1393 1411 1542 1471 duce
1595 1410 1658 1467 in
1690 1410 1926 1468 Recueil
1958 1410 2032 1469 de
2063 1429 2318 1487 voyages
2363 1414 2426 1470 et
2462 1410 2535 1469 de
2568 1411 2875 1471 memoires

219 1497 524 1557 Caesario
556 1498 813 1574 spirensi
843 1518 892 1556 a.
936 1507 1116 1561 1221.
1148 1500 1383 1559 Primus
1414 1504 1543 1559 erat
1594 1498 1797 1575 publie
1844 1518 1952 1575 par
2000 1500 2058 1558 la
2106 1500 2331 1559 Societe
2374 1500 2446 1558 de
2492 1500 2873 1578 Geographie,

224 1587 631 1663 guardianus
663 1587 1054 1664 moguntinus
1083 1591 1365 1648 accustos
1381 1589 1540 1648 Thu·
1597 1588 1763 1647 Paris
1803 1597 1968 1651 1839
2001 1589 2099 1658 IV,
2136 1598 2439 1653 603-77
2451 1599 2504 1651 9.
2545 1589 2744 1663 Hujus
2774 1590 2873 1647 iti-

223 1676 502 1753 ringiae.
569 1675 812 1753 Collegit
829 1674 875 1757 ¹)
922 1680 1090 1754 gesta
1133 1678 1226 1737 sui
1253 1679 1540 1754 temporis
1593 1677 1751 1736 neris
1780 1696 2067 1736 summam
2101 1678 2341 1737 exhibet
2367 1681 2431 1737 et
2458 1678 2562 1736 Ph.
2595 1679 2665 1737 Η.
2698 1678 2874 1749 Kfilb,

223 1784 356 1840 per
385 1766 609 1824 fratres
654 1765 909 1824 minores
955 1766 1414 1842 missionemque
1444 1787 1539 1827 eo-
1594 1766 1801 1825 Gesch.
1821 1766 1927 1824 der
1945 1767 2405 1826 Missionsreisen
2420 1767 2566 1827 nach
2595 1767 2876 1827 derMon-

231 1854 512 1913 rundem
544 1854 612 1912 in
645 1854 976 1919 Germania,
1009 1856 1181 1931 cujus
1213 1874 1351 1932 pars
1383 1858 1457 1915 ab
1489 1878 1538 1916 a.
1594 1856 1749 1932 golei
1780 1855 2061 1914 wahrend
2080 1856 2183 1914 des
2208 1865 2301 1919 13.
2322 1877 2376 1914 u.
2403 1855 2740 1925 14.Jahrh.‚
2762 1857 2875 1915 Re-

241 1955 270 2005 1
291 1951 641 2006 207-1238
684 1946 921 2002 tantum
953 1944 1171 2020 prodiit
1199 1946 1419 2021 optime
1449 1946 1539 2004 in-
1594 1944 2435 2022 gensburg18601,1-129—
2453 1946 2876 2021 Descriptionis

229 2037 340 2090 ter
368 2031 669 2091 Analecta
699 2032 1065 2091 franciscana
1079 2033 1125 2103 I,
1150 2044 1318 2103 1-19‚
1353 2033 1540 2104 Quar—
1594 2033 1790 2093 nitore
1822 2037 1886 2091 et
1915 2034 2340 2099 observationis
2355 2035 2675 2111 sagacitate
2690 2033 2874 2094 Joan-

232 2121 408 2179 aechi
467 2130 670 2189 1885:
734 2122 1067 2198 germanice
1105 2122 1431 2199 interprete
1476 2125 1539 2183 G.
1596 2141 1727 2181 nem
1792 2125 2039 2199 superat
2085 2123 2522 2182 Guilelmus
2573 2123 2873 2200 Buysbro-

235 2210 488 2287 Voigt
547 2210 1006 2280 introductione,
1053 2212 1542 2271 annotationibus
1596 2211 1730 2269 kius
1762 2209 1860 2292 (de
1891 2208 2261 2293 Rubruquis)
2298 2213 2360 2272 Ο.
2393 2212 2553 2279 Min„
2603 2213 2710 2287 qui
2739 2230 2874 2272 cum

234 2299 558 2358 erroribus
592 2299 787 2373 plenis
816 2302 1072 2370 onerata,
1105 2301 1391 2376 inscripta
1435 2303 1544 2360 Die
1594 2301 2191 2360 Bartholomaeo
2242 2301 2618 2361 Cremonensi
2665 2302 2728 2358 in
2776 2321 2873 2359 ex-

235 2388 840 2463 Dukfflrdiyloeicen
871 2389 972 2446 des
994 2389 1134 2447 Min.
1166 2389 1395 2449 Jordan
1427 2410 1543 2451 von
1596 2392 1816 2448 tremas
1861 2390 2120 2449 Orientis
2157 2392 2364 2467 plagas
2403 2391 2635 2460 missus,
2669 2390 2733 2449 in
2762 2409 2875 2450 suo

240 2476 832 2535 GinnoinAbhandl.
857 2477 962 2535 der
986 2478 1541 2554 philologisch-hist.
1596 2479 1837 2538 classico
1866 2479 2175 2539 Itinerario
2207 2479 2466 2538 Orientis
2482 2475 2530 2560 ²)
2563 2480 2754 2538 multa
2783 2498 2876 2538 re-

236 2566 462 2625 Klasse
506 2565 622 2624 der
666 2566 1037 2626 sachsischen
1084 2567 1391 2631 Gesellsch.
1439 2569 1544 2628 der
1597 2567 1716 2625 fert
1747 2572 1923 2627 antea
1952 2569 2171 2644 ignota.
2217 2568 2373 2651 Illud
2411 2568 2626 2645 gallice
2659 2568 2878 2643 prodiit

241 2654 612 2714 wissensch.
647 2657 690 2712 t.
723 2654 791 2720 V,
824 2655 1059 2732 Lipsiae
1103 2665 1281 2721 1870.
1598 2657 1866 2716 Relatio„
1910 2657 1992 2716 du
2037 2674 2248 2737 voyaqe
2291 2660 2404 2734 fait
2445 2658 2569 2718 l’au
2604 2660 2776 2717 1253
2807 2677 2876 2718 en

1609 2743 1900 2818 Τανίανὲε,
1934 2745 2178 2805 Parisiis
2220 2757 2382 2810 1634
2429 2751 2490 2807 et
2520 2748 2585 2806 in
2614 2747 2876 2808 Histoire

342 2842 495 2896 189.
530 2833 627 2891 Ad
673 2833 979 2892 historiam
1009 2835 1347 2894 missionum
1379 2853 1543 2912 spec·
1597 2836 1870 2912 generale
1915 2836 2018 2893 des
2065 2854 2337 2914 voyages‚
2386 2836 2464 2899 ib.
2517 2846 2700 2900 1747.
2747 2837 2874 2906 VII,

240 2928 384 2981 tant
415 2923 660 2997 scripta,
692 2941 846 2998 quae
890 2923 1136 2998 reliquit
1178 2923 1441 2983 Joannes
1471 2926 1544 2982 de
1602 2933 1947 2988 263—307
1971 2946 1985 2992 ;
2032 2924 2092 2982 in
2124 2926 2362 2983 Recueil
2406 2926 2479 2984 de
2527 2943 2784 3002 voyages
2816 2928 2878 2983 et

243 3011 492 3071 Plano
526 3010 853 3087 Carpini
883 3006 968 3093 (di
986 3013 1167 3072 Piano
1187 3013 1246 3071 di
1266 3010 1541 3095 carpine)
1596 3012 1671 3071 de
1715 3014 2041 3082 memmi-es,
2088 3013 2175 3071 ed.
2222 3034 2257 3072 a
2299 3014 2597 3082 d’Avezac‚
2630 3014 2877 3074 Parisiis

241 3102 307 3157 in
339 3099 635 3158 districtu
664 3100 942 3176 perusino
975 3101 1214 3162 Quin..
1248 3102 1440 3171 homo,
1475 3106 1545 3161 ut
1608 3111 1790 3165 1839.
1812 3103 1908 3172 IV,
1935 3111 2059 3165 213
2085 3121 2150 3172 s.‚
2171 3105 2342 3179 cujus
2358 3103 2512 3162 forte
2531 3108 2877 3179 excerptum

244 3189 466 3248 scribit
528 3188 867 3247 Salimbene
934 3190 996 3247 in
1044 3205 1154 3249 suo
1203 3191 1431 3260 Chron.‚
1482 3195 1544 3250 et
1597 3193 1692 3249 est
1721 3191 1946 3250 Relatio
1988 3193 2061 3250 de
2104 3192 2391 3264 Tartari-3,
2438 3212 2614 3268 quam
2660 3194 2877 3268 Fleury

241 3278 587 3354 spiritualis
618 3280 681 3335 et
709 3277 997 3345 literatus
1032 3282 1092 3337 et
1120 3298 1373 3357 magnus
1403 3299 1541 3357 pro·
1596 3280 1853 3339 inseruit
1880 3298 2022 3340 suae
2051 3281 2189 3340 hist.
2224 3283 2359 3340 eccl.
2391 3283 2433 3339 t.
2466 3281 2642 3341 XVII.

241 3367 490 3426 locutor
516 3367 883 3426 etinmultis
907 3371 1204 3443 expertus.
1237 3369 1348 3428 Hic
1364 3370 1540 3438 enim,

242 3475 387 3514 cum
434 3456 717 3514 minister
761 3457 1094 3531 provinciae
1137 3457 1413 3517 Coloniae
1444 3478 1562 3516 ex·
1692 3469 1833 3521 190.
1880 3458 2305 3518 Constantinus
2366 3459 2701 3519 Medices
2763 3460 2874 3518 ΟΡ.

247 3546 520 3614 sisteret,
556 3564 590 3602 a
620 3545 904 3622 Gregorio
920 3545 1014 3604 IX.
1040 3546 1246 3621 jussus
1261 3550 1354 3605 est
1371 3566 1542 3623 prae-
1593 3548 1906 3625 episcopus
1921 3548 2322 3607 urbevetanus
2338 3549 2413 3606 ab
2429 3548 2763 3607 Alexandro
2777 3549 2874 3609 IV.

243 3634 454 3692 dicare
503 3651 742 3692 crucem
787 3634 1069 3693 adversus
1115 3635 1418 3694 Tartaros:
1469 3637 1540 3694 ad
1596 3637 1669 3694 ad
1702 3637 2120 3712 imperatorem
2139 3637 2509 3696 Theodorum
2539 3637 2779 3705 missus,
2804 3641 2878 3696 ut

246 3741 401 3798 quos
429 3721 650 3780 deinde
703 3723 779 3780 ab
808 3722 1152 3783 Innocentio
1183 3721 1278 3782 lv.
1311 3724 1544 3801 legatus
1591 3741 1731 3784 cum
1762 3743 1832 3784 eo
1864 3729 1925 3783 et
1945 3725 2276 3801 patriarcha
2294 3726 2398 3784 CP.
2419 3726 2492 3784 de
2512 3726 2877 3785 concilianda

244 3812 468 3870 missus
534 3806 765 3890 (1245)
826 3811 1012 3870 nullis
1075 3831 1183 3870 nec
1243 3814 1562 3874 laboribus,
1597 3814 1846 3873 ecclesia
1906 3833 2112 3891 graeca
2173 3833 2307 3873 cnm
2367 3833 2611 3874 romana
2672 3819 2877 3892 ageret

326 4041 366 4088 ¹⁶»
395 4032 1358 4096 cf.Jei1erKL⁹.V1‚18252Deuifle
1375 4035 1541 4088 Arch„
1677 4041 1709 4099 ¹)
1741 4034 1822 4087 Of.
1864 4035 1932 4088 de
1975 4038 2217 4103 utroque
2258 4036 2501 4092 Michael
2541 4039 2738 4092 Gesch.
2779 4039 2875 4094 des

253 4107 288 4162 1.
316 4109 592 4162 630—40.
640 4104 832 4157 Affine
872 4107 957 4158 est
995 4108 1275 4159 chroniocn
1308 4126 1540 4175 parvum
1593 4105 1651 4158 d.
1680 4107 1747 4158 V.
1774 4107 1866 4170 ΙΙΙ,
1893 4111 2015 4171 399,
2043 4110 2144 4174 qui
2171 4108 2240 4161 de
2267 4124 2331 4162 eo
2358 4108 2508 4162 inter
2528 4110 2638 4164 alia
2658 4110 2876 4165 scribit:

248 4183 312 4237 υ,
340 4176 533 4229 Fratr.
559 4175 719 4240 Min„
767 4175 921 4243 quod
947 4175 1230 4245 reperitur
1255 4176 1314 4229 in
1341 4176 1542 4231 iisdem
1597 4176 1670 4229 Es
1695 4177 1774 4230 ist
1798 4178 1923 4232 eine
1949 4178 2365 4249 mustei-giltige
2393 4179 2683 4251 Leistung‚
2703 4182 2876 4236 deren

247 4247 529 4302 analectis
554 4245 820 4300 francisc.
848 4247 888 4310 Ι,
915 4251 1128 4303 279-91.
1170 4247 1318 4301 Illud
1348 4247 1417 4299 W
1435 4249 1543 4301 ad·
1593 4248 1774 4302 hoher
1801 4248 1964 4303 Wert
1988 4249 2166 4303 durch
2195 4251 2582 4322 urteilsfahige
2609 4252 2878 4307 Forscher

249 4321 284 4372 d
301 4320 320 4372 i
337 4337 376 4373 n
391 4337 433 4388 g
458 4317 717 4372 tribuere
744 4317 892 4372 solet
931 4317 976 4370 B
992 4317 1114 4371 ald
1130 4335 1164 4371 a
1179 4335 1230 4371 w
1245 4319 1265 4371 i
1282 4337 1321 4371 n
1337 4335 1370 4373 o
1397 4319 1542 4389 (Bal-
1596 4318 1702 4373 wie
1727 4320 2044 4374 Alexander
2069 4337 2183 4374 von
2200 4322 2516 4377 Humboldt
2541 4323 2660 4377 und
2677 4323 2876 4379 Frhrn.

248 4391 452 4460 duino)
481 4388 553 4442 de
580 4388 1029 4442 Brandenburch
1056 4388 1447 4461 (Brunswick),
1486 4394 1560 4452 et¹
1597 4408 1648 4445 v,
1668 4389 2012 4446 Richthofen
2041 4395 2210 4446 unter
2222 4394 2595 4450 Ausdriicken
2611 4397 2877 4449 stanneu-

251 4464 337 4516 est
379 4460 670 4528 quaedam
715 4460 1043 4513 retractatio
1085 4459 1380 4515 relationis
1422 4465 1542 4518 ἔοι·-
1596 4461 1697 4516 der
1722 4461 2162 4533 Bewunderung
2186 4465 2507 4519 anerkannt
2530 4466 2760 4521 worden
2786 4467 2877 4520 ist.

251 4532 405 4594 dani.
431 4533 500 4584 in
527 4548 646 4599 qua
659 4530 858 4600 agitur
870 4531 942 4584 de
957 4530 1136 4585 initiis
1151 4534 1538 4586 conventuum
1597 4531 1868 4587 Rubruck
1917 4533 2044 4604 gibt
2092 4534 2217 4589 eine
2280 4538 2728 4608 geographische
2777 4537 2878 4590 Be·

253 4605 315 4659 0.
341 4602 483 4660 lin.
510 4620 617 4672 per
642 4601 1005 4657 Germaniam
1032 4602 1105 4655 ad
1131 4620 1180 4656 a.
1203 4608 1358 4668 1239,
1385 4604 1542 4657 addi·
1595 4604 1938 4676 schreibung
1962 4605 2104 4659 aller
2116 4605 2265 4671 Ort-e,
2293 4607 2385 4661 die
2413 4625 2472 4662 er
2501 4609 2735 4664 besucht
2759 4610 2877 4662 hat.

253 4676 322 4728 tis
347 4673 647 4729 nonnullis
675 4672 841 4726 factis
860 4689 926 4727 ex
946 4674 1350 4742 posterioribus
1375 4675 1540 4728 annis
1596 4673 1675 4729 De
1701 4673 1922 4730 Joanne
1960 4679 2029 4730 cf.
2057 4677 2318 4732 Liverani
2357 4681 2467 4733 Fra
2491 4680 2778 4742 Giovanni
2800 4681 2878 4733 da

255 4747 321 4800 ad
345 4764 396 4804 a..
425 4760 614 4814 usque
642 4747 803 4802 1280.
853 4746 998 4798 Fuso
1034 4744 1106 4798 de
1145 4745 1252 4800 hoc
1277 4746 1539 4800 chronico
1588 4746 1739 4806 ,Pian
1764 4747 1824 4800 di
1850 4747 2093 4817 Carpine
2118 4750 2216 4803 nel
2240 4750 2482 4804 eontado
2510 4752 2569 4805 di
2595 4751 2874 4820 Magione‚

256 4817 476 4872 disserit
496 4815 728 4871 Denifle
757 4815 964 4868 Archiv
994 4816 1032 4878 1,
1048 4820 1155 4872 630
1180 4834 1248 4870 sS.
1276 4816 1539 4886 illudque
1597 4818 1953 4890 viaggiatore
1997 4836 2027 4874 e
2071 4820 2413 4876 Descrittore
2457 4822 2516 4876 di
2562 4822 2819 4876 Tartaria
2846 4840 2875 4876 e

257 4888 533 4945 Balduino
561 4886 880 4956 abjudicat.
1595 4889 1889 4961 Mongolia
1916 4890 2013 4944 nel
2040 4908 2146 4947 sec.
2174 4892 2321 4958 XIII,
2350 4892 2597 4964 Perugia
2623 4897 2780 4952 1876.

458 4986 658 5044 Hortor,
687 4984 1020 5032 Nomenclator
1044 4985 1087 5031 11
1114 4985 1186 5032 ed.
1216 4986 1262 5032 3.
2489 4987 2555 5038 12
