<?xml version="1.0" encoding="UTF-8"?>
<!DOCTYPE html PUBLIC "-//W3C//DTD XHTML 1.0 Transitional//EN"
    "http://www.w3.org/TR/xhtml1/DTD/xhtml1-transitional.dtd">
<html xmlns="http://www.w3.org/1999/xhtml" xml:lang="en" lang="en">
 <head>
  <title>
</title>
<meta http-equiv="Content-Type" content="text/html;charset=utf-8" />
  <meta name='ocr-system' content='tesseract 3.04.00' />
  <meta name='ocr-capabilities' content='ocr_page ocr_carea ocr_par ocr_line ocrx_word'/>
</head>
<body>
  <div class='ocr_page' id='page_1' title='image "./nomenclatorlite10hurtgoog_0366.png"; bbox 0 0 3475 5364; ppageno 0'>
   <div class='ocr_carea' id='block_1_1' title="bbox 645 387 781 439">
    <p class='ocr_par' dir='ltr' id='par_1_1' title="bbox 645 387 781 439">
     <span class='ocr_line' id='line_1_1' title="bbox 645 387 781 439; baseline -0.015 0"><span class='ocrx_word' id='word_1_1' title='bbox 645 387 781 439; x_wconf 81' lang='lat'>647</span> 
     </span>
    </p>
   </div>
   <div class='ocr_carea' id='block_1_2' title="bbox 647 526 3401 630">
    <p class='ocr_par' dir='ltr' id='par_1_2' title="bbox 647 526 3401 630">
     <span class='ocr_line' id='line_1_2' title="bbox 647 526 3401 630; baseline -0.014 -17"><span class='ocrx_word' id='word_1_2' title='bbox 647 555 710 613; x_wconf 92' lang='lat' dir='ltr'>di</span> <span class='ocrx_word' id='word_1_3' title='bbox 740 552 913 630; x_wconf 88' lang='lat' dir='ltr'>Luigi</span> <span class='ocrx_word' id='word_1_4' title='bbox 946 549 1260 617; x_wconf 82' lang='lat' dir='ltr'>Razzolini,</span> <span class='ocrx_word' id='word_1_5' title='bbox 1300 547 1602 606; x_wconf 80' lang='lat' dir='ltr'>Bononiae</span> <span class='ocrx_word' id='word_1_6' title='bbox 1643 555 1807 609; x_wconf 81' lang='grc'>1874</span> <span class='ocrx_word' id='word_1_7' title='bbox 1831 548 1875 602; x_wconf 88' lang='lat' dir='ltr'>t.</span> <span class='ocrx_word' id='word_1_8' title='bbox 1900 553 1933 604; x_wconf 88' lang='lat'>2</span> <span class='ocrx_word' id='word_1_9' title='bbox 1996 540 2205 613; x_wconf 80' lang='lat' dir='ltr'>optime</span> <span class='ocrx_word' id='word_1_10' title='bbox 2250 533 2729 594; x_wconf 80' lang='lat' dir='ltr'>administranda</span> <span class='ocrx_word' id='word_1_11' title='bbox 2775 533 2837 587; x_wconf 87' lang='lat' dir='ltr'>et</span> <span class='ocrx_word' id='word_1_12' title='bbox 2882 529 2951 586; x_wconf 83' lang='lat' dir='ltr'>de</span> <span class='ocrx_word' id='word_1_13' title='bbox 3002 526 3198 598; x_wconf 79' lang='lat' dir='ltr'>officio</span> <span class='ocrx_word' id='word_1_14' title='bbox 3235 533 3284 580; x_wconf 70' lang='lat' dir='ltr'>et</span> <span class='ocrx_word' id='word_1_15' title='bbox 3364 541 3401 573; x_wconf 79' lang='lat'>-1</span> 
     </span>
    </p>
   </div>
   <div class='ocr_carea' id='block_1_3' title="bbox 1104 314 2852 419">
    <p class='ocr_par' dir='ltr' id='par_1_3' title="bbox 1104 307 2852 419">
     <span class='ocr_line' id='line_1_3' title="bbox 1104 314 2852 419; baseline -0.013 0"><span class='ocrx_word' id='word_1_16' title='bbox 1104 364 1474 419; x_wconf 81' lang='lat'>1351-1375.</span> <span class='ocrx_word' id='word_1_17' title='bbox 1505 359 1762 415; x_wconf 85' lang='lat' dir='ltr'>Historia</span> <span class='ocrx_word' id='word_1_18' title='bbox 1787 356 1916 410; x_wconf 87' lang='lat' dir='ltr'>eccl.</span> <span class='ocrx_word' id='word_1_19' title='bbox 1946 352 2224 414; x_wconf 82' lang='lat' dir='ltr'>Petrarca,</span> <span class='ocrx_word' id='word_1_20' title='bbox 2253 314 2549 402; x_wconf 79' lang='lat' dir='ltr'>Arnaldus</span> <span class='ocrx_word' id='word_1_21' title='bbox 2569 346 2637 399; x_wconf 92' lang='lat' dir='ltr'>de</span> <span class='ocrx_word' id='word_1_22' title='bbox 2666 345 2852 410; x_wconf 70' lang='lat' dir='ltr'>Verd„</span> 
     </span>
    </p>
   </div>
   <div class='ocr_carea' id='block_1_4' title="bbox 648 614 3377 797">
    <p class='ocr_par' dir='ltr' id='par_1_4' title="bbox 648 614 3377 797">
     <span class='ocr_line' id='line_1_4' title="bbox 648 614 3377 715; baseline -0.01 -13"><span class='ocrx_word' id='word_1_23' title='bbox 648 644 712 702; x_wconf 90' lang='lat' dir='ltr'>in</span> <span class='ocrx_word' id='word_1_24' title='bbox 745 652 815 712; x_wconf 79' lang='lat'>83</span> <span class='ocrx_word' id='word_1_25' title='bbox 858 649 1055 705; x_wconf 73' lang='grc' dir='ltr'>1879ς</span> <span class='ocrx_word' id='word_1_26' title='bbox 1090 638 1217 715; x_wconf 84' lang='lat' dir='ltr'>agit</span> <span class='ocrx_word' id='word_1_27' title='bbox 1248 637 1325 695; x_wconf 91' lang='lat' dir='ltr'>de</span> <span class='ocrx_word' id='word_1_28' title='bbox 1356 636 1640 695; x_wconf 78' lang='lat' dir='ltr'>heroibus</span> <span class='ocrx_word' id='word_1_29' title='bbox 1674 652 1938 710; x_wconf 89' lang='lat' dir='ltr'>praeser-</span> <span class='ocrx_word' id='word_1_30' title='bbox 1994 626 2306 685; x_wconf 79' lang='lat' dir='ltr'>virtutibus</span> <span class='ocrx_word' id='word_1_31' title='bbox 2335 623 2727 698; x_wconf 81' lang='lat' dir='ltr'>imperatoris,</span> <span class='ocrx_word' id='word_1_32' title='bbox 2763 620 3001 677; x_wconf 84' lang='lat' dir='ltr'>Bernae</span> <span class='ocrx_word' id='word_1_33' title='bbox 3034 622 3203 678; x_wconf 81' lang='grc'>1602</span> <span class='ocrx_word' id='word_1_34' title='bbox 3233 614 3285 670; x_wconf 88' lang='lat' dir='ltr'>in</span> <span class='ocrx_word' id='word_1_35' title='bbox 3364 657 3377 674; x_wconf 84' lang='lat'>.</span> 
     </span>
     <span class='ocr_line' id='line_1_5' title="bbox 649 703 3292 797; baseline -0.012 -6"><span class='ocrx_word' id='word_1_36' title='bbox 649 733 757 791; x_wconf 89' lang='lat' dir='ltr'>tim</span> <span class='ocrx_word' id='word_1_37' title='bbox 807 729 1101 797; x_wconf 82' lang='lat' dir='ltr'>romanis3</span> <span class='ocrx_word' id='word_1_38' title='bbox 1155 728 1378 786; x_wconf 85' lang='lat' dir='ltr'>Rerum</span> <span class='ocrx_word' id='word_1_39' title='bbox 1425 725 1937 784; x_wconf 80' lang='lat' dir='ltr'>memorandarum</span> <span class='ocrx_word' id='word_1_40' title='bbox 2000 727 2075 785; x_wconf 89' lang='grc'>8.,</span> <span class='ocrx_word' id='word_1_41' title='bbox 2140 714 2431 791; x_wconf 86' lang='lat' dir='ltr'>opuscula</span> <span class='ocrx_word' id='word_1_42' title='bbox 2491 710 2667 770; x_wconf 86' lang='lat' dir='ltr'>laude</span> <span class='ocrx_word' id='word_1_43' title='bbox 2729 708 2930 783; x_wconf 87' lang='lat' dir='ltr'>digna.</span> <span class='ocrx_word' id='word_1_44' title='bbox 2997 703 3292 779; x_wconf 61' lang='lat' dir='ltr'>Epistulas</span> 
     </span>
    </p>
   </div>
   <div class='ocr_carea' id='block_1_5' title="bbox 651 813 1948 1789">
    <p class='ocr_par' dir='ltr' id='par_1_5' title="bbox 651 813 1948 1789">
     <span class='ocr_line' id='line_1_6' title="bbox 651 813 1937 881; baseline -0.008 -2"><span class='ocrx_word' id='word_1_45' title='bbox 651 823 707 879; x_wconf 74' lang='lat' dir='ltr'>ll.</span> <span class='ocrx_word' id='word_1_46' title='bbox 741 820 845 879; x_wconf 89' lang='lat' dir='ltr'>IV</span> <span class='ocrx_word' id='word_1_47' title='bbox 880 819 954 877; x_wconf 85' lang='lat' dir='ltr'>ad</span> <span class='ocrx_word' id='word_1_48' title='bbox 1005 816 1216 875; x_wconf 87' lang='lat' dir='ltr'>Valerii</span> <span class='ocrx_word' id='word_1_49' title='bbox 1252 814 1490 874; x_wconf 70' lang='lat' dir='ltr'>Maximi</span> <span class='ocrx_word' id='word_1_50' title='bbox 1523 813 1937 881; x_wconf 87' lang='lat' dir='ltr'>imitationem,</span> 
     </span>
     <span class='ocr_line' id='line_1_7' title="bbox 652 902 1939 986; baseline -0.008 -18"><span class='ocrx_word' id='word_1_51' title='bbox 652 909 759 986; x_wconf 91' lang='lat' dir='ltr'>qui</span> <span class='ocrx_word' id='word_1_52' title='bbox 789 909 969 968; x_wconf 75' lang='lat' dir='ltr'>etiam</span> <span class='ocrx_word' id='word_1_53' title='bbox 1001 905 1320 982; x_wconf 84' lang='lat' dir='ltr'>separatim</span> <span class='ocrx_word' id='word_1_54' title='bbox 1354 904 1720 979; x_wconf 87' lang='lat' dir='ltr'>prodierunt.</span> <span class='ocrx_word' id='word_1_55' title='bbox 1755 902 1939 960; x_wconf 88' lang='lat' dir='ltr'>Cano-</span> 
     </span>
     <span class='ocr_line' id='line_1_8' title="bbox 653 991 1938 1067; baseline -0.009 -9"><span class='ocrx_word' id='word_1_56' title='bbox 653 999 824 1058; x_wconf 90' lang='lat' dir='ltr'>nicus</span> <span class='ocrx_word' id='word_1_57' title='bbox 876 996 991 1056; x_wconf 88' lang='lat' dir='ltr'>fuit</span> <span class='ocrx_word' id='word_1_58' title='bbox 1039 994 1456 1054; x_wconf 86' lang='lat' dir='ltr'>lombariensis</span> <span class='ocrx_word' id='word_1_59' title='bbox 1509 1000 1571 1051; x_wconf 90' lang='lat' dir='ltr'>et</span> <span class='ocrx_word' id='word_1_60' title='bbox 1601 991 1938 1067; x_wconf 73' lang='lat' dir='ltr'><strong>patavinae,</strong></span> 
     </span>
     <span class='ocr_line' id='line_1_9' title="bbox 654 1081 1939 1157; baseline -0.008 -10"><span class='ocrx_word' id='word_1_61' title='bbox 654 1106 884 1147; x_wconf 80' lang='lat' dir='ltr'>necnon</span> <span class='ocrx_word' id='word_1_62' title='bbox 914 1085 1371 1144; x_wconf 81' lang='lat' dir='ltr'>archidiaconus</span> <span class='ocrx_word' id='word_1_63' title='bbox 1392 1081 1750 1157; x_wconf 79' lang='lat' dir='ltr'>parmensis:</span> <span class='ocrx_word' id='word_1_64' title='bbox 1785 1098 1939 1138; x_wconf 88' lang='lat' dir='ltr'>nun-</span> 
     </span>
     <span class='ocr_line' id='line_1_10' title="bbox 657 1170 1938 1253; baseline -0.009 -17"><span class='ocrx_word' id='word_1_65' title='bbox 657 1196 835 1253; x_wconf 91' lang='lat' dir='ltr'>quam</span> <span class='ocrx_word' id='word_1_66' title='bbox 865 1179 1064 1233; x_wconf 83' lang='lat' dir='ltr'>tamen</span> <span class='ocrx_word' id='word_1_67' title='bbox 1098 1173 1335 1232; x_wconf 84' lang='lat' dir='ltr'>ordines</span> <span class='ocrx_word' id='word_1_68' title='bbox 1379 1171 1640 1246; x_wconf 81' lang='lat' dir='ltr'>suscepit</span> <span class='ocrx_word' id='word_1_69' title='bbox 1669 1170 1938 1244; x_wconf 87' lang='lat' dir='ltr'>majores.</span> 
     </span>
     <span class='ocr_line' id='line_1_11' title="bbox 654 1260 1940 1338; baseline -0.008 -13"><span class='ocrx_word' id='word_1_70' title='bbox 654 1266 959 1325; x_wconf 84' lang='lat' dir='ltr'>Laxiorem</span> <span class='ocrx_word' id='word_1_71' title='bbox 993 1262 1291 1338; x_wconf 88' lang='lat' dir='ltr'>quondam</span> <span class='ocrx_word' id='word_1_72' title='bbox 1311 1262 1564 1319; x_wconf 85' lang='lat' dir='ltr'>duxerat</span> <span class='ocrx_word' id='word_1_73' title='bbox 1596 1260 1816 1318; x_wconf 80' lang='lat' dir='ltr'>vitam:</span> <span class='ocrx_word' id='word_1_74' title='bbox 1849 1276 1940 1315; x_wconf 91' lang='lat' dir='ltr'>re-</span> 
     </span>
     <span class='ocr_line' id='line_1_12' title="bbox 657 1347 1942 1426; baseline -0.009 -11"><span class='ocrx_word' id='word_1_75' title='bbox 657 1356 934 1415; x_wconf 87' lang='lat' dir='ltr'>feruntur</span> <span class='ocrx_word' id='word_1_76' title='bbox 951 1358 1152 1412; x_wconf 80' lang='lat' dir='ltr'>tamen</span> <span class='ocrx_word' id='word_1_77' title='bbox 1174 1354 1235 1409; x_wconf 88' lang='lat' dir='ltr'>et</span> <span class='ocrx_word' id='word_1_78' title='bbox 1250 1350 1486 1426; x_wconf 84' lang='lat' dir='ltr'>pietatis</span> <span class='ocrx_word' id='word_1_79' title='bbox 1508 1347 1942 1424; x_wconf 87' lang='lat' dir='ltr'>poenitentiae-</span> 
     </span>
     <span class='ocr_line' id='line_1_13' title="bbox 657 1439 1943 1521; baseline -0.008 -18"><span class='ocrx_word' id='word_1_80' title='bbox 657 1463 773 1521; x_wconf 84' lang='lat' dir='ltr'>que</span> <span class='ocrx_word' id='word_1_81' title='bbox 803 1444 1085 1518; x_wconf 84' lang='lat' dir='ltr'>exempla,</span> <span class='ocrx_word' id='word_1_82' title='bbox 1121 1440 1342 1515; x_wconf 89' lang='lat' dir='ltr'>quibus</span> <span class='ocrx_word' id='word_1_83' title='bbox 1363 1439 1532 1497; x_wconf 87' lang='lat' dir='ltr'>nisus</span> <span class='ocrx_word' id='word_1_84' title='bbox 1556 1442 1649 1496; x_wconf 89' lang='lat' dir='ltr'>est</span> <span class='ocrx_word' id='word_1_85' title='bbox 1667 1454 1943 1512; x_wconf 89' lang='lat' dir='ltr'>reparare</span> 
     </span>
     <span class='ocr_line' id='line_1_14' title="bbox 659 1527 1945 1604; baseline -0.009 -10"><span class='ocrx_word' id='word_1_86' title='bbox 659 1532 1019 1594; x_wconf 87' lang='lat' dir='ltr'>scandalum.</span> <span class='ocrx_word' id='word_1_87' title='bbox 1054 1529 1315 1588; x_wconf 81' lang='lat' dir='ltr'>Decessit</span> <span class='ocrx_word' id='word_1_88' title='bbox 1328 1531 1374 1602; x_wconf 79' lang='grc' dir='ltr'>ι)</span> <span class='ocrx_word' id='word_1_89' title='bbox 1412 1527 1720 1604; x_wconf 81' lang='lat' dir='ltr'>apoplexia</span> <span class='ocrx_word' id='word_1_90' title='bbox 1749 1528 1945 1583; x_wconf 82' lang='lat' dir='ltr'>taetus</span> 
     </span>
     <span class='ocr_line' id='line_1_15' title="bbox 657 1613 1948 1682; baseline -0.009 0"><span class='ocrx_word' id='word_1_91' title='bbox 657 1625 722 1682; x_wconf 92' lang='lat' dir='ltr'>in</span> <span class='ocrx_word' id='word_1_92' title='bbox 753 1641 863 1681; x_wconf 90' lang='lat' dir='ltr'>sua</span> <span class='ocrx_word' id='word_1_93' title='bbox 891 1619 1249 1679; x_wconf 82' lang='lat' dir='ltr'>bibliotheca</span> <span class='ocrx_word' id='word_1_94' title='bbox 1290 1627 1383 1681; x_wconf 88' lang='lat'>18.</span> <span class='ocrx_word' id='word_1_95' title='bbox 1415 1617 1538 1676; x_wconf 86' lang='lat' dir='ltr'>Jul.</span> <span class='ocrx_word' id='word_1_96' title='bbox 1578 1628 1604 1679; x_wconf 96' lang='lat'>1</span> <span class='ocrx_word' id='word_1_97' title='bbox 1625 1625 1768 1678; x_wconf 84' lang='lat'>374.</span> <span class='ocrx_word' id='word_1_98' title='bbox 1819 1613 1948 1672; x_wconf 88' lang='lat' dir='ltr'>Hoc</span> 
     </span>
     <span class='ocr_line' id='line_1_16' title="bbox 659 1706 1602 1789; baseline -0.01 -18"><span class='ocrx_word' id='word_1_99' title='bbox 659 1714 787 1789; x_wconf 89' lang='lat' dir='ltr'>ipse</span> <span class='ocrx_word' id='word_1_100' title='bbox 820 1711 935 1769; x_wconf 90' lang='lat' dir='ltr'>sibi</span> <span class='ocrx_word' id='word_1_101' title='bbox 969 1708 1168 1784; x_wconf 85' lang='lat' dir='ltr'>posuit</span> <span class='ocrx_word' id='word_1_102' title='bbox 1200 1706 1602 1784; x_wconf 77' lang='lat' dir='ltr'>epitaphium:</span> 
     </span>
    </p>
   </div>
   <div class='ocr_carea' id='block_1_6' title="bbox 662 1881 1949 2393">
    <p class='ocr_par' dir='ltr' id='par_1_6' title="bbox 662 1881 1941 2043">
     <span class='ocr_line' id='line_1_17' title="bbox 662 1881 1941 1966; baseline -0.007 -18"><span class='ocrx_word' id='word_1_103' title='bbox 662 1888 902 1966; x_wconf 87' lang='lat' dir='ltr'>Frigida</span> <span class='ocrx_word' id='word_1_104' title='bbox 948 1885 1240 1945; x_wconf 86' lang='lat' dir='ltr'>Francisci</span> <span class='ocrx_word' id='word_1_105' title='bbox 1288 1884 1438 1960; x_wconf 88' lang='lat' dir='ltr'>lapis</span> <span class='ocrx_word' id='word_1_106' title='bbox 1483 1883 1579 1941; x_wconf 90' lang='lat' dir='ltr'>hic</span> <span class='ocrx_word' id='word_1_107' title='bbox 1620 1881 1778 1959; x_wconf 88' lang='lat' dir='ltr'>tegit</span> <span class='ocrx_word' id='word_1_108' title='bbox 1808 1900 1941 1940; x_wconf 89' lang='lat' dir='ltr'>ossa</span> 
     </span>
     <span class='ocr_line' id='line_1_18' title="bbox 841 1978 1165 2043; baseline -0.009 -8"><span class='ocrx_word' id='word_1_109' title='bbox 841 1978 1165 2043; x_wconf 61' lang='lat' dir='ltr'>Petram-ae,</span> 
     </span>
    </p>

    <p class='ocr_par' dir='ltr' id='par_1_7' title="bbox 665 2062 1949 2232">
     <span class='ocr_line' id='line_1_19' title="bbox 665 2062 1949 2143; baseline -0.008 -16"><span class='ocrx_word' id='word_1_110' title='bbox 665 2067 922 2143; x_wconf 88' lang='lat' dir='ltr'>Suscipe,</span> <span class='ocrx_word' id='word_1_111' title='bbox 989 2065 1165 2140; x_wconf 90' lang='lat' dir='ltr'>Virgo</span> <span class='ocrx_word' id='word_1_112' title='bbox 1226 2081 1454 2139; x_wconf 76' lang='lat' dir='ltr'>perena,</span> <span class='ocrx_word' id='word_1_113' title='bbox 1500 2062 1774 2130; x_wconf 89' lang='lat' dir='ltr'>animam,</span> <span class='ocrx_word' id='word_1_114' title='bbox 1822 2063 1949 2118; x_wconf 80' lang='lat' dir='ltr'>sate</span> 
     </span>
     <span class='ocr_line' id='line_1_20' title="bbox 844 2155 1334 2232; baseline -0.008 -19"><span class='ocrx_word' id='word_1_115' title='bbox 844 2155 1106 2232; x_wconf 86' lang='lat' dir='ltr'>Virgine,</span> <span class='ocrx_word' id='word_1_116' title='bbox 1141 2169 1334 2228; x_wconf 89' lang='lat' dir='ltr'>parce,</span> 
     </span>
    </p>

    <p class='ocr_par' dir='ltr' id='par_1_8' title="bbox 669 2239 1949 2393">
     <span class='ocr_line' id='line_1_21' title="bbox 669 2239 1949 2321; baseline -0.006 -17"><span class='ocrx_word' id='word_1_117' title='bbox 669 2246 961 2321; x_wconf 85' lang='lat' dir='ltr'>Fessaque</span> <span class='ocrx_word' id='word_1_118' title='bbox 983 2245 1109 2318; x_wconf 89' lang='lat' dir='ltr'>jam</span> <span class='ocrx_word' id='word_1_119' title='bbox 1140 2240 1333 2308; x_wconf 78' lang='lat' dir='ltr'>terrie,</span> <span class='ocrx_word' id='word_1_120' title='bbox 1356 2240 1502 2298; x_wconf 89' lang='lat' dir='ltr'>coeli</span> <span class='ocrx_word' id='word_1_121' title='bbox 1522 2239 1855 2313; x_wconf 88' lang='lat' dir='ltr'>requiescat</span> <span class='ocrx_word' id='word_1_122' title='bbox 1883 2239 1949 2296; x_wconf 92' lang='lat' dir='ltr'>in</span> 
     </span>
     <span class='ocr_line' id='line_1_22' title="bbox 847 2351 992 2393; baseline -0.034 0"><span class='ocrx_word' id='word_1_123' title='bbox 847 2351 992 2393; x_wconf 88' lang='lat' dir='ltr'>arce.</span> 
     </span>
    </p>
   </div>
   <div class='ocr_carea' id='block_1_7' title="bbox 663 2508 1959 3829">
    <p class='ocr_par' dir='ltr' id='par_1_9' title="bbox 663 2508 1959 3829">
     <span class='ocr_line' id='line_1_23' title="bbox 668 2508 1946 2588; baseline -0.005 -17"><span class='ocrx_word' id='word_1_124' title='bbox 668 2513 919 2588; x_wconf 74' lang='lat' dir='ltr'>Scripsit</span> <span class='ocrx_word' id='word_1_125' title='bbox 949 2527 1186 2585; x_wconf 87' lang='lat' dir='ltr'>quoque</span> <span class='ocrx_word' id='word_1_126' title='bbox 1231 2510 1300 2566; x_wconf 82' lang='lat' dir='ltr'>de</span> <span class='ocrx_word' id='word_1_127' title='bbox 1343 2508 1437 2565; x_wconf 83' lang='lat' dir='ltr'>sui</span> <span class='ocrx_word' id='word_1_128' title='bbox 1481 2508 1670 2580; x_wconf 82' lang='lat' dir='ltr'>ipsius</span> <span class='ocrx_word' id='word_1_129' title='bbox 1718 2513 1769 2564; x_wconf 82' lang='lat' dir='ltr'>et</span> <span class='ocrx_word' id='word_1_130' title='bbox 1801 2508 1946 2564; x_wconf 81' lang='lat' dir='ltr'>mul-</span> 
     </span>
     <span class='ocr_line' id='line_1_24' title="bbox 667 2591 1949 2679; baseline -0.006 -19"><span class='ocrx_word' id='word_1_131' title='bbox 667 2610 859 2660; x_wconf 80' lang='lat' dir='ltr'>torum</span> <span class='ocrx_word' id='word_1_132' title='bbox 888 2601 1224 2678; x_wconf 77' lang='lat' dir='ltr'>iqnorantia</span> <span class='ocrx_word' id='word_1_133' title='bbox 1253 2591 1413 2679; x_wconf 90' lang='lat' dir='ltr'>(opp.</span> <span class='ocrx_word' id='word_1_134' title='bbox 1439 2599 1481 2653; x_wconf 87' lang='lat' dir='ltr'>t.</span> <span class='ocrx_word' id='word_1_135' title='bbox 1511 2595 1585 2654; x_wconf 84' lang='grc' dir='ltr'>ΙΙ.</span> <span class='ocrx_word' id='word_1_136' title='bbox 1603 2597 1665 2653; x_wconf 90' lang='lat' dir='ltr'>et</span> <span class='ocrx_word' id='word_1_137' title='bbox 1680 2596 1949 2654; x_wconf 86' lang='lat' dir='ltr'>Genevae</span> 
     </span>
     <span class='ocr_line' id='line_1_25' title="bbox 677 2684 1950 2768; baseline -0.009 -14"><span class='ocrx_word' id='word_1_138' title='bbox 677 2701 840 2755; x_wconf 78' lang='lat'>1609</span> <span class='ocrx_word' id='word_1_139' title='bbox 875 2691 939 2748; x_wconf 92' lang='lat' dir='ltr'>in</span> <span class='ocrx_word' id='word_1_140' title='bbox 980 2684 1105 2768; x_wconf 85' lang='lat'>12),</span> <span class='ocrx_word' id='word_1_141' title='bbox 1158 2688 1221 2746; x_wconf 92' lang='lat' dir='ltr'>in</span> <span class='ocrx_word' id='word_1_142' title='bbox 1269 2704 1387 2761; x_wconf 89' lang='lat' dir='ltr'>quo</span> <span class='ocrx_word' id='word_1_143' title='bbox 1432 2685 1716 2744; x_wconf 88' lang='lat' dir='ltr'>describit</span> <span class='ocrx_word' id='word_1_144' title='bbox 1765 2688 1950 2744; x_wconf 86' lang='lat' dir='ltr'>Aver-</span> 
     </span>
     <span class='ocr_line' id='line_1_26' title="bbox 668 2774 1951 2851; baseline -0.006 -12"><span class='ocrx_word' id='word_1_145' title='bbox 668 2780 988 2839; x_wconf 86' lang='lat' dir='ltr'>roistarum</span> <span class='ocrx_word' id='word_1_146' title='bbox 1021 2778 1115 2836; x_wconf 88' lang='lat' dir='ltr'>sui</span> <span class='ocrx_word' id='word_1_147' title='bbox 1145 2776 1429 2851; x_wconf 86' lang='lat' dir='ltr'>temporis</span> <span class='ocrx_word' id='word_1_148' title='bbox 1481 2793 1610 2833; x_wconf 88' lang='lat' dir='ltr'>reas</span> <span class='ocrx_word' id='word_1_149' title='bbox 1642 2774 1951 2850; x_wconf 87' lang='lat' dir='ltr'>opiniones</span> 
     </span>
     <span class='ocr_line' id='line_1_27' title="bbox 668 2863 1955 2940; baseline -0.005 -13"><span class='ocrx_word' id='word_1_150' title='bbox 668 2869 805 2927; x_wconf 91' lang='lat' dir='ltr'>fidei</span> <span class='ocrx_word' id='word_1_151' title='bbox 846 2867 1116 2926; x_wconf 89' lang='lat' dir='ltr'>inimicas</span> <span class='ocrx_word' id='word_1_152' title='bbox 1160 2883 1488 2939; x_wconf 84' lang='lat' dir='ltr'>vanamque</span> <span class='ocrx_word' id='word_1_153' title='bbox 1534 2863 1801 2940; x_wconf 82' lang='lat' dir='ltr'>gloriam,</span> <span class='ocrx_word' id='word_1_154' title='bbox 1835 2881 1955 2938; x_wconf 87' lang='lat' dir='ltr'>qua</span> 
     </span>
     <span class='ocr_line' id='line_1_28' title="bbox 663 2952 1954 3035; baseline -0.006 -18"><span class='ocrx_word' id='word_1_155' title='bbox 663 2958 973 3035; x_wconf 83' lang='lat' dir='ltr'>jactabant</span> <span class='ocrx_word' id='word_1_156' title='bbox 1019 2973 1223 3014; x_wconf 86' lang='lat' dir='ltr'>veram</span> <span class='ocrx_word' id='word_1_157' title='bbox 1272 2972 1333 3011; x_wconf 89' lang='lat' dir='ltr'>se</span> <span class='ocrx_word' id='word_1_158' title='bbox 1377 2954 1672 3011; x_wconf 81' lang='lat' dir='ltr'>invenisse</span> <span class='ocrx_word' id='word_1_159' title='bbox 1722 2952 1954 3027; x_wconf 86' lang='lat' dir='ltr'>sapien-</span> 
     </span>
     <span class='ocr_line' id='line_1_29' title="bbox 669 3038 1955 3127; baseline -0.005 -21"><span class='ocrx_word' id='word_1_160' title='bbox 669 3048 815 3107; x_wconf 86' lang='lat' dir='ltr'>tiam</span> <span class='ocrx_word' id='word_1_161' title='bbox 827 3041 914 3127; x_wconf 77' lang='lat'>²);</span> <span class='ocrx_word' id='word_1_162' title='bbox 948 3046 1016 3103; x_wconf 84' lang='lat' dir='ltr'>de</span> <span class='ocrx_word' id='word_1_163' title='bbox 1047 3044 1318 3102; x_wconf 79' lang='lat' dir='ltr'>remediis</span> <span class='ocrx_word' id='word_1_164' title='bbox 1348 3038 1652 3118; x_wconf 70' lang='lat' dir='ltr'>utriusque</span> <span class='ocrx_word' id='word_1_165' title='bbox 1679 3041 1955 3114; x_wconf 77' lang='lat' dir='ltr'>fortunae</span> 
     </span>
     <span class='ocr_line' id='line_1_30' title="bbox 672 3129 1952 3210; baseline -0.002 -15"><span class='ocrx_word' id='word_1_166' title='bbox 672 3139 727 3199; x_wconf 88' lang='lat' dir='ltr'>ll.</span> <span class='ocrx_word' id='word_1_167' title='bbox 762 3138 804 3193; x_wconf 84' lang='lat'><strong><em>2</em></strong></span> <span class='ocrx_word' id='word_1_168' title='bbox 834 3134 1055 3210; x_wconf 85' lang='lat' dir='ltr'>dialogi</span> <span class='ocrx_word' id='word_1_169' title='bbox 1079 3142 1222 3201; x_wconf 87' lang='lat'>254,</span> <span class='ocrx_word' id='word_1_170' title='bbox 1255 3131 1536 3208; x_wconf 83' lang='lat' dir='ltr'>Lugduni</span> <span class='ocrx_word' id='word_1_171' title='bbox 1571 3129 1952 3198; x_wconf 76' lang='lat' dir='ltr'>1577in12;</span> 
     </span>
     <span class='ocr_line' id='line_1_31' title="bbox 674 3220 1957 3289; baseline -0.005 -5"><span class='ocrx_word' id='word_1_172' title='bbox 674 3227 942 3284; x_wconf 87' lang='lat' dir='ltr'>Genevae</span> <span class='ocrx_word' id='word_1_173' title='bbox 981 3232 1178 3289; x_wconf 73' lang='lat'>16133</span> <span class='ocrx_word' id='word_1_174' title='bbox 1222 3220 1600 3279; x_wconf 88' lang='lat' dir='ltr'>Roterodami</span> <span class='ocrx_word' id='word_1_175' title='bbox 1642 3229 1840 3289; x_wconf 80' lang='lat'>16493</span> <span class='ocrx_word' id='word_1_176' title='bbox 1887 3220 1957 3277; x_wconf 83' lang='lat' dir='ltr'>de</span> 
     </span>
     <span class='ocr_line' id='line_1_32' title="bbox 673 3310 1957 3387; baseline -0.005 -14"><span class='ocrx_word' id='word_1_177' title='bbox 673 3318 794 3373; x_wconf 78' lang='lat' dir='ltr'>vita</span> <span class='ocrx_word' id='word_1_178' title='bbox 824 3314 1092 3373; x_wconf 81' lang='lat' dir='ltr'>solitaria</span> <span class='ocrx_word' id='word_1_179' title='bbox 1111 3312 1168 3369; x_wconf 82' lang='lat' dir='ltr'>ll.</span> <span class='ocrx_word' id='word_1_180' title='bbox 1192 3314 1234 3369; x_wconf 81' lang='lat'><em>2</em></span> <span class='ocrx_word' id='word_1_181' title='bbox 1245 3332 1272 3383; x_wconf 84' lang='lat'>,·</span> <span class='ocrx_word' id='word_1_182' title='bbox 1301 3310 1370 3367; x_wconf 84' lang='lat' dir='ltr'>de</span> <span class='ocrx_word' id='word_1_183' title='bbox 1388 3312 1502 3368; x_wconf 80' lang='lat' dir='ltr'>otio</span> <span class='ocrx_word' id='word_1_184' title='bbox 1533 3310 1957 3387; x_wconf 74' lang='lat' dir='ltr'>reliqiosorum;</span> 
     </span>
     <span class='ocr_line' id='line_1_33' title="bbox 673 3399 1958 3476; baseline -0.007 -13"><span class='ocrx_word' id='word_1_185' title='bbox 673 3405 741 3463; x_wconf 81' lang='lat' dir='ltr'>de</span> <span class='ocrx_word' id='word_1_186' title='bbox 756 3422 889 3462; x_wconf 82' lang='lat' dir='ltr'>vera</span> <span class='ocrx_word' id='word_1_187' title='bbox 903 3403 1193 3475; x_wconf 79' lang='lat' dir='ltr'>sapientia</span> <span class='ocrx_word' id='word_1_188' title='bbox 1209 3399 1430 3476; x_wconf 86' lang='lat' dir='ltr'>dialogi</span> <span class='ocrx_word' id='word_1_189' title='bbox 1450 3408 1483 3461; x_wconf 90' lang='lat'><strong>2</strong></span> <span class='ocrx_word' id='word_1_190' title='bbox 1506 3421 1520 3469; x_wconf 91' lang='lat'>;</span> <span class='ocrx_word' id='word_1_191' title='bbox 1553 3400 1623 3456; x_wconf 83' lang='lat' dir='ltr'>de</span> <span class='ocrx_word' id='word_1_192' title='bbox 1637 3404 1958 3472; x_wconf 78' lang='lat' dir='ltr'>contemptu</span> 
     </span>
     <span class='ocr_line' id='line_1_34' title="bbox 675 3486 1956 3565; baseline -0.006 -13"><span class='ocrx_word' id='word_1_193' title='bbox 675 3494 898 3565; x_wconf 80' lang='lat' dir='ltr'>mundi,</span> <span class='ocrx_word' id='word_1_194' title='bbox 930 3491 1227 3565; x_wconf 86' lang='lat' dir='ltr'>colloquia</span> <span class='ocrx_word' id='word_1_195' title='bbox 1270 3489 1389 3546; x_wconf 88' lang='lat' dir='ltr'>tria</span> <span class='ocrx_word' id='word_1_196' title='bbox 1431 3488 1679 3546; x_wconf 85' lang='lat' dir='ltr'>totidem</span> <span class='ocrx_word' id='word_1_197' title='bbox 1725 3486 1956 3545; x_wconf 90' lang='lat' dir='ltr'>dierum</span> 
     </span>
     <span class='ocr_line' id='line_1_35' title="bbox 675 3574 1958 3658; baseline -0.009 -16"><span class='ocrx_word' id='word_1_198' title='bbox 675 3584 832 3642; x_wconf 87' lang='lat' dir='ltr'>inter</span> <span class='ocrx_word' id='word_1_199' title='bbox 862 3580 1270 3658; x_wconf 84' lang='lat' dir='ltr'>Augustinum</span> <span class='ocrx_word' id='word_1_200' title='bbox 1302 3581 1365 3636; x_wconf 92' lang='lat' dir='ltr'>et</span> <span class='ocrx_word' id='word_1_201' title='bbox 1397 3578 1745 3643; x_wconf 86' lang='lat' dir='ltr'>Petrarcam,</span> <span class='ocrx_word' id='word_1_202' title='bbox 1790 3574 1958 3651; x_wconf 82' lang='lat' dir='ltr'>Regii</span> 
     </span>
     <span class='ocr_line' id='line_1_36' title="bbox 674 3664 1959 3748; baseline -0.007 -18"><span class='ocrx_word' id='word_1_203' title='bbox 674 3672 878 3748; x_wconf 86' lang='lat' dir='ltr'>Lepidi</span> <span class='ocrx_word' id='word_1_204' title='bbox 920 3681 1075 3733; x_wconf 87' lang='lat'>1501</span> <span class='ocrx_word' id='word_1_205' title='bbox 1120 3668 1185 3727; x_wconf 91' lang='lat' dir='ltr'>in</span> <span class='ocrx_word' id='word_1_206' title='bbox 1220 3679 1273 3730; x_wconf 84' lang='lat'>4.</span> <span class='ocrx_word' id='word_1_207' title='bbox 1325 3666 1504 3725; x_wconf 90' lang='lat' dir='ltr'>etiam</span> <span class='ocrx_word' id='word_1_208' title='bbox 1554 3665 1841 3739; x_wconf 86' lang='lat' dir='ltr'>inscripta</span> <span class='ocrx_word' id='word_1_209' title='bbox 1871 3664 1959 3722; x_wconf 87' lang='lat' dir='ltr'>De</span> 
     </span>
     <span class='ocr_line' id='line_1_37' title="bbox 675 3754 1959 3829; baseline -0.009 -8"><span class='ocrx_word' id='word_1_210' title='bbox 675 3768 884 3821; x_wconf 80' lang='lat' dir='ltr'>secreto</span> <span class='ocrx_word' id='word_1_211' title='bbox 915 3778 1198 3818; x_wconf 78' lang='lat' dir='ltr'>curarum</span> <span class='ocrx_word' id='word_1_212' title='bbox 1228 3756 1493 3829; x_wconf 79' lang='lat' dir='ltr'>conflictu</span> <span class='ocrx_word' id='word_1_213' title='bbox 1507 3776 1537 3827; x_wconf 89' lang='lat'>,·</span> <span class='ocrx_word' id='word_1_214' title='bbox 1567 3755 1634 3813; x_wconf 81' lang='lat' dir='ltr'>de</span> <span class='ocrx_word' id='word_1_215' title='bbox 1664 3754 1959 3827; x_wconf 80' lang='lat' dir='ltr'>republica</span> 
     </span>
    </p>
   </div>
   <div class='ocr_carea' id='block_1_8' title="bbox 681 3883 997 3893">
    <p class='ocr_par' dir='ltr' id='par_1_10' title="bbox 681 3883 997 3893">
     <span class='ocr_line' id='line_1_38' title="bbox 681 3883 997 3893; baseline 0 1471"><span class='ocrx_word' id='word_1_216' title='bbox 681 3883 997 3893; x_wconf 95' lang='lat' dir='ltr'> </span> 
     </span>
    </p>
   </div>
   <div class='ocr_carea' id='block_1_9' title="bbox 676 3925 1966 4859">
    <p class='ocr_par' dir='ltr' id='par_1_11' title="bbox 676 3925 1961 4202">
     <span class='ocr_line' id='line_1_39' title="bbox 756 3925 1959 4001; baseline -0.007 -17"><span class='ocrx_word' id='word_1_217' title='bbox 756 3934 791 4001; x_wconf 73' lang='grc' dir='ltr'>Ι)</span> <span class='ocrx_word' id='word_1_218' title='bbox 823 3927 1112 3984; x_wconf 79' lang='lat' dir='ltr'>innumeri</span> <span class='ocrx_word' id='word_1_219' title='bbox 1152 3928 1276 3997; x_wconf 81' lang='lat' dir='ltr'>ejus</span> <span class='ocrx_word' id='word_1_220' title='bbox 1318 3925 1495 3980; x_wconf 84' lang='lat' dir='ltr'>vitam</span> <span class='ocrx_word' id='word_1_221' title='bbox 1521 3925 1959 3994; x_wconf 80' lang='lat' dir='ltr'>descripserunt,</span> 
     </span>
     <span class='ocr_line' id='line_1_40' title="bbox 676 3994 1961 4069; baseline -0.007 -13"><span class='ocrx_word' id='word_1_222' title='bbox 676 4003 827 4056; x_wconf 87' lang='lat' dir='ltr'>inter</span> <span class='ocrx_word' id='word_1_223' title='bbox 853 4017 996 4069; x_wconf 87' lang='lat' dir='ltr'>quos</span> <span class='ocrx_word' id='word_1_224' title='bbox 1035 3999 1287 4054; x_wconf 85' lang='lat' dir='ltr'>eminent</span> <span class='ocrx_word' id='word_1_225' title='bbox 1327 3997 1384 4051; x_wconf 82' lang='lat' dir='ltr'>M</span> <span class='ocrx_word' id='word_1_226' title='bbox 1401 4016 1438 4050; x_wconf 94' lang='lat' dir='ltr'>u</span> <span class='ocrx_word' id='word_1_227' title='bbox 1455 4015 1483 4050; x_wconf 92' lang='lat' dir='ltr'>r</span> <span class='ocrx_word' id='word_1_228' title='bbox 1499 4014 1532 4050; x_wconf 84' lang='lat' dir='ltr'>a</span> <span class='ocrx_word' id='word_1_229' title='bbox 1548 4000 1573 4050; x_wconf 90' lang='lat' dir='ltr'>t</span> <span class='ocrx_word' id='word_1_230' title='bbox 1588 4013 1619 4049; x_wconf 96' lang='lat' dir='ltr'>o</span> <span class='ocrx_word' id='word_1_231' title='bbox 1637 3996 1697 4049; x_wconf 89' lang='lat' dir='ltr'>ri</span> <span class='ocrx_word' id='word_1_232' title='bbox 1740 3997 1800 4049; x_wconf 87' lang='lat' dir='ltr'>in</span> <span class='ocrx_word' id='word_1_233' title='bbox 1842 3994 1961 4047; x_wconf 83' lang='lat' dir='ltr'>vita</span> 
     </span>
     <span class='ocr_line' id='line_1_41' title="bbox 680 4065 1960 4202; baseline -0.007 -75"><span class='ocrx_word' id='word_1_234' title='bbox 680 4072 988 4202; x_wconf 46' lang='lat' dir='ltr'>pgpelemisssa</span> <span class='ocrx_word' id='word_1_235' title='bbox 1014 4071 1137 4194; x_wconf 54' lang='lat' dir='ltr'>eju}</span> <span class='ocrx_word' id='word_1_236' title='bbox 1163 4068 1521 4194; x_wconf 47' lang='lat' dir='ltr'>poparigatibus</span> <span class='ocrx_word' id='word_1_237' title='bbox 1556 4065 1960 4191; x_wconf 57' lang='lat' dir='ltr'>italiCisledist’is</span> 
     </span>
    </p>

    <p class='ocr_par' dir='ltr' id='par_1_12' title="bbox 678 4154 1963 4776">
     <span class='ocr_line' id='line_1_42' title="bbox 836 4154 1961 4205; baseline -0.007 -8"><span class='ocrx_word' id='word_1_238' title='bbox 836 4168 847 4205; x_wconf 73' lang='grc' dir='ltr'>ς</span> <span class='ocrx_word' id='word_1_239' title='bbox 966 4160 1087 4196; x_wconf 85' lang='lat' dir='ltr'>esa</span> <span class='ocrx_word' id='word_1_240' title='bbox 1156 4158 1184 4193; x_wconf 92' lang='lat' dir='ltr'>e</span> <span class='ocrx_word' id='word_1_241' title='bbox 1232 4164 1252 4193; x_wconf 82' lang='grc' dir='ltr'>ι</span> <span class='ocrx_word' id='word_1_242' title='bbox 1325 4156 1527 4195; x_wconf 81' lang='lat' dir='ltr'>moires</span> <span class='ocrx_word' id='word_1_243' title='bbox 1614 4156 1717 4193; x_wconf 91' lang='lat' dir='ltr'>our</span> <span class='ocrx_word' id='word_1_244' title='bbox 1785 4154 1817 4190; x_wconf 84' lang='lat' dir='ltr'>a</span> <span class='ocrx_word' id='word_1_245' title='bbox 1909 4154 1961 4190; x_wconf 80' lang='lat' dir='ltr'>ie</span> 
     </span>
     <span class='ocr_line' id='line_1_43' title="bbox 678 4158 1960 4281; baseline -0.009 -9"><span class='ocrx_word' id='word_1_246' title='bbox 678 4218 748 4272; x_wconf 92' lang='lat' dir='ltr'>de</span> <span class='ocrx_word' id='word_1_247' title='bbox 794 4216 854 4269; x_wconf 83' lang='lat' dir='ltr'>F.</span> <span class='ocrx_word' id='word_1_248' title='bbox 895 4215 955 4270; x_wconf 89' lang='lat' dir='ltr'>P.</span> <span class='ocrx_word' id='word_1_249' title='bbox 1002 4216 1104 4268; x_wconf 83' lang='lat' dir='ltr'>etc.</span> <span class='ocrx_word' id='word_1_250' title='bbox 1149 4229 1286 4266; x_wconf 85' lang='lat' dir='ltr'>avec</span> <span class='ocrx_word' id='word_1_251' title='bbox 1327 4211 1512 4281; x_wconf 61' lang='lat' dir='ltr'>pisces</span> <span class='ocrx_word' id='word_1_252' title='bbox 1543 4158 1960 4279; x_wconf 59' lang='lat' dir='ltr'>jiistiflcatives,</span> 
     </span>
     <span class='ocr_line' id='line_1_44' title="bbox 679 4279 1961 4344; baseline -0.009 0"><span class='ocrx_word' id='word_1_253' title='bbox 679 4284 1086 4344; x_wconf 80' lang='lat' dir='ltr'>Amstelodami</span> <span class='ocrx_word' id='word_1_254' title='bbox 1130 4288 1408 4341; x_wconf 80' lang='lat'>1764—67</span> <span class='ocrx_word' id='word_1_255' title='bbox 1450 4285 1490 4336; x_wconf 80' lang='lat' dir='ltr'>t.</span> <span class='ocrx_word' id='word_1_256' title='bbox 1517 4287 1550 4340; x_wconf 87' lang='lat'><strong>3</strong></span> <span class='ocrx_word' id='word_1_257' title='bbox 1568 4304 1580 4342; x_wconf 76' lang='grc' dir='ltr'>ς</span> <span class='ocrx_word' id='word_1_258' title='bbox 1624 4281 1667 4334; x_wconf 89' lang='lat' dir='ltr'>B</span> <span class='ocrx_word' id='word_1_259' title='bbox 1684 4280 1808 4335; x_wconf 87' lang='lat' dir='ltr'>ald</span> <span class='ocrx_word' id='word_1_260' title='bbox 1827 4296 1855 4333; x_wconf 94' lang='lat' dir='ltr'>e</span> <span class='ocrx_word' id='word_1_261' title='bbox 1874 4279 1961 4333; x_wconf 93' lang='lat' dir='ltr'>lli</span> 
     </span>
     <span class='ocr_line' id='line_1_45' title="bbox 679 4352 1961 4422; baseline -0.005 -9"><span class='ocrx_word' id='word_1_262' title='bbox 679 4360 785 4415; x_wconf 91' lang='lat' dir='ltr'>Del</span> <span class='ocrx_word' id='word_1_263' title='bbox 835 4360 1098 4412; x_wconf 79' lang='lat' dir='ltr'>Petrarca</span> <span class='ocrx_word' id='word_1_264' title='bbox 1146 4373 1175 4410; x_wconf 90' lang='lat' dir='ltr'>e</span> <span class='ocrx_word' id='word_1_265' title='bbox 1226 4355 1376 4409; x_wconf 89' lang='lat' dir='ltr'>delle</span> <span class='ocrx_word' id='word_1_266' title='bbox 1425 4371 1525 4408; x_wconf 84' lang='lat' dir='ltr'>sue</span> <span class='ocrx_word' id='word_1_267' title='bbox 1578 4370 1749 4422; x_wconf 86' lang='lat' dir='ltr'>opere</span> <span class='ocrx_word' id='word_1_268' title='bbox 1802 4352 1861 4405; x_wconf 87' lang='lat' dir='ltr'>ll.</span> <span class='ocrx_word' id='word_1_269' title='bbox 1910 4356 1961 4415; x_wconf 81' lang='lat'>4,</span> 
     </span>
     <span class='ocr_line' id='line_1_46' title="bbox 679 4423 1963 4494; baseline -0.009 -9"><span class='ocrx_word' id='word_1_270' title='bbox 679 4430 998 4487; x_wconf 83' lang='lat' dir='ltr'>Florentiae</span> <span class='ocrx_word' id='word_1_271' title='bbox 1026 4433 1162 4485; x_wconf 83' lang='grc'>1797</span> <span class='ocrx_word' id='word_1_272' title='bbox 1192 4427 1254 4480; x_wconf 90' lang='lat' dir='ltr'>in</span> <span class='ocrx_word' id='word_1_273' title='bbox 1279 4432 1330 4482; x_wconf 80' lang='lat'>4.</span> <span class='ocrx_word' id='word_1_274' title='bbox 1359 4428 1462 4480; x_wconf 89' lang='lat' dir='ltr'>etc.</span> <span class='ocrx_word' id='word_1_275' title='bbox 1491 4425 1571 4479; x_wconf 90' lang='lat' dir='ltr'>De</span> <span class='ocrx_word' id='word_1_276' title='bbox 1599 4424 1868 4494; x_wconf 88' lang='lat' dir='ltr'>operibus</span> <span class='ocrx_word' id='word_1_277' title='bbox 1894 4423 1963 4475; x_wconf 84' lang='lat' dir='ltr'>cf.</span> 
     </span>
     <span class='ocr_line' id='line_1_47' title="bbox 682 4495 1963 4557; baseline -0.008 0"><span class='ocrx_word' id='word_1_278' title='bbox 682 4502 1007 4557; x_wconf 87' lang='lat' dir='ltr'>Niceron</span> <span class='ocrx_word' id='word_1_279' title='bbox 1084 4502 1122 4556; x_wconf 89' lang='lat' dir='ltr'>t.</span> <span class='ocrx_word' id='word_1_280' title='bbox 1187 4503 1257 4555; x_wconf 84' lang='grc'>28</span> <span class='ocrx_word' id='word_1_281' title='bbox 1319 4502 1379 4552; x_wconf 89' lang='lat' dir='ltr'>et</span> <span class='ocrx_word' id='word_1_282' title='bbox 1436 4495 1834 4552; x_wconf 85' lang='lat' dir='ltr'>Fabricius</span> <span class='ocrx_word' id='word_1_283' title='bbox 1897 4495 1963 4555; x_wconf 92' lang='lat' dir='ltr'>V,</span> 
     </span>
     <span class='ocr_line' id='line_1_48' title="bbox 679 4566 1962 4637; baseline -0.009 -5"><span class='ocrx_word' id='word_1_284' title='bbox 679 4580 784 4633; x_wconf 97' lang='grc'>216</span> <span class='ocrx_word' id='word_1_285' title='bbox 810 4592 898 4635; x_wconf 79' lang='lat' dir='ltr'>ss.;</span> <span class='ocrx_word' id='word_1_286' title='bbox 928 4571 1255 4627; x_wconf 86' lang='lat' dir='ltr'>Leonardus</span> <span class='ocrx_word' id='word_1_287' title='bbox 1282 4568 1325 4621; x_wconf 90' lang='lat' dir='ltr'>B</span> <span class='ocrx_word' id='word_1_288' title='bbox 1342 4588 1369 4622; x_wconf 93' lang='lat' dir='ltr'>r</span> <span class='ocrx_word' id='word_1_289' title='bbox 1388 4587 1420 4623; x_wconf 90' lang='lat' dir='ltr'>u</span> <span class='ocrx_word' id='word_1_290' title='bbox 1441 4568 1528 4634; x_wconf 85' lang='lat' dir='ltr'>ni,</span> <span class='ocrx_word' id='word_1_291' title='bbox 1557 4566 1801 4637; x_wconf 83' lang='lat' dir='ltr'>Perngia</span> <span class='ocrx_word' id='word_1_292' title='bbox 1826 4570 1962 4621; x_wconf 85' lang='lat'>1671</span> 
     </span>
     <span class='ocr_line' id='line_1_49' title="bbox 679 4637 1962 4707; baseline -0.009 -6"><span class='ocrx_word' id='word_1_293' title='bbox 679 4648 743 4701; x_wconf 90' lang='lat' dir='ltr'>in</span> <span class='ocrx_word' id='word_1_294' title='bbox 770 4652 868 4707; x_wconf 82' lang='lat'>12;</span> <span class='ocrx_word' id='word_1_295' title='bbox 897 4644 1218 4699; x_wconf 85' lang='lat' dir='ltr'>Florentiae</span> <span class='ocrx_word' id='word_1_296' title='bbox 1247 4646 1386 4700; x_wconf 80' lang='grc'>,1672</span> <span class='ocrx_word' id='word_1_297' title='bbox 1413 4644 1548 4697; x_wconf 53' lang='lat' dir='ltr'>etex.</span> <span class='ocrx_word' id='word_1_298' title='bbox 1575 4640 1626 4692; x_wconf 88' lang='lat' dir='ltr'><strong>K</strong></span> <span class='ocrx_word' id='word_1_299' title='bbox 1642 4655 1676 4691; x_wconf 84' lang='lat' dir='ltr'>a</span> <span class='ocrx_word' id='word_1_300' title='bbox 1694 4637 1816 4692; x_wconf 87' lang='lat' dir='ltr'>ule</span> <span class='ocrx_word' id='word_1_301' title='bbox 1834 4655 1872 4690; x_wconf 91' lang='lat' dir='ltr'>n</span> <span class='ocrx_word' id='word_1_302' title='bbox 1900 4637 1962 4701; x_wconf 91' lang='lat' dir='ltr'>V,</span> 
     </span>
     <span class='ocr_line' id='line_1_50' title="bbox 682 4723 840 4776; baseline -0.032 -1"><span class='ocrx_word' id='word_1_303' title='bbox 682 4723 840 4776; x_wconf 82' lang='lat'>1852.</span> 
     </span>
    </p>

    <p class='ocr_par' dir='ltr' id='par_1_13' title="bbox 756 4781 1966 4859">
     <span class='ocr_line' id='line_1_51' title="bbox 756 4781 1966 4859; baseline -0.012 -15"><span class='ocrx_word' id='word_1_304' title='bbox 756 4793 797 4859; x_wconf 80' lang='lat'>²)</span> <span class='ocrx_word' id='word_1_305' title='bbox 825 4788 906 4844; x_wconf 86' lang='lat' dir='ltr'>Cf.</span> <span class='ocrx_word' id='word_1_306' title='bbox 959 4783 1410 4840; x_wconf 84' lang='lat' dir='ltr'>Tiraboschi</span> <span class='ocrx_word' id='word_1_307' title='bbox 1459 4783 1526 4837; x_wconf 88' lang='lat' dir='ltr'>V.</span> <span class='ocrx_word' id='word_1_308' title='bbox 1578 4781 1617 4836; x_wconf 86' lang='lat' dir='ltr'>l.</span> <span class='ocrx_word' id='word_1_309' title='bbox 1662 4788 1694 4837; x_wconf 82' lang='lat'>2</span> <span class='ocrx_word' id='word_1_310' title='bbox 1742 4797 1786 4834; x_wconf 89' lang='lat' dir='ltr'>c.</span> <span class='ocrx_word' id='word_1_311' title='bbox 1832 4785 1865 4836; x_wconf 86' lang='grc'>2</span> <span class='ocrx_word' id='word_1_312' title='bbox 1911 4797 1966 4832; x_wconf 87' lang='grc' dir='ltr'>ιι.</span> 
     </span>
    </p>
   </div>
   <div class='ocr_carea' id='block_1_10' title="bbox 1996 791 3291 1594">
    <p class='ocr_par' dir='ltr' id='par_1_14' title="bbox 1996 791 3291 1594">
     <span class='ocr_line' id='line_1_52' title="bbox 1996 791 3289 880; baseline -0.013 -16"><span class='ocrx_word' id='word_1_313' title='bbox 1996 807 2127 880; x_wconf 89' lang='lat' dir='ltr'>ejus</span> <span class='ocrx_word' id='word_1_314' title='bbox 2178 804 2250 862; x_wconf 91' lang='lat' dir='ltr'>de</span> <span class='ocrx_word' id='word_1_315' title='bbox 2300 804 2479 861; x_wconf 85' lang='lat' dir='ltr'>rebus</span> <span class='ocrx_word' id='word_1_316' title='bbox 2529 796 2926 858; x_wconf 84' lang='lat' dir='ltr'>familiaribus</span> <span class='ocrx_word' id='word_1_317' title='bbox 2973 798 3045 852; x_wconf 88' lang='lat' dir='ltr'>et</span> <span class='ocrx_word' id='word_1_318' title='bbox 3091 791 3289 849; x_wconf 79' lang='lat' dir='ltr'>varias.</span> 
     </span>
     <span class='ocr_line' id='line_1_53' title="bbox 1996 880 3291 968; baseline -0.012 -15"><span class='ocrx_word' id='word_1_319' title='bbox 1996 897 2129 952; x_wconf 87' lang='lat' dir='ltr'>tum</span> <span class='ocrx_word' id='word_1_320' title='bbox 2176 911 2329 968; x_wconf 88' lang='lat' dir='ltr'>quae</span> <span class='ocrx_word' id='word_1_321' title='bbox 2378 890 2587 956; x_wconf 89' lang='lat' dir='ltr'>adhuc,</span> <span class='ocrx_word' id='word_1_322' title='bbox 2639 891 2772 946; x_wconf 89' lang='lat' dir='ltr'>tum</span> <span class='ocrx_word' id='word_1_323' title='bbox 2822 902 2980 960; x_wconf 87' lang='lat' dir='ltr'>quae</span> <span class='ocrx_word' id='word_1_324' title='bbox 3029 880 3291 940; x_wconf 85' lang='lat' dir='ltr'>nondum</span> 
     </span>
     <span class='ocr_line' id='line_1_54' title="bbox 1997 970 3291 1042; baseline -0.013 0"><span class='ocrx_word' id='word_1_325' title='bbox 1997 982 2193 1042; x_wconf 85' lang='lat' dir='ltr'>editae</span> <span class='ocrx_word' id='word_1_326' title='bbox 2237 982 2486 1040; x_wconf 87' lang='lat' dir='ltr'>fuerunt</span> <span class='ocrx_word' id='word_1_327' title='bbox 2516 978 2576 1036; x_wconf 90' lang='lat' dir='ltr'>ll.</span> <span class='ocrx_word' id='word_1_328' title='bbox 2609 976 2795 1035; x_wconf 84' lang='lat' dir='ltr'><strong>XXIV</strong></span> <span class='ocrx_word' id='word_1_329' title='bbox 2842 974 2933 1032; x_wconf 90' lang='lat' dir='ltr'>ed.</span> <span class='ocrx_word' id='word_1_330' title='bbox 2967 973 3107 1032; x_wconf 72' lang='lat' dir='ltr'>JOS.</span> <span class='ocrx_word' id='word_1_331' title='bbox 3142 970 3291 1027; x_wconf 81' lang='lat' dir='ltr'>Fra-</span> 
     </span>
     <span class='ocr_line' id='line_1_55' title="bbox 1997 1066 3290 1138; baseline -0.007 -7"><span class='ocrx_word' id='word_1_332' title='bbox 1997 1071 2362 1138; x_wconf 83' lang='lat' dir='ltr'>cassetti,</span> <span class='ocrx_word' id='word_1_333' title='bbox 2410 1066 2744 1126; x_wconf 83' lang='lat' dir='ltr'>Florentiae</span> <span class='ocrx_word' id='word_1_334' title='bbox 2816 1069 3290 1126; x_wconf 78' lang='lat'>1859—1863;</span> 
     </span>
     <span class='ocr_line' id='line_1_56' title="bbox 1997 1151 3291 1230; baseline -0.008 -13"><span class='ocrx_word' id='word_1_335' title='bbox 1997 1164 2039 1218; x_wconf 83' lang='lat' dir='ltr'>t.</span> <span class='ocrx_word' id='word_1_336' title='bbox 2078 1171 2112 1224; x_wconf 87' lang='lat'><strong>3</strong></span> <span class='ocrx_word' id='word_1_337' title='bbox 2148 1161 2345 1219; x_wconf 81' lang='lat' dir='ltr'>italice</span> <span class='ocrx_word' id='word_1_338' title='bbox 2366 1174 2571 1217; x_wconf 86' lang='lat' dir='ltr'>versae</span> <span class='ocrx_word' id='word_1_339' title='bbox 2599 1155 2958 1230; x_wconf 82' lang='lat' dir='ltr'>prodierunt</span> <span class='ocrx_word' id='word_1_340' title='bbox 2986 1151 3076 1209; x_wconf 90' lang='lat' dir='ltr'>ib.</span> <span class='ocrx_word' id='word_1_341' title='bbox 3110 1157 3291 1211; x_wconf 81' lang='lat'>1863-</span> 
     </span>
     <span class='ocr_line' id='line_1_57' title="bbox 2005 1238 3291 1318; baseline -0.017 -4"><span class='ocrx_word' id='word_1_342' title='bbox 2005 1259 2172 1314; x_wconf 83' lang='lat'>1869</span> <span class='ocrx_word' id='word_1_343' title='bbox 2208 1253 2250 1307; x_wconf 91' lang='lat' dir='ltr'>t.</span> <span class='ocrx_word' id='word_1_344' title='bbox 2291 1259 2358 1318; x_wconf 79' lang='lat'>53</span> <span class='ocrx_word' id='word_1_345' title='bbox 2414 1247 2638 1305; x_wconf 80' lang='lat' dir='ltr'>Lettere</span> <span class='ocrx_word' id='word_1_346' title='bbox 2667 1244 2855 1317; x_wconf 80' lang='lat' dir='ltr'>senili,</span> <span class='ocrx_word' id='word_1_347' title='bbox 2910 1240 3002 1299; x_wconf 89' lang='lat' dir='ltr'>ed.</span> <span class='ocrx_word' id='word_1_348' title='bbox 3042 1238 3291 1296; x_wconf 82' lang='lat' dir='ltr'>Fraca·</span> 
     </span>
     <span class='ocr_line' id='line_1_58' title="bbox 1998 1327 3291 1406; baseline -0.013 -7"><span class='ocrx_word' id='word_1_349' title='bbox 1998 1339 2214 1406; x_wconf 82' lang='lat' dir='ltr'>setti,</span> <span class='ocrx_word' id='word_1_350' title='bbox 2248 1337 2326 1396; x_wconf 91' lang='lat' dir='ltr'>ib.</span> <span class='ocrx_word' id='word_1_351' title='bbox 2370 1345 2555 1399; x_wconf 80' lang='grc'>1869.</span> <span class='ocrx_word' id='word_1_352' title='bbox 2597 1343 2781 1397; x_wconf 83' lang='grc'>1870.</span> <span class='ocrx_word' id='word_1_353' title='bbox 2816 1328 3099 1404; x_wconf 78' lang='lat' dir='ltr'>Reliquit</span> <span class='ocrx_word' id='word_1_354' title='bbox 3130 1327 3291 1402; x_wconf 81' lang='lat' dir='ltr'>plura</span> 
     </span>
     <span class='ocr_line' id='line_1_59' title="bbox 1998 1416 3290 1503; baseline -0.013 -14"><span class='ocrx_word' id='word_1_355' title='bbox 1998 1428 2112 1488; x_wconf 89' lang='lat' dir='ltr'>alia</span> <span class='ocrx_word' id='word_1_356' title='bbox 2144 1425 2428 1503; x_wconf 87' lang='lat' dir='ltr'>opuscula</span> <span class='ocrx_word' id='word_1_357' title='bbox 2456 1421 2706 1483; x_wconf 87' lang='lat' dir='ltr'>moralia</span> <span class='ocrx_word' id='word_1_358' title='bbox 2754 1424 2818 1479; x_wconf 86' lang='lat' dir='ltr'>et</span> <span class='ocrx_word' id='word_1_359' title='bbox 2859 1416 3290 1495; x_wconf 83' lang='lat' dir='ltr'>philosophica.</span> 
     </span>
     <span class='ocr_line' id='line_1_60' title="bbox 2000 1506 3289 1594; baseline -0.012 -18"><span class='ocrx_word' id='word_1_360' title='bbox 2000 1517 2191 1594; x_wconf 88' lang='lat' dir='ltr'>magis</span> <span class='ocrx_word' id='word_1_361' title='bbox 2225 1516 2277 1575; x_wconf 90' lang='lat' dir='ltr'>si</span> <span class='ocrx_word' id='word_1_362' title='bbox 2299 1515 2510 1574; x_wconf 89' lang='lat' dir='ltr'>stilum</span> <span class='ocrx_word' id='word_1_363' title='bbox 2530 1515 2763 1588; x_wconf 87' lang='lat' dir='ltr'>spectes</span> <span class='ocrx_word' id='word_1_364' title='bbox 2784 1506 3109 1585; x_wconf 85' lang='lat' dir='ltr'>splendida</span> <span class='ocrx_word' id='word_1_365' title='bbox 3123 1524 3289 1580; x_wconf 80' lang='lat' dir='ltr'>quam</span> 
     </span>
    </p>
   </div>
   <div class='ocr_carea' id='block_1_11' title="bbox 2002 1593 3401 1680">
    <p class='ocr_par' dir='ltr' id='par_1_15' title="bbox 2002 1593 3401 1680">
     <span class='ocr_line' id='line_1_61' title="bbox 2002 1593 3401 1680; baseline -0.014 -14"><span class='ocrx_word' id='word_1_366' title='bbox 2002 1607 2206 1666; x_wconf 87' lang='lat' dir='ltr'>solida.</span> <span class='ocrx_word' id='word_1_367' title='bbox 2271 1605 2464 1680; x_wconf 88' lang='lat' dir='ltr'>Opera</span> <span class='ocrx_word' id='word_1_368' title='bbox 2512 1600 2757 1660; x_wconf 81' lang='lat' dir='ltr'>collecta</span> <span class='ocrx_word' id='word_1_369' title='bbox 2785 1597 3159 1674; x_wconf 83' lang='lat' dir='ltr'>prodierunt</span> <span class='ocrx_word' id='word_1_370' title='bbox 3188 1593 3291 1650; x_wconf 84' lang='lat' dir='ltr'>Ba·</span> <span class='ocrx_word' id='word_1_371' title='bbox 3400 1603 3401 1632; x_wconf 65' lang='lat'><strong>³</strong></span> 
     </span>
    </p>
   </div>
   <div class='ocr_carea' id='block_1_12' title="bbox 2001 1688 3290 1934">
    <p class='ocr_par' dir='ltr' id='par_1_16' title="bbox 2001 1688 3290 1934">
     <span class='ocr_line' id='line_1_62' title="bbox 2003 1688 3290 1762; baseline -0.009 -7"><span class='ocrx_word' id='word_1_372' title='bbox 2003 1697 2183 1755; x_wconf 88' lang='lat' dir='ltr'>sileae</span> <span class='ocrx_word' id='word_1_373' title='bbox 2237 1702 2435 1762; x_wconf 78' lang='lat'>1496;</span> <span class='ocrx_word' id='word_1_374' title='bbox 2501 1688 2771 1750; x_wconf 89' lang='lat' dir='ltr'>Venetiis</span> <span class='ocrx_word' id='word_1_375' title='bbox 2832 1695 3036 1754; x_wconf 87' lang='grc'>1503;</span> <span class='ocrx_word' id='word_1_376' title='bbox 3110 1693 3290 1748; x_wconf 82' lang='grc'>1554;</span> 
     </span>
     <span class='ocr_line' id='line_1_63' title="bbox 2009 1772 3288 1854; baseline -0.018 -5"><span class='ocrx_word' id='word_1_377' title='bbox 2009 1795 2166 1848; x_wconf 89' lang='grc'>1581</span> <span class='ocrx_word' id='word_1_378' title='bbox 2197 1806 2211 1854; x_wconf 78' lang='lat'><em>3</em></span> <span class='ocrx_word' id='word_1_379' title='bbox 2245 1781 2452 1841; x_wconf 84' lang='lat' dir='ltr'>Scritti</span> <span class='ocrx_word' id='word_1_380' title='bbox 2487 1778 2702 1838; x_wconf 88' lang='lat' dir='ltr'>inediti</span> <span class='ocrx_word' id='word_1_381' title='bbox 2735 1776 2824 1837; x_wconf 89' lang='lat' dir='ltr'>ed.</span> <span class='ocrx_word' id='word_1_382' title='bbox 2858 1775 2935 1834; x_wconf 87' lang='lat' dir='ltr'>ab</span> <span class='ocrx_word' id='word_1_383' title='bbox 2969 1776 3039 1835; x_wconf 78' lang='lat' dir='ltr'>A.</span> <span class='ocrx_word' id='word_1_384' title='bbox 3078 1772 3288 1831; x_wconf 82' lang='lat' dir='ltr'>Hortis.</span> 
     </span>
     <span class='ocr_line' id='line_1_64' title="bbox 2001 1875 2419 1934; baseline -0.017 0"><span class='ocrx_word' id='word_1_385' title='bbox 2001 1875 2196 1933; x_wconf 82' lang='lat' dir='ltr'>Triest</span> <span class='ocrx_word' id='word_1_386' title='bbox 2235 1882 2419 1934; x_wconf 83' lang='lat'>1874.</span> 
     </span>
    </p>
   </div>
   <div class='ocr_carea' id='block_1_13' title="bbox 2004 2043 3288 2291">
    <p class='ocr_par' dir='ltr' id='par_1_17' title="bbox 2004 2043 3288 2291">
     <span class='ocr_line' id='line_1_65' title="bbox 2096 2043 3288 2115; baseline -0.015 -2"><span class='ocrx_word' id='word_1_387' title='bbox 2096 2061 2130 2115; x_wconf 90' lang='grc'><strong>3</strong></span> <span class='ocrx_word' id='word_1_388' title='bbox 2141 2063 2175 2114; x_wconf 82' lang='grc'><strong>3</strong></span> <span class='ocrx_word' id='word_1_389' title='bbox 2188 2060 2240 2113; x_wconf 80' lang='grc'>2.</span> <span class='ocrx_word' id='word_1_390' title='bbox 2292 2048 2615 2107; x_wconf 83' lang='lat' dir='ltr'>Historiam</span> <span class='ocrx_word' id='word_1_391' title='bbox 2666 2043 3132 2104; x_wconf 84' lang='lat' dir='ltr'>eeclesiasticam</span> <span class='ocrx_word' id='word_1_392' title='bbox 3194 2057 3288 2095; x_wconf 73' lang='lat' dir='ltr'>na·</span> 
     </span>
     <span class='ocr_line' id='line_1_66' title="bbox 2004 2132 3286 2222; baseline -0.013 -22"><span class='ocrx_word' id='word_1_393' title='bbox 2004 2143 2225 2200; x_wconf 78' lang='lat' dir='ltr'>tionum</span> <span class='ocrx_word' id='word_1_394' title='bbox 2239 2133 2289 2222; x_wconf 86' lang='lat'>¹)</span> <span class='ocrx_word' id='word_1_395' title='bbox 2319 2138 2415 2196; x_wconf 85' lang='lat' dir='ltr'>vel</span> <span class='ocrx_word' id='word_1_396' title='bbox 2435 2136 2780 2195; x_wconf 75' lang='lat' dir='ltr'>dioecesium</span> <span class='ocrx_word' id='word_1_397' title='bbox 2800 2132 3013 2208; x_wconf 88' lang='lat' dir='ltr'>plnres</span> <span class='ocrx_word' id='word_1_398' title='bbox 3033 2133 3286 2187; x_wconf 78' lang='lat' dir='ltr'>narrant</span> 
     </span>
     <span class='ocr_line' id='line_1_67' title="bbox 2004 2216 3288 2291; baseline -0.012 -2"><span class='ocrx_word' id='word_1_399' title='bbox 2004 2227 2401 2289; x_wconf 81' lang='lat' dir='ltr'>Arnaldus</span> <span class='ocrx_word' id='word_1_400' title='bbox 2432 2225 2507 2285; x_wconf 92' lang='lat' dir='ltr'>de</span> <span class='ocrx_word' id='word_1_401' title='bbox 2542 2225 2590 2283; x_wconf 90' lang='lat' dir='ltr'><strong>V</strong></span> <span class='ocrx_word' id='word_1_402' title='bbox 2608 2222 2874 2282; x_wconf 85' lang='lat' dir='ltr'>erdala</span> <span class='ocrx_word' id='word_1_403' title='bbox 2904 2219 3141 2286; x_wconf 75' lang='lat' dir='ltr'>Gallae,</span> <span class='ocrx_word' id='word_1_404' title='bbox 3174 2216 3288 2291; x_wconf 89' lang='lat' dir='ltr'>epi-</span> 
     </span>
    </p>
   </div>
   <div class='ocr_carea' id='block_1_14' title="bbox 2009 2350 2328 2363">
    <p class='ocr_par' dir='ltr' id='par_1_18' title="bbox 2009 2350 2328 2363">
     <span class='ocr_line' id='line_1_68' title="bbox 2009 2350 2328 2363; baseline 0 3001"><span class='ocrx_word' id='word_1_405' title='bbox 2009 2350 2328 2363; x_wconf 95' lang='lat' dir='ltr'> </span> 
     </span>
    </p>
   </div>
   <div class='ocr_carea' id='block_1_15' title="bbox 2006 2405 3289 3911">
    <p class='ocr_par' dir='ltr' id='par_1_19' title="bbox 2006 2405 3289 3911">
     <span class='ocr_line' id='line_1_69' title="bbox 2085 2405 3285 2490; baseline -0.013 -18"><span class='ocrx_word' id='word_1_406' title='bbox 2085 2422 2121 2490; x_wconf 80' lang='lat'>¹)</span> <span class='ocrx_word' id='word_1_407' title='bbox 2148 2419 2192 2471; x_wconf 90' lang='lat' dir='ltr'>L</span> <span class='ocrx_word' id='word_1_408' title='bbox 2208 2433 2238 2471; x_wconf 93' lang='lat' dir='ltr'>e</span> <span class='ocrx_word' id='word_1_409' title='bbox 2254 2434 2286 2472; x_wconf 92' lang='lat' dir='ltr'>o</span> <span class='ocrx_word' id='word_1_410' title='bbox 2305 2433 2387 2486; x_wconf 90' lang='lat' dir='ltr'>po</span> <span class='ocrx_word' id='word_1_411' title='bbox 2407 2415 2479 2469; x_wconf 90' lang='lat' dir='ltr'>ld</span> <span class='ocrx_word' id='word_1_412' title='bbox 2498 2431 2536 2468; x_wconf 90' lang='lat' dir='ltr'>u</span> <span class='ocrx_word' id='word_1_413' title='bbox 2553 2431 2578 2466; x_wconf 87' lang='lat' dir='ltr'>s</span> <span class='ocrx_word' id='word_1_414' title='bbox 2619 2409 2957 2482; x_wconf 72' lang='lat' dir='ltr'>(LupolduS,</span> <span class='ocrx_word' id='word_1_415' title='bbox 3000 2405 3285 2461; x_wconf 65' lang='lat' dir='ltr'>Ludolfusl</span> 
     </span>
     <span class='ocr_line' id='line_1_70' title="bbox 2006 2481 3287 2609; baseline -0.012 -65"><span class='ocrx_word' id='word_1_416' title='bbox 2006 2491 2076 2544; x_wconf 89' lang='lat' dir='ltr'>de</span> <span class='ocrx_word' id='word_1_417' title='bbox 2127 2488 2575 2567; x_wconf 87' lang='lat' dir='ltr'>Bebenburg</span> <span class='ocrx_word' id='word_1_418' title='bbox 2615 2481 3004 2609; x_wconf 41' lang='lat' dir='ltr'>§Babenberffl</span> <span class='ocrx_word' id='word_1_419' title='bbox 3064 2483 3131 2532; x_wconf 87' lang='lat' dir='ltr'>in</span> <span class='ocrx_word' id='word_1_420' title='bbox 3178 2492 3287 2556; x_wconf 75' lang='lat' dir='ltr'>aca-</span> 
     </span>
     <span class='ocr_line' id='line_1_71' title="bbox 2006 2549 3286 2616; baseline -0.014 0"><span class='ocrx_word' id='word_1_421' title='bbox 2006 2561 2195 2616; x_wconf 84' lang='lat' dir='ltr'>demia</span> <span class='ocrx_word' id='word_1_422' title='bbox 2236 2557 2573 2615; x_wconf 76' lang='lat' dir='ltr'>bononiensi</span> <span class='ocrx_word' id='word_1_423' title='bbox 2653 2572 2702 2609; x_wconf 93' lang='grc' dir='ltr'>ο.</span> <span class='ocrx_word' id='word_1_424' title='bbox 2748 2553 3014 2606; x_wconf 75' lang='lat' dir='ltr'>Andreae</span> <span class='ocrx_word' id='word_1_425' title='bbox 3054 2549 3286 2603; x_wconf 76' lang='lat' dir='ltr'>auditor.</span> 
     </span>
     <span class='ocr_line' id='line_1_72' title="bbox 2006 2623 3285 2693; baseline -0.013 -6"><span class='ocrx_word' id='word_1_426' title='bbox 2006 2633 2363 2687; x_wconf 84' lang='lat' dir='ltr'>decretorum</span> <span class='ocrx_word' id='word_1_427' title='bbox 2402 2629 2615 2693; x_wconf 87' lang='lat' dir='ltr'>doctor,</span> <span class='ocrx_word' id='word_1_428' title='bbox 2658 2644 2727 2681; x_wconf 86' lang='lat' dir='ltr'>ex</span> <span class='ocrx_word' id='word_1_429' title='bbox 2755 2623 3035 2678; x_wconf 76' lang='lat' dir='ltr'>canonico</span> <span class='ocrx_word' id='word_1_430' title='bbox 3064 2636 3285 2690; x_wconf 85' lang='lat' dir='ltr'>mogun·</span> 
     </span>
     <span class='ocr_line' id='line_1_73' title="bbox 2008 2692 3287 2773; baseline -0.013 -14"><span class='ocrx_word' id='word_1_431' title='bbox 2008 2704 2148 2769; x_wconf 85' lang='lat' dir='ltr'>tino,</span> <span class='ocrx_word' id='word_1_432' title='bbox 2173 2699 2560 2773; x_wconf 75' lang='lat' dir='ltr'>herbipolensi</span> <span class='ocrx_word' id='word_1_433' title='bbox 2599 2702 2657 2753; x_wconf 90' lang='lat' dir='ltr'>et</span> <span class='ocrx_word' id='word_1_434' title='bbox 2697 2693 3101 2765; x_wconf 87' lang='lat' dir='ltr'>bambergensi</span> <span class='ocrx_word' id='word_1_435' title='bbox 3127 2692 3287 2761; x_wconf 80' lang='lat' dir='ltr'>hujus</span> 
     </span>
     <span class='ocr_line' id='line_1_74' title="bbox 2008 2765 3285 2841; baseline -0.009 -11"><span class='ocrx_word' id='word_1_436' title='bbox 2008 2775 2274 2830; x_wconf 88' lang='lat' dir='ltr'>ecclesiae</span> <span class='ocrx_word' id='word_1_437' title='bbox 2327 2771 2788 2841; x_wconf 82' lang='lat' dir='ltr'>archiepiscopus</span> <span class='ocrx_word' id='word_1_438' title='bbox 2839 2771 3023 2833; x_wconf 77' lang='lat'>(1353,</span> <span class='ocrx_word' id='word_1_439' title='bbox 3074 2777 3102 2824; x_wconf 79' lang='lat'>†</span> <span class='ocrx_word' id='word_1_440' title='bbox 3146 2765 3285 2819; x_wconf 69' lang='lat'><strong>1363»</strong></span> 
     </span>
     <span class='ocr_line' id='line_1_75' title="bbox 2009 2833 3284 2915; baseline -0.014 -13"><span class='ocrx_word' id='word_1_441' title='bbox 2009 2846 2241 2915; x_wconf 87' lang='lat' dir='ltr'>scripsit</span> <span class='ocrx_word' id='word_1_442' title='bbox 2265 2844 2402 2899; x_wconf 90' lang='lat' dir='ltr'>olim</span> <span class='ocrx_word' id='word_1_443' title='bbox 2431 2842 2738 2911; x_wconf 89' lang='lat' dir='ltr'>Rodulpho</span> <span class='ocrx_word' id='word_1_444' title='bbox 2767 2840 3052 2893; x_wconf 80' lang='lat' dir='ltr'>Saxoniae</span> <span class='ocrx_word' id='word_1_445' title='bbox 3077 2834 3210 2890; x_wconf 85' lang='lat' dir='ltr'>duci</span> <span class='ocrx_word' id='word_1_446' title='bbox 3232 2833 3284 2885; x_wconf 90' lang='lat' dir='ltr'>li-</span> 
     </span>
     <span class='ocr_line' id='line_1_76' title="bbox 2012 2906 3287 2984; baseline -0.013 -11"><span class='ocrx_word' id='word_1_447' title='bbox 2012 2919 2221 2973; x_wconf 90' lang='lat' dir='ltr'>bellum</span> <span class='ocrx_word' id='word_1_448' title='bbox 2251 2917 2399 2970; x_wconf 90' lang='lat' dir='ltr'>mole</span> <span class='ocrx_word' id='word_1_449' title='bbox 2425 2914 2716 2984; x_wconf 84' lang='lat' dir='ltr'>exiguum,</span> <span class='ocrx_word' id='word_1_450' title='bbox 2759 2910 2980 2981; x_wconf 84' lang='lat' dir='ltr'>pietate</span> <span class='ocrx_word' id='word_1_451' title='bbox 3006 2906 3287 2979; x_wconf 86' lang='lat' dir='ltr'>grandem.</span> 
     </span>
     <span class='ocr_line' id='line_1_77' title="bbox 2011 2976 3282 3059; baseline -0.013 -15"><span class='ocrx_word' id='word_1_452' title='bbox 2011 3008 2125 3059; x_wconf 91' lang='lat' dir='ltr'>quo</span> <span class='ocrx_word' id='word_1_453' title='bbox 2171 2991 2426 3043; x_wconf 84' lang='lat' dir='ltr'>veterum</span> <span class='ocrx_word' id='word_1_454' title='bbox 2475 2984 2815 3039; x_wconf 83' lang='lat' dir='ltr'>Germaniae</span> <span class='ocrx_word' id='word_1_455' title='bbox 2859 2981 3209 3051; x_wconf 88' lang='lat' dir='ltr'>populorum</span> <span class='ocrx_word' id='word_1_456' title='bbox 3234 2976 3282 3028; x_wconf 87' lang='lat' dir='ltr'>in</span> 
     </span>
     <span class='ocr_line' id='line_1_78' title="bbox 2010 3049 3285 3128; baseline -0.012 -15"><span class='ocrx_word' id='word_1_457' title='bbox 2010 3061 2120 3115; x_wconf 85' lang='lat' dir='ltr'>fide</span> <span class='ocrx_word' id='word_1_458' title='bbox 2147 3065 2204 3114; x_wconf 87' lang='lat' dir='ltr'>et</span> <span class='ocrx_word' id='word_1_459' title='bbox 2216 3058 2495 3128; x_wconf 83' lang='lat' dir='ltr'>religione</span> <span class='ocrx_word' id='word_1_460' title='bbox 2510 3053 2892 3109; x_wconf 70' lang='lat' dir='ltr'>constantiam</span> <span class='ocrx_word' id='word_1_461' title='bbox 2909 3052 3113 3105; x_wconf 82' lang='lat' dir='ltr'>multis</span> <span class='ocrx_word' id='word_1_462' title='bbox 3127 3049 3285 3102; x_wconf 82' lang='lat' dir='ltr'>bisto-</span> 
     </span>
     <span class='ocr_line' id='line_1_79' title="bbox 2009 3118 3288 3197; baseline -0.012 -11"><span class='ocrx_word' id='word_1_463' title='bbox 2009 3133 2155 3197; x_wconf 87' lang='lat' dir='ltr'>ricis,</span> <span class='ocrx_word' id='word_1_464' title='bbox 2183 3129 2371 3185; x_wconf 83' lang='lat' dir='ltr'>civilis</span> <span class='ocrx_word' id='word_1_465' title='bbox 2396 3145 2463 3182; x_wconf 84' lang='lat' dir='ltr'>ac</span> <span class='ocrx_word' id='word_1_466' title='bbox 2489 3125 2772 3196; x_wconf 83' lang='lat' dir='ltr'>pontificii</span> <span class='ocrx_word' id='word_1_467' title='bbox 2788 3122 2943 3193; x_wconf 86' lang='lat' dir='ltr'>juris</span> <span class='ocrx_word' id='word_1_468' title='bbox 2958 3118 3288 3177; x_wconf 67' lang='lat' dir='ltr'>testimoniis</span> 
     </span>
     <span class='ocr_line' id='line_1_80' title="bbox 2010 3190 3285 3272; baseline -0.013 -14"><span class='ocrx_word' id='word_1_469' title='bbox 2010 3203 2360 3272; x_wconf 88' lang='lat' dir='ltr'>comprobat,</span> <span class='ocrx_word' id='word_1_470' title='bbox 2374 3199 2528 3268; x_wconf 89' lang='lat' dir='ltr'>quod</span> <span class='ocrx_word' id='word_1_471' title='bbox 2548 3197 2764 3269; x_wconf 88' lang='lat' dir='ltr'>prodiit</span> <span class='ocrx_word' id='word_1_472' title='bbox 2782 3194 3044 3249; x_wconf 82' lang='lat' dir='ltr'>Basileae</span> <span class='ocrx_word' id='word_1_473' title='bbox 3066 3196 3201 3251; x_wconf 75' lang='lat'>1497</span> <span class='ocrx_word' id='word_1_474' title='bbox 3217 3190 3285 3242; x_wconf 84' lang='lat' dir='ltr'>in·</span> 
     </span>
     <span class='ocr_line' id='line_1_81' title="bbox 2011 3268 3285 3344; baseline -0.012 -15"><span class='ocrx_word' id='word_1_475' title='bbox 2011 3275 2291 3344; x_wconf 82' lang='lat' dir='ltr'>scriptum</span> <span class='ocrx_word' id='word_1_476' title='bbox 2316 3277 2712 3328; x_wconf 76' lang='lat' dir='ltr'>Germanorum</span> <span class='ocrx_word' id='word_1_477' title='bbox 2738 3278 2971 3322; x_wconf 74' lang='lat' dir='ltr'>veterum</span> <span class='ocrx_word' id='word_1_478' title='bbox 2984 3268 3285 3335; x_wconf 72' lang='lat' dir='ltr'>principum</span> 
     </span>
     <span class='ocr_line' id='line_1_82' title="bbox 2010 3335 3285 3413; baseline -0.013 -12"><span class='ocrx_word' id='word_1_479' title='bbox 2010 3351 2153 3401; x_wconf 80' lang='lat' dir='ltr'>zelus</span> <span class='ocrx_word' id='word_1_480' title='bbox 2179 3354 2226 3400; x_wconf 78' lang='lat' dir='ltr'>et</span> <span class='ocrx_word' id='word_1_481' title='bbox 2251 3349 2439 3413; x_wconf 66' lang='lat' dir='ltr'>fervor</span> <span class='ocrx_word' id='word_1_482' title='bbox 2463 3341 2525 3395; x_wconf 87' lang='lat' dir='ltr'>in</span> <span class='ocrx_word' id='word_1_483' title='bbox 2553 3339 2923 3395; x_wconf 80' lang='lat' dir='ltr'>christianam</span> <span class='ocrx_word' id='word_1_484' title='bbox 2966 3335 3285 3406; x_wconf 80' lang='lat' dir='ltr'>religionem</span> 
     </span>
     <span class='ocr_line' id='line_1_83' title="bbox 2013 3404 3285 3485; baseline -0.012 -15"><span class='ocrx_word' id='word_1_485' title='bbox 2013 3417 2231 3485; x_wconf 90' lang='lat' dir='ltr'>Deique</span> <span class='ocrx_word' id='word_1_486' title='bbox 2261 3414 2585 3469; x_wconf 81' lang='lat' dir='ltr'>ministros:</span> <span class='ocrx_word' id='word_1_487' title='bbox 2632 3415 2692 3466; x_wconf 89' lang='lat' dir='ltr'>et</span> <span class='ocrx_word' id='word_1_488' title='bbox 2733 3426 2900 3480; x_wconf 83' lang='lat' dir='ltr'>saepe</span> <span class='ocrx_word' id='word_1_489' title='bbox 2942 3408 3107 3462; x_wconf 86' lang='lat' dir='ltr'>alibi.</span> <span class='ocrx_word' id='word_1_490' title='bbox 3132 3404 3285 3458; x_wconf 80' lang='lat' dir='ltr'>etiam</span> 
     </span>
     <span class='ocr_line' id='line_1_84' title="bbox 2011 3477 3285 3544; baseline -0.01 -2"><span class='ocrx_word' id='word_1_491' title='bbox 2011 3489 2073 3543; x_wconf 91' lang='lat' dir='ltr'>in</span> <span class='ocrx_word' id='word_1_492' title='bbox 2123 3487 2255 3543; x_wconf 88' lang='lat' dir='ltr'>bibl.</span> <span class='ocrx_word' id='word_1_493' title='bbox 2302 3486 2410 3542; x_wconf 89' lang='lat' dir='ltr'>PP.</span> <span class='ocrx_word' id='word_1_494' title='bbox 2454 3482 2793 3540; x_wconf 85' lang='lat' dir='ltr'>coloniensis</span> <span class='ocrx_word' id='word_1_495' title='bbox 2838 3485 2879 3535; x_wconf 90' lang='lat' dir='ltr'>t.</span> <span class='ocrx_word' id='word_1_496' title='bbox 2910 3480 3031 3544; x_wconf 79' lang='lat' dir='ltr'>XV,</span> <span class='ocrx_word' id='word_1_497' title='bbox 3078 3482 3138 3533; x_wconf 84' lang='lat' dir='ltr'>et·</span> <span class='ocrx_word' id='word_1_498' title='bbox 3162 3477 3285 3543; x_wconf 79' lang='lat' dir='ltr'>Lug-</span> 
     </span>
     <span class='ocr_line' id='line_1_85' title="bbox 2013 3550 3289 3624; baseline -0.013 -10"><span class='ocrx_word' id='word_1_499' title='bbox 2013 3559 2285 3614; x_wconf 88' lang='lat' dir='ltr'>dunensis</span> <span class='ocrx_word' id='word_1_500' title='bbox 2311 3560 2352 3614; x_wconf 77' lang='lat' dir='ltr'>t.</span> <span class='ocrx_word' id='word_1_501' title='bbox 2384 3555 2581 3610; x_wconf 85' lang='lat' dir='ltr'>XXVI.</span> <span class='ocrx_word' id='word_1_502' title='bbox 2622 3573 2678 3624; x_wconf 80' lang='lat' dir='ltr'>p,</span> <span class='ocrx_word' id='word_1_503' title='bbox 2718 3557 2824 3618; x_wconf 65' lang='lat'>88„</span> <span class='ocrx_word' id='word_1_504' title='bbox 2864 3555 2926 3605; x_wconf 82' lang='lat' dir='ltr'>et</span> <span class='ocrx_word' id='word_1_505' title='bbox 2963 3551 3028 3605; x_wconf 89' lang='lat' dir='ltr'>in</span> <span class='ocrx_word' id='word_1_506' title='bbox 3056 3550 3289 3604; x_wconf 82' lang='lat' dir='ltr'>Schar-</span> 
     </span>
     <span class='ocr_line' id='line_1_86' title="bbox 2014 3617 3285 3700; baseline -0.013 -14"><span class='ocrx_word' id='word_1_507' title='bbox 2014 3633 2083 3685; x_wconf 87' lang='lat' dir='ltr'>di</span> <span class='ocrx_word' id='word_1_508' title='bbox 2105 3632 2123 3684; x_wconf 90' lang='lat' dir='ltr'>i</span> <span class='ocrx_word' id='word_1_509' title='bbox 2175 3629 2393 3700; x_wconf 80' lang='lat' dir='ltr'>sylloge</span> <span class='ocrx_word' id='word_1_510' title='bbox 2437 3629 2506 3681; x_wconf 88' lang='lat' dir='ltr'>de</span> <span class='ocrx_word' id='word_1_511' title='bbox 2544 3624 2948 3697; x_wconf 82' lang='lat' dir='ltr'>jurisdictione</span> <span class='ocrx_word' id='word_1_512' title='bbox 2999 3617 3285 3691; x_wconf 75' lang='lat' dir='ltr'>imperiali.</span> 
     </span>
     <span class='ocr_line' id='line_1_87' title="bbox 2012 3694 3285 3768; baseline -0.009 -12"><span class='ocrx_word' id='word_1_513' title='bbox 2012 3703 2265 3756; x_wconf 83' lang='lat' dir='ltr'>Basileae</span> <span class='ocrx_word' id='word_1_514' title='bbox 2311 3704 2467 3757; x_wconf 81' lang='lat'>1566.</span> <span class='ocrx_word' id='word_1_515' title='bbox 2514 3698 2614 3752; x_wconf 87' lang='lat' dir='ltr'>ubi</span> <span class='ocrx_word' id='word_1_516' title='bbox 2655 3698 2876 3768; x_wconf 80' lang='lat' dir='ltr'>prostat</span> <span class='ocrx_word' id='word_1_517' title='bbox 2919 3714 2976 3766; x_wconf 91' lang='lat' dir='ltr'>p.</span> <span class='ocrx_word' id='word_1_518' title='bbox 3021 3694 3285 3750; x_wconf 72' lang='lat'>328—409</span> 
     </span>
     <span class='ocr_line' id='line_1_88' title="bbox 2014 3763 3289 3843; baseline -0.013 -15"><span class='ocrx_word' id='word_1_519' title='bbox 2014 3775 2162 3829; x_wconf 80' lang='lat' dir='ltr'>alius</span> <span class='ocrx_word' id='word_1_520' title='bbox 2190 3773 2445 3843; x_wconf 85' lang='lat' dir='ltr'>ejusdem</span> <span class='ocrx_word' id='word_1_521' title='bbox 2474 3771 2513 3825; x_wconf 91' lang='lat' dir='ltr'>l.</span> <span class='ocrx_word' id='word_1_522' title='bbox 2537 3772 2834 3836; x_wconf 57' lang='lat' dir='ltr'>deject-ibus</span> <span class='ocrx_word' id='word_1_523' title='bbox 2852 3771 3010 3835; x_wconf 72' lang='lat' dir='ltr'>reqni</span> <span class='ocrx_word' id='word_1_524' title='bbox 3029 3775 3079 3818; x_wconf 76' lang='lat' dir='ltr'>et</span> <span class='ocrx_word' id='word_1_525' title='bbox 3098 3763 3289 3832; x_wconf 74' lang='lat' dir='ltr'>imperii</span> 
     </span>
     <span class='ocr_line' id='line_1_89' title="bbox 2014 3832 3285 3911; baseline -0.013 -10"><span class='ocrx_word' id='word_1_526' title='bbox 2014 3851 2397 3907; x_wconf 70' lang='lat' dir='ltr'>Romanorum,</span> <span class='ocrx_word' id='word_1_527' title='bbox 2415 3858 2584 3911; x_wconf 90' lang='lat' dir='ltr'>quem</span> <span class='ocrx_word' id='word_1_528' title='bbox 2605 3839 2862 3894; x_wconf 86' lang='lat' dir='ltr'>ediderat</span> <span class='ocrx_word' id='word_1_529' title='bbox 2873 3839 2997 3907; x_wconf 86' lang='lat' dir='ltr'>jam</span> <span class='ocrx_word' id='word_1_530' title='bbox 3018 3832 3285 3903; x_wconf 81' lang='lat' dir='ltr'>Wimphe-</span> 
     </span>
    </p>
   </div>
   <div class='ocr_carea' id='block_1_16' title="bbox 2015 3907 3401 3997">
    <p class='ocr_par' dir='ltr' id='par_1_20' title="bbox 2015 3907 3401 3997">
     <span class='ocr_line' id='line_1_90' title="bbox 2015 3907 3401 3997; baseline -0.009 -26"><span class='ocrx_word' id='word_1_531' title='bbox 2015 3918 2191 3986; x_wconf 82' lang='lat' dir='ltr'>linga,</span> <span class='ocrx_word' id='word_1_532' title='bbox 2246 3912 2614 3997; x_wconf 85' lang='lat' dir='ltr'>Argentorati</span> <span class='ocrx_word' id='word_1_533' title='bbox 2678 3915 2835 3975; x_wconf 88' lang='grc'>1508,</span> <span class='ocrx_word' id='word_1_534' title='bbox 2899 3909 3032 3962; x_wconf 88' lang='lat' dir='ltr'>dein</span> <span class='ocrx_word' id='word_1_535' title='bbox 3099 3907 3285 3960; x_wconf 80' lang='lat' dir='ltr'>iterum</span> <span class='ocrx_word' id='word_1_536' title='bbox 3400 3956 3401 3959; x_wconf 74' lang='grc'>,</span> 
     </span>
    </p>
   </div>
   <div class='ocr_carea' id='block_1_17' title="bbox 2018 3974 3286 4840">
    <p class='ocr_par' dir='ltr' id='par_1_21' title="bbox 2018 3974 3286 4840">
     <span class='ocr_line' id='line_1_91' title="bbox 2021 3974 3282 4052; baseline -0.012 -10"><span class='ocrx_word' id='word_1_537' title='bbox 2021 3990 2059 4041; x_wconf 89' lang='lat' dir='ltr'>F</span> <span class='ocrx_word' id='word_1_538' title='bbox 2076 4007 2103 4041; x_wconf 93' lang='lat' dir='ltr'>r</span> <span class='ocrx_word' id='word_1_539' title='bbox 2120 4006 2149 4042; x_wconf 91' lang='lat' dir='ltr'>e</span> <span class='ocrx_word' id='word_1_540' title='bbox 2168 3988 2205 4041; x_wconf 93' lang='lat' dir='ltr'>h</span> <span class='ocrx_word' id='word_1_541' title='bbox 2222 4005 2251 4041; x_wconf 92' lang='lat' dir='ltr'>e</span> <span class='ocrx_word' id='word_1_542' title='bbox 2267 4005 2295 4040; x_wconf 88' lang='grc' dir='ltr'>ι·</span> <span class='ocrx_word' id='word_1_543' title='bbox 2334 4004 2395 4039; x_wconf 87' lang='grc' dir='ltr'>ιιι</span> <span class='ocrx_word' id='word_1_544' title='bbox 2423 3988 2491 4039; x_wconf 86' lang='lat' dir='ltr'>tr.</span> <span class='ocrx_word' id='word_1_545' title='bbox 2519 3984 2589 4037; x_wconf 88' lang='lat' dir='ltr'>de</span> <span class='ocrx_word' id='word_1_546' title='bbox 2614 3981 2859 4052; x_wconf 88' lang='lat' dir='ltr'>imperio</span> <span class='ocrx_word' id='word_1_547' title='bbox 2885 3996 3027 4034; x_wconf 87' lang='lat' dir='ltr'>rom.</span> <span class='ocrx_word' id='word_1_548' title='bbox 3058 3974 3204 4031; x_wconf 71' lang='lat' dir='ltr'>Petri</span> <span class='ocrx_word' id='word_1_549' title='bbox 3226 3974 3282 4026; x_wconf 85' lang='lat' dir='ltr'>de</span> 
     </span>
     <span class='ocr_line' id='line_1_92' title="bbox 2019 4049 3283 4125; baseline -0.01 -11"><span class='ocrx_word' id='word_1_550' title='bbox 2019 4059 2221 4123; x_wconf 90' lang='lat' dir='ltr'>Andlo,</span> <span class='ocrx_word' id='word_1_551' title='bbox 2262 4059 2337 4111; x_wconf 89' lang='lat' dir='ltr'>ib.</span> <span class='ocrx_word' id='word_1_552' title='bbox 2367 4061 2506 4113; x_wconf 89' lang='lat'>1603</span> <span class='ocrx_word' id='word_1_553' title='bbox 2549 4058 2652 4108; x_wconf 84' lang='lat' dir='ltr'>etc.</span> <span class='ocrx_word' id='word_1_554' title='bbox 2706 4053 2945 4107; x_wconf 82' lang='lat' dir='ltr'>Easdem</span> <span class='ocrx_word' id='word_1_555' title='bbox 2990 4049 3283 4125; x_wconf 63' lang='lat' dir='ltr'>opiniones·</span> 
     </span>
     <span class='ocr_line' id='line_1_93' title="bbox 2018 4119 3285 4200; baseline -0.013 -15"><span class='ocrx_word' id='word_1_556' title='bbox 2018 4149 2162 4200; x_wconf 85' lang='lat' dir='ltr'>quas</span> <span class='ocrx_word' id='word_1_557' title='bbox 2204 4130 2265 4183; x_wconf 90' lang='lat' dir='ltr'>in</span> <span class='ocrx_word' id='word_1_558' title='bbox 2311 4128 2412 4183; x_wconf 92' lang='lat' dir='ltr'>illo</span> <span class='ocrx_word' id='word_1_559' title='bbox 2440 4129 2651 4189; x_wconf 87' lang='lat' dir='ltr'>tuetur,</span> <span class='ocrx_word' id='word_1_560' title='bbox 2697 4125 2909 4178; x_wconf 85' lang='lat' dir='ltr'>iterum</span> <span class='ocrx_word' id='word_1_561' title='bbox 2949 4119 3216 4192; x_wconf 86' lang='lat' dir='ltr'>proponit</span> <span class='ocrx_word' id='word_1_562' title='bbox 3236 4134 3285 4168; x_wconf 79' lang='grc' dir='ltr'>ιιι</span> 
     </span>
     <span class='ocr_line' id='line_1_94' title="bbox 2018 4198 3283 4267; baseline -0.009 -10"><span class='ocrx_word' id='word_1_563' title='bbox 2018 4204 2132 4258; x_wconf 84' lang='lat' dir='ltr'>alio</span> <span class='ocrx_word' id='word_1_564' title='bbox 2160 4200 2357 4256; x_wconf 86' lang='lat' dir='ltr'>libello</span> <span class='ocrx_word' id='word_1_565' title='bbox 2404 4198 2679 4267; x_wconf 86' lang='lat' dir='ltr'>inscripto</span> <span class='ocrx_word' id='word_1_566' title='bbox 2728 4199 3079 4250; x_wconf 72' lang='lat' dir='ltr'>Bitmaticum</span> <span class='ocrx_word' id='word_1_567' title='bbox 3116 4208 3283 4262; x_wconf 69' lang='lat' dir='ltr'>queru-</span> 
     </span>
     <span class='ocr_line' id='line_1_95' title="bbox 2018 4259 3286 4330; baseline -0.016 0"><span class='ocrx_word' id='word_1_568' title='bbox 2018 4279 2187 4330; x_wconf 79' lang='lat' dir='ltr'>losum</span> <span class='ocrx_word' id='word_1_569' title='bbox 2215 4283 2262 4326; x_wconf 76' lang='lat' dir='ltr'>et</span> <span class='ocrx_word' id='word_1_570' title='bbox 2286 4277 2629 4327; x_wconf 67' lang='lat' dir='ltr'>laurentesum</span> <span class='ocrx_word' id='word_1_571' title='bbox 2645 4272 2910 4323; x_wconf 77' lang='lat' dir='ltr'>dictamen</span> <span class='ocrx_word' id='word_1_572' title='bbox 2925 4267 2997 4319; x_wconf 89' lang='lat' dir='ltr'>de</span> <span class='ocrx_word' id='word_1_573' title='bbox 3024 4259 3286 4318; x_wconf 83' lang='lat' dir='ltr'>modernis</span> 
     </span>
     <span class='ocr_line' id='line_1_96' title="bbox 2018 4329 3283 4408; baseline -0.011 -8"><span class='ocrx_word' id='word_1_574' title='bbox 2018 4346 2277 4400; x_wconf 87' lang='lat' dir='ltr'>cursibus</span> <span class='ocrx_word' id='word_1_575' title='bbox 2322 4347 2380 4396; x_wconf 89' lang='lat' dir='ltr'>et</span> <span class='ocrx_word' id='word_1_576' title='bbox 2424 4341 2741 4395; x_wconf 84' lang='lat' dir='ltr'>defectibus</span> <span class='ocrx_word' id='word_1_577' title='bbox 2786 4338 2950 4408; x_wconf 86' lang='lat' dir='ltr'>regni</span> <span class='ocrx_word' id='word_1_578' title='bbox 2990 4340 3049 4391; x_wconf 85' lang='lat' dir='ltr'>et</span> <span class='ocrx_word' id='word_1_579' title='bbox 3086 4329 3283 4402; x_wconf 84' lang='lat' dir='ltr'>imperii</span> 
     </span>
     <span class='ocr_line' id='line_1_97' title="bbox 2020 4404 3283 4483; baseline -0.012 -11"><span class='ocrx_word' id='word_1_580' title='bbox 2020 4419 2405 4472; x_wconf 83' lang='lat' dir='ltr'>Romanorum</span> <span class='ocrx_word' id='word_1_581' title='bbox 2444 4418 2517 4483; x_wconf 85' lang='lat' dir='ltr'>(a.</span> <span class='ocrx_word' id='word_1_582' title='bbox 2546 4414 2704 4483; x_wconf 81' lang='lat'>1341)</span> <span class='ocrx_word' id='word_1_583' title='bbox 2745 4410 2835 4464; x_wconf 90' lang='lat' dir='ltr'>ed.</span> <span class='ocrx_word' id='word_1_584' title='bbox 2862 4426 2898 4463; x_wconf 82' lang='lat' dir='ltr'>a</span> <span class='ocrx_word' id='word_1_585' title='bbox 2924 4408 3091 4462; x_wconf 85' lang='lat' dir='ltr'>Peter</span> <span class='ocrx_word' id='word_1_586' title='bbox 3116 4404 3283 4459; x_wconf 73' lang='lat' dir='ltr'>Wun-</span> 
     </span>
     <span class='ocr_line' id='line_1_98' title="bbox 2018 4476 3284 4558; baseline -0.014 -15"><span class='ocrx_word' id='word_1_587' title='bbox 2018 4492 2168 4558; x_wconf 86' lang='lat' dir='ltr'>burg</span> <span class='ocrx_word' id='word_1_588' title='bbox 2188 4491 2327 4544; x_wconf 83' lang='grc'>1842</span> <span class='ocrx_word' id='word_1_589' title='bbox 2356 4490 2794 4557; x_wconf 83' lang='lat' dir='ltr'>(programma);</span> <span class='ocrx_word' id='word_1_590' title='bbox 2821 4498 2855 4535; x_wconf 85' lang='lat' dir='ltr'>a</span> <span class='ocrx_word' id='word_1_591' title='bbox 2876 4480 3154 4534; x_wconf 84' lang='lat' dir='ltr'>Boehmer</span> <span class='ocrx_word' id='word_1_592' title='bbox 3167 4476 3204 4529; x_wconf 84' lang='lat' dir='ltr'>F</span> <span class='ocrx_word' id='word_1_593' title='bbox 3206 4490 3284 4529; x_wconf 88' lang='lat' dir='ltr'>on·</span> 
     </span>
     <span class='ocr_line' id='line_1_99' title="bbox 2020 4548 3282 4624; baseline -0.011 -9"><span class='ocrx_word' id='word_1_594' title='bbox 2020 4564 2104 4615; x_wconf 80' lang='lat' dir='ltr'>tes</span> <span class='ocrx_word' id='word_1_595' title='bbox 2127 4561 2166 4623; x_wconf 93' lang='lat' dir='ltr'>l,</span> <span class='ocrx_word' id='word_1_596' title='bbox 2181 4562 2482 4615; x_wconf 80' lang='lat'>479—484.</span> <span class='ocrx_word' id='word_1_597' title='bbox 2510 4554 2845 4610; x_wconf 77' lang='lat' dir='ltr'>Notandum</span> <span class='ocrx_word' id='word_1_598' title='bbox 2863 4556 2967 4616; x_wconf 77' lang='lat' dir='ltr'>est,</span> <span class='ocrx_word' id='word_1_599' title='bbox 2984 4548 3282 4624; x_wconf 69' lang='lat' dir='ltr'>Lupoldunz</span> 
     </span>
     <span class='ocr_line' id='line_1_100' title="bbox 2022 4624 3283 4687; baseline -0.01 -1"><span class='ocrx_word' id='word_1_600' title='bbox 2022 4635 2280 4687; x_wconf 85' lang='lat' dir='ltr'>nostrum</span> <span class='ocrx_word' id='word_1_601' title='bbox 2307 4626 2598 4683; x_wconf 82' lang='lat' dir='ltr'>Ludovico</span> <span class='ocrx_word' id='word_1_602' title='bbox 2621 4626 2841 4678; x_wconf 79' lang='lat' dir='ltr'>Bavaro</span> <span class='ocrx_word' id='word_1_603' title='bbox 2870 4624 3050 4678; x_wconf 83' lang='lat' dir='ltr'>fuisse</span> <span class='ocrx_word' id='word_1_604' title='bbox 3075 4640 3108 4675; x_wconf 86' lang='lat' dir='ltr'>a</span> <span class='ocrx_word' id='word_1_605' title='bbox 3132 4633 3283 4675; x_wconf 71' lang='lat' dir='ltr'>conm—</span> 
     </span>
     <span class='ocr_line' id='line_1_101' title="bbox 2021 4686 3283 4770; baseline -0.01 -13"><span class='ocrx_word' id='word_1_606' title='bbox 2021 4704 2131 4770; x_wconf 89' lang='lat' dir='ltr'>liis,</span> <span class='ocrx_word' id='word_1_607' title='bbox 2176 4701 2312 4756; x_wconf 90' lang='lat' dir='ltr'>hinc</span> <span class='ocrx_word' id='word_1_608' title='bbox 2357 4702 2430 4754; x_wconf 88' lang='lat' dir='ltr'>ab</span> <span class='ocrx_word' id='word_1_609' title='bbox 2474 4699 2597 4768; x_wconf 88' lang='lat' dir='ltr'>ejus</span> <span class='ocrx_word' id='word_1_610' title='bbox 2640 4696 2863 4751; x_wconf 83' lang='lat' dir='ltr'>stetisse</span> <span class='ocrx_word' id='word_1_611' title='bbox 2908 4695 3182 4766; x_wconf 77' lang='lat' dir='ltr'>partibus,</span> <span class='ocrx_word' id='word_1_612' title='bbox 3204 4686 3283 4743; x_wconf 77' lang='lat' dir='ltr'>sed</span> 
     </span>
     <span class='ocr_line' id='line_1_102' title="bbox 2021 4761 3281 4840; baseline -0.012 -11"><span class='ocrx_word' id='word_1_613' title='bbox 2021 4772 2371 4829; x_wconf 84' lang='lat' dir='ltr'>moderatius</span> <span class='ocrx_word' id='word_1_614' title='bbox 2381 4773 2570 4840; x_wconf 78' lang='lat' dir='ltr'>longe,</span> <span class='ocrx_word' id='word_1_615' title='bbox 2587 4785 2757 4837; x_wconf 86' lang='lat' dir='ltr'>quam</span> <span class='ocrx_word' id='word_1_616' title='bbox 2777 4767 3013 4831; x_wconf 83' lang='lat' dir='ltr'>Ockam‚</span> <span class='ocrx_word' id='word_1_617' title='bbox 3027 4761 3281 4820; x_wconf 71' lang='lat' dir='ltr'>Manilius</span> 
     </span>
    </p>
   </div>
   <div class='ocr_carea' id='block_1_18' title="bbox 682 4836 3283 4921">
    <p class='ocr_par' dir='ltr' id='par_1_22' title="bbox 682 4836 3283 4921">
     <span class='ocr_line' id='line_1_103' title="bbox 682 4836 3283 4921; baseline -0.012 -4"><span class='ocrx_word' id='word_1_618' title='bbox 682 4867 710 4917; x_wconf 92' lang='lat'>1</span> <span class='ocrx_word' id='word_1_619' title='bbox 756 4878 855 4920; x_wconf 86' lang='lat' dir='ltr'>ss.;</span> <span class='ocrx_word' id='word_1_620' title='bbox 907 4878 963 4915; x_wconf 90' lang='lat' dir='ltr'>n.</span> <span class='ocrx_word' id='word_1_621' title='bbox 1004 4863 1101 4916; x_wconf 81' lang='lat'>37:</span> <span class='ocrx_word' id='word_1_622' title='bbox 1153 4876 1198 4911; x_wconf 88' lang='lat' dir='ltr'>c.</span> <span class='ocrx_word' id='word_1_623' title='bbox 1238 4860 1272 4912; x_wconf 89' lang='grc'>6</span> <span class='ocrx_word' id='word_1_624' title='bbox 1313 4873 1368 4909; x_wconf 83' lang='grc' dir='ltr'>ιι.</span> <span class='ocrx_word' id='word_1_625' title='bbox 1413 4860 1437 4910; x_wconf 92' lang='grc'>1</span> <span class='ocrx_word' id='word_1_626' title='bbox 1484 4872 1581 4913; x_wconf 79' lang='lat' dir='ltr'>ss.;</span> <span class='ocrx_word' id='word_1_627' title='bbox 1634 4850 1966 4921; x_wconf 84' lang='lat' dir='ltr'>praesertim</span> <span class='ocrx_word' id='word_1_628' title='bbox 2023 4850 2129 4902; x_wconf 83' lang='lat' dir='ltr'>etc.</span> <span class='ocrx_word' id='word_1_629' title='bbox 2180 4844 2263 4900; x_wconf 82' lang='lat' dir='ltr'>Cf.</span> <span class='ocrx_word' id='word_1_630' title='bbox 2291 4844 2352 4904; x_wconf 85' lang='lat' dir='ltr'>P.</span> <span class='ocrx_word' id='word_1_631' title='bbox 2381 4841 2700 4896; x_wconf 84' lang='lat' dir='ltr'>Willmann</span> <span class='ocrx_word' id='word_1_632' title='bbox 2740 4839 2853 4894; x_wconf 88' lang='lat' dir='ltr'>KL.</span> <span class='ocrx_word' id='word_1_633' title='bbox 2907 4839 2975 4904; x_wconf 90' lang='lat' dir='ltr'>ll,</span> <span class='ocrx_word' id='word_1_634' title='bbox 3005 4836 3283 4895; x_wconf 76' lang='lat'>158—160:</span> 
     </span>
    </p>
   </div>
   <div class='ocr_carea' id='block_1_19' title="bbox 682 4933 1193 4987">
    <p class='ocr_par' dir='ltr' id='par_1_23' title="bbox 682 4933 1193 4987">
     <span class='ocr_line' id='line_1_104' title="bbox 682 4933 1193 4987; baseline -0.006 -3"><span class='ocrx_word' id='word_1_635' title='bbox 682 4933 1094 4987; x_wconf 79' lang='lat' dir='ltr'>1.3c.‘2n.]9</span> <span class='ocrx_word' id='word_1_636' title='bbox 1122 4945 1193 4981; x_wconf 76' lang='lat' dir='ltr'>ss,</span> 
     </span>
    </p>
   </div>
   <div class='ocr_carea' id='block_1_20' title="bbox 2024 4918 2521 4984">
    <p class='ocr_par' dir='ltr' id='par_1_24' title="bbox 2024 4918 2521 4984">
     <span class='ocr_line' id='line_1_105' title="bbox 2024 4918 2521 4984; baseline -0.008 -13"><span class='ocrx_word' id='word_1_637' title='bbox 2024 4918 2290 4972; x_wconf 84' lang='lat' dir='ltr'>Potthast</span> <span class='ocrx_word' id='word_1_638' title='bbox 2315 4934 2371 4984; x_wconf 90' lang='lat' dir='ltr'>p.</span> <span class='ocrx_word' id='word_1_639' title='bbox 2398 4919 2521 4970; x_wconf 83' lang='grc'>752.</span> 
     </span>
    </p>
   </div>
   <div class='ocr_carea' id='block_1_21' title="bbox 3174 356 3401 408">
    <p class='ocr_par' dir='ltr' id='par_1_25' title="bbox 3174 356 3401 408">
     <span class='ocr_line' id='line_1_106' title="bbox 3174 356 3401 408; baseline 0.009 -3"><span class='ocrx_word' id='word_1_640' title='bbox 3174 356 3283 408; x_wconf 70' lang='grc'>643</span> <span class='ocrx_word' id='word_1_641' title='bbox 3398 369 3401 378; x_wconf 90' lang='grc'>·</span> 
     </span>
    </p>
   </div>
   <div class='ocr_carea' id='block_1_22' title="bbox 3381 1709 3420 4809">
    <p class='ocr_par' dir='ltr' id='par_1_26' title="bbox 3381 1709 3420 4809">
     <span class='ocr_line' id='line_1_107' title="bbox 3381 1709 3420 4809; baseline 0 0"><span class='ocrx_word' id='word_1_642' title='bbox 3381 1709 3420 4809; x_wconf 95' lang='lat' dir='ltr'> </span> 
     </span>
    </p>
   </div>
   <div class='ocr_carea' id='block_1_23' title="bbox 3381 1709 3421 5099">
    <p class='ocr_par' dir='ltr' id='par_1_27' title="bbox 3381 1709 3421 5099">
     <span class='ocr_line' id='line_1_108' title="bbox 3381 1709 3421 5099; baseline 0 0"><span class='ocrx_word' id='word_1_643' title='bbox 3381 1709 3421 5099; x_wconf 95' lang='lat' dir='ltr'> </span> 
     </span>
    </p>
   </div>
  </div>
 </body>
</html>
