3475 5364
638 352 706 405 6]
727 352 760 405 5
1444 331 1821 386 1326--1350,
1847 327 2161 398 Theologia
2186 327 2445 396 mystica.
3156 343 3267 395 615

634 518 699 581 Ο.
733 516 933 578 Praed.
969 516 1164 593 Belga,
1197 516 1443 574 Joannis
1472 514 1709 573 Tauleri
1742 515 1912 573 fami·
1975 517 2045 572 ut
2075 513 2201 594 ipse
2234 513 2470 573 ordinet
2515 516 2577 572 et
2621 513 2903 589 disponat
2947 513 3272 571 secundum
3370 569 3379 580 ,

631 607 816 676 liaris,
849 606 956 681 qui
987 624 1200 682 magna
1231 603 1567 663 sanctitatis
1601 605 1774 664 laude
1795 604 1915 662 ful·
1973 602 2133 679 quod
2180 602 2294 661 sibi
2341 602 2650 662 videbitur
2693 601 3045 678 expedire.‘
3114 602 3274 660 Post·
3370 583 3379 608 ²

634 696 712 756 sit
761 694 920 771 apud
972 693 1203 753 sodales
1254 687 1315 775 (†
1374 703 1467 757 18.
1519 692 1643 753 Oct.
1701 688 1915 776 1340).
1975 692 2214 750 modum
2249 690 2432 751 rediit
2472 701 2629 755 1311
2660 692 2925 751 Parisios
2957 691 3035 750 ad
3072 710 3273 766 regen·

639 786 829 844 Vitam
861 783 1053 860 ipsius
1097 803 1130 841 a
1173 783 1262 843 Jo.
1299 782 1615 841 Gillemans
1662 782 1915 841 adorna-
1973 781 2110 840 dam
2142 781 2485 840 cathedram
2523 781 2971 857 impetrataque
3005 781 3274 856 magistri
3374 781 3379 850 3

632 879 758 933 tam
777 873 1016 932 exhibet
1033 872 1297 948 Choquet
1316 868 1736 953 (Nomencl.I²‚
1762 867 1916 950 394)
1974 870 2270 947 dignitate
2302 870 2685 947 Argentorati
2717 870 2962 940 docuit3
2997 869 3149 928 inde
3180 870 3275 928 Co·
3378 931 3379 956 ¹

635 964 700 1022 in
730 963 766 1020 L
800 962 872 1021 de
893 961 991 1021 SS.
1012 961 1204 1038 Belgii
1239 961 1304 1020 Ο.
1330 960 1530 1024 Praed.
1552 961 1734 1019 Plura
1754 961 1916 1019 Hen-
1974 960 2193 1017 Ioniam
2239 961 2578 1019 translatus
2624 958 2978 1036 magisterio
3031 959 3275 1017 functus

634 1053 740 1111 rici
775 1051 1053 1127 operibus
1084 1049 1321 1109 'I'auleri
1365 1050 1655 1125 permixta
1685 1050 1917 1126 prodie·
1974 1053 2081 1110 est.
2115 1049 2229 1107 Hic
2257 1049 2321 1107 iu
2341 1068 2477 1109 eum
2498 1053 2694 1108 motae
2725 1052 2869 1107 sunt
2903 1048 2981 1106 de
3000 1046 3277 1108 doctrina
3376 1039 3379 1048 ’

633 1144 776 1200 runt
820 1161 854 1198 a
884 1140 1058 1200 Surio
1091 1139 1391 1198 latinitate
1424 1139 1654 1197 donata.
1719 1138 1788 1197 In
1823 1140 1917 1197 his
1975 1138 2267 1212 querelae,
2321 1157 2500 1214 quam
2549 1138 2624 1198 ob
2674 1156 2799 1196 rem
2863 1141 2929 1197 et
2982 1137 3275 1196 Henricus

634 1235 722 1290 est
766 1229 1018 1305 epistola
1066 1226 1250 1310 (inter
1281 1228 1601 1286 Tauleri
1635 1223 1783 1308 29):
1835 1229 1919 1287 De
1973 1227 2452 1303 archiepiscopus
2499 1227 2848 1287 coloniensis
2895 1230 2962 1286 et
3010 1226 3274 1285 Joanncs

633 1339 734 1379 sex
764 1319 1130 1397 quibusdam,
1176 1335 1330 1393 quae
1361 1315 1587 1375 faciunt
1621 1318 1916 1377 hominem
1974 1316 2148 1377 XXIl.
2182 1317 2314 1392 ejus
2347 1316 2680 1375 doctrinam
2725 1315 2788 1375 in
2820 1335 3075 1375 examen
3112 1335 3274 1374 voca·

635 1407 1017 1467 immobiliter
1038 1407 1099 1464 in
1120 1406 1322 1465 divina
1339 1405 1558 1465 unione
1576 1406 1916 1482 persistere,
1973 1407 2135 1466 runt.
2182 1405 2478 1464 Eccardus
2520 1409 2720 1464 tamen
2763 1424 2886 1464 non
2932 1408 3278 1482 exspectata

634 1497 907 1557 Coloniae
944 1505 1109 1559 1553
1146 1497 1210 1554 in
1241 1495 1311 1563 f.;
1351 1504 1515 1559 1613
1549 1496 1614 1553 111
1649 1506 1719 1566 4;
1754 1495 1918 1554 Pari·
1975 1494 2133 1553 sedis
2166 1494 2487 1570 apostoliae
2518 1495 2819 1554 sententia
2850 1496 3057 1570 palam
3093 1498 3158 1552 et
3186 1512 3275 1552 so-

636 1587 743 1645 siis
780 1595 981 1652 1623;
1015 1585 1259 1643 seorsim
1289 1583 1535 1644 Lovanii
1563 1593 1724 1647 1647
1763 1585 1827 1643 111
1863 1593 1917 1647 8.
1976 1583 2252 1642 lemniter
2299 1584 2365 1641 in
2415 1583 2659 1643 ecclesia
2701 1583 3033 1653 revocavit,
3090 1582 3146 1642 si
3176 1583 3273 1659 qui

634 1675 920 1751 inscripta
948 1674 1213 1751 Epistola
1256 1692 1441 1732 aurea
1484 1673 1532 1736 b.
1567 1672 1808 1731 Hem-ici
1851 1675 1920 1732 de
1974 1673 2039 1731 in
2089 1673 2215 1731 suis
2267 1673 2508 1750 scriptis
2559 1673 2977 1749 reperirentur
3028 1690 3272 1732 errores.

641 1764 886 1824 Cal-stris
917 1810 930 1824 .
981 1807 993 1821 .
1047 1807 1058 1819 .
1107 1782 1340 1822 omnem
1391 1763 1547 1822 vitae
1595 1762 1920 1838 spiritualis
1990 1760 2411 1838 ‚Quapropter,
2458 1762 2792 1837 inquiebat,
2840 1761 3083 1838 siquid
3119 1780 3274 1821 erro·

634 1854 966 1913 doctrinam
998 1853 1307 1912 continens
1320 1847 1388 1933 ι).
1974 1852 2144 1909 nium
2174 1853 2346 1926 (sia)
2394 1855 2702 1928 repertum
2746 1851 2930 1910 fuerit
2982 1851 3050 1910 in
3100 1870 3273 1928 prae·

1975 1939 2170 1999 missis
2220 1940 2511 2016 scriptum
2561 1958 2667 2016 per
2716 1959 2824 2010 me,
2889 1940 3134 1999 dictum
3185 1939 3272 1998 vel

728 2041 869 2095 317.
919 2032 1064 2089 Prae
1095 2030 1303 2106 primis
1334 2048 1473 2089 vero
1506 2030 1920 2089 memorandus
1974 2029 2396 2104 praedicatum,
2442 2030 2640 2105 palam
2686 2030 2785 2088 vel
2830 2030 3092 2099 occulte,
3144 2029 3267 2087 ubi·

634 2125 728 2182 est
775 2120 1059 2180 Eckart
1129 2117 1526 2201 (Eckhardus,
1596 2114 1916 2201 Eccardus)
1974 2135 2211 2193 cunque
2239 2120 2507 2178 locorum
2539 2119 2636 2177 vel
2650 2121 3015 2194 temporum,
3050 2119 3271 2178 directe

635 2211 698 2270 Ο.
732 2210 932 2269 Praed.
980 2209 1209 2267 celeber
1252 2208 1565 2285 theologus
1613 2207 1916 2285 mysticus,
1975 2207 2068 2264 vel
2100 2207 2404 2278 indirecte,
2439 2227 2509 2266 ex
2541 2208 2854 2266 intellectu
2888 2207 3097 2266 minus
3131 2225 3272 2266 sano

636 2319 813 2376 quem
844 2298 1214 2358 Hochheimii
1258 2316 1378 2357 non
1411 2298 1616 2372 procul
1664 2297 1739 2355 ab
1770 2298 1919 2356 urbe
1977 2297 2071 2354 vel
2117 2296 2385 2372 reprobo,
2431 2315 2706 2373 expresse
2751 2297 2847 2356 hic
2893 2315 3115 2356 revoco
3161 2316 3270 2372 pu-

636 2389 826 2448 Gotha
869 2388 1022 2446 circa
1063 2386 1322 2446 medium
1368 2404 1481 2445 sec.
1513 2385 1669 2449 XIII.
1710 2389 1917 2445 natum
1976 2385 2126 2444 blice
2158 2403 2352 2444 coram
2387 2387 2553 2446 vobis
2583 2386 2879 2445 universis
2909 2390 2973 2445 et
3008 2386 3269 2463 singulis

634 2496 761 2537 esse
795 2477 1017 2536 Denifle
1048 2475 1412 2553 argumentis
1443 2474 1601 2534 haud
1634 2493 1917 2551 spernen-
1974 2475 2037 2532 in
2067 2475 2550 2551 praesentiarum
2598 2475 2969 2547 constitutis,
3020 2476 3169 2552 quja
3215 2474 3271 2531 id

634 2565 789 2647 dis²)
835 2565 1071 2627 evincit.
1130 2567 1303 2623 Anno
1342 2573 1507 2630 1298
1559 2565 1920 2641 fungebatur
1976 2583 2083 2639 pro
2116 2582 2235 2622 non
2268 2563 2427 2623 dicto
2472 2564 2570 2623 vel
2600 2565 2823 2640 scripto
2870 2583 2937 2622 ex
2971 2583 3141 2624 nunc
3172 2565 3270 2621 ha·

636 2655 848 2733 prioris
895 2672 1140 2715 munere
1172 2653 1507 2724 Erfordiae3
1557 2672 1688 2713 mox
1735 2653 1917 2713 desti·
1974 2653 2101 2712 beri
2132 2649 2332 2735 volo1)
2350 2661 2396 2716 ‘.
2444 2654 2579 2713 Non
2610 2652 2719 2713 diu
2749 2657 2955 2730 postea
3000 2673 3057 2717 a.
3100 2662 3261 2717 1327

633 2749 812 2805 natus
857 2748 951 2804 est
981 2746 1084 2820 qui
1118 2743 1362 2803 Parisiis
1404 2744 1728 2802 sententias
1759 2744 1918 2821 lege·
1974 2743 2245 2804 decessit.
2294 2743 2687 2819 Inquisitione
2718 2744 2960 2803 interim
2995 2744 3273 2803 absoluta

633 2838 727 2893 ret
760 2830 985 2917 (1300)
1034 2851 1140 2908 pro
1184 2833 1509 2892 obtinendo
1556 2831 1750 2907 gradu
1795 2852 1918 2890 ma·
1973 2832 2233 2893 Joannes
2278 2832 2456 2894 XXII.
2506 2832 2666 2891 edita
2721 2842 2820 2895 27.
2873 2833 3049 2895 Mart.
3109 2843 3267 2897 1329

634 2924 892 3000 gisterii:
927 2922 1028 2981 sed
1059 2925 1259 2980 exorto
1291 2922 1457 2999 gravi
1492 2921 1737 2980 dissidio
1761 2922 1921 2980 inter
1972 2922 2143 2981 bulla
2186 2925 2295 2984 art.
2334 2931 2413 2985 28
2447 2921 2686 2980 Eccardi
2734 2941 2801 2981 ex
2849 2923 2981 2997 ejus
3032 2922 3268 2999 scriptis

634 3012 1000 3071 Bonifatium
1032 3010 1189 3069 VIII.
1224 3011 1286 3069 et
1316 3009 1661 3086 Philippum
1697 3010 1793 3068 IV.
1825 3030 1917 3068 re·
1974 3011 2180 3070 latinis
2220 3014 2528 3087 excerptos
2554 3010 2863 3070 damnavit
2907 3014 2981 3070 ut
3013 3012 3268 3071 haereti-

635 3121 768 3177 gem
811 3102 941 3177 ipse
986 3099 1314 3159 secundum
1359 3099 1727 3158 Bernardum
1774 3099 1915 3158 Gui·
1975 3118 2069 3159 cos
2102 3097 2381 3182 (1—-163
2432 3110 2533 3163 27.
2571 3096 2699 3181 28),
2746 3100 2950 3160 velut
2979 3102 3138 3160 male
3182 3120 3269 3159 so·

635 3191 806 3250 donis
839 3207 943 3266 per
973 3189 1311 3271 pontificem
1342 3188 1459 3247 fuit
1491 3188 1835 3247 licentiatus
1866 3209 1915 3248 a.
1974 3193 2199 3259 nanteS,
2253 3191 2597 3249 temerarios
2648 3191 2710 3248 et
2759 3189 2833 3248 de
2882 3190 3117 3250 haeresi
3169 3208 3265 3248 su·

647 3288 805 3343 1302
830 3279 921 3338 vel
941 3280 1016 3337 ab
1029 3278 1434 3348 universitate,
1456 3282 1526 3337 ut
1540 3278 1641 3336 alii
1657 3281 1917 3336 censent.
1974 3282 2209 3353 spectes
2240 3272 2484 3362 (17—-2
2496 3275 2579 3359 6),
2612 3278 2919 3338 mentione
2946 3279 3114 3338 facta
3143 3281 3267 3337 lau-

635 3371 684 3427 A
718 3369 977 3445 capitulo
1009 3369 1235 3426 electus
1279 3370 1371 3426 est
1408 3387 1460 3428 a.
1509 3376 1668 3431 1303
1718 3367 1783 3424 in
1815 3366 1918 3425 Sa·
1974 3368 2190 3427 dabilis
2238 3368 2634 3441 subjectionis
2676 3369 2953 3430 auctoris.
3001 3368 3269 3427 Plurims

633 3458 842 3527 xoniae
873 3458 1287 3534 provincialem
1333 3461 1394 3515 et
1425 3462 1563 3532 post
1593 3456 1916 3530 quadrien·
1974 3456 2226 3516 confecit
2257 3476 2449 3533 opera,
2498 3459 2561 3515 in
2608 3458 2829 3532 quibus
2875 3476 2939 3516 se
2969 3457 3269 3533 theologia

632 3549 796 3606 nium
843 3548 909 3606 in
953 3565 1197 3606 munere
1229 3545 1626 3613 confirmatus,
1674 3546 1920 3621 insuper
1975 3547 2324 3605 scholastica
2376 3547 2523 3605 bene
2573 3546 2877 3605 imbutum
2925 3545 3264 3621 ostendit2),

633 3639 692 3696 in
726 3636 985 3697 comitiis
1019 3636 1245 3694 ordinis
1266 3635 1627 3711 Argentinae
1662 3655 1711 3694 a.
1745 3643 1909 3699 1307
1976 3637 2132 3695 inter
2177 3654 2330 3711 quae
2362 3654 2512 3712 opus
2543 3654 2793 3712 magnae
2839 3635 3014 3694 molis
3048 3637 3263 3712 tripar-

634 3727 845 3785 habitis
866 3726 1227 3785 constitutus
1247 3724 1499 3783 vicarius
1531 3723 1822 3800 generalis
1854 3725 1914 3781 in
1972 3726 2173 3795 titum,
2208 3726 2380 3800 cujus
2421 3737 2473 3788 1.
2493 3745 2549 3801 p.
2572 3725 3086 3801 complectebatur
3115 3742 3263 3800 opus

635 3816 934 3891 provincia
954 3815 1283 3883 Bohemiae,
1321 3832 1496 3883 ,cum
1513 3814 1781 3890 plenaria
1811 3831 1914 3888 po·
1971 3815 2449 3890 propositionum
2470 3814 2867 3873 distributum
2901 3814 2966 3873 in
2999 3824 3073 3877 14
3094 3819 3263 3873 tract.

633 3909 845 3963 testate
876 3909 999 3962 tam
1031 3904 1095 3962 in
1126 3904 1315 3979 capite
1346 3922 1522 3978 quam
1556 3904 1619 3960 in
1638 3902 1918 3960 membris
1973 3922 2106 3962 cum
2158 3903 2427 3962 thesibus
2489 3905 2652 3962 ultra
2699 3903 2865 3963 mille
2929 3903 3261 3980 argumenti

631 3994 693 4052 in
727 3994 1001 4051 omnibus
1042 3997 1104 4050 et
1135 3992 1408 4069 singulis,
1455 3992 1691 4050 etiamsi
1723 3991 1798 4050 de
1831 3991 1917 4049 eis
1972 3992 2765 4069 philosophico-theologici;
2806 4013 2865 4069 p.
2903 4002 2938 4054 2
2977 4012 3085 4052 seu
3116 4010 3260 4069 opus

634 4086 934 4159 oporteret
978 4082 1162 4140 facere
1194 4082 1552 4140 mentionem
1586 4080 1915 4158 specialem.

2052 4186 2088 4252 ⁸)
2119 4181 2289 4251 Apud
2327 4180 2543 4235 Denifle
2571 4181 2741 4245 Arch,
2768 4182 2837 4245 Il,
2863 4186 2988 4247 631,
3018 4182 3115 4236 ubi
3140 4186 3261 4236 acts

1974 4253 2149 4323 hujus
2176 4268 2469 4323 processus
2495 4252 2738 4315 exhibet,
2778 4252 3071 4322 simulque
3098 4254 3257 4325 plura

715 4334 746 4393 ¹)
773 4322 855 4377 De
919 4324 1271 4377 sermonibus
1320 4323 1553 4378 ineditis
1617 4323 1918 4379 Nicolai
1974 4325 2158 4394 corrig
2161 4325 2223 4387 it,
2265 4340 2413 4391 quae
2458 4324 2716 4379 historici
2756 4325 2828 4378 de
2874 4325 3167 4392 querelis
3143 4342 3257 4395 Jam

633 4396 701 4448 de
742 4394 978 4448 Landau
1007 4394 1068 4450 O.
1098 4395 1228 4450 Cist.
1271 4394 1331 4450 in
1377 4396 1717 4451 monasterio
1747 4398 1914 4450 otter·
1972 4397 2133 4466 prius
2158 4397 2219 4449 in
2250 4394 2540 4449 Eckehard
2570 4396 2739 4450 motis
2784 4397 2923 4449 satis
2948 4396 3257 4451 inconside-

636 4466 890 4536 bergensi
917 4468 978 4519 in
993 4466 1319 4535 palatinatu
1348 4468 1417 4521 cf.
1437 4467 1917 4521 Hochendoerffer
1972 4472 2095 4523 rate
2124 4470 2379 4524 narrant.

631 4538 692 4590 in
721 4538 872 4606 Aug.
900 4538 953 4592 d.
984 4538 1167 4609 Biogr.
1197 4538 1368 4603 xV11‚
1396 4542 1517 4595 587.
1545 4538 1587 4591 F
1590 4538 1768 4593 loruit
1806 4556 1916 4592 me·
2048 4541 2235 4604 2)Hoc
2262 4537 2579 4608 plurimum
2608 4542 2777 4609 urget
2803 4538 3085 4592 Deniflel.
3112 4538 3264 4591 iufra

631 4609 726 4663 dio
754 4610 860 4663 hoc
885 4609 1093 4664 seculo.
1972 4610 2067 4667 cit.
2094 4631 2148 4681 p.
2174 4615 2282 4667 423
2309 4627 2378 4663 ss.
2423 4611 2621 4663 contra
2665 4610 2861 4679 plures
2906 4610 3254 4667 recentiores.

703 4685 744 4752 ²)
775 4680 987 4734 Archiv
1014 4680 1080 4745 V,
1109 4686 1391 4762 .·349-64.,
1438 4681 1539 4737 ubi
1567 4680 1740 4734 etiam
1769 4682 1916 4751 ejus·
1973 4682 2075 4750 qui
2103 4698 2233 4736 eum
2262 4679 2602 4735 adversariis
2624 4682 2950 4752 theologiae
2975 4680 3255 4736 scholasti·

630 4753 758 4807 dem
799 4769 1114 4807 sermonem
1158 4752 1219 4806 in
1260 4753 1813 4807 commendationem
1863 4754 1914 4807 1).
1972 4770 2066 4807 cae
2093 4757 2412 4816 accensent,
2453 4750 2568 4807 imo
2611 4751 2702 4806 vel
2739 4753 2977 4807 Lutheri
3006 4768 3253 4823 praecur-

631 4824 945 4895 Augustini
997 4823 1229 4878 Parisiis
1281 4824 1539 4879 habitum
1599 4827 1760 4890 (1302
1828 4824 1916 4877 vel
1972 4825 2193 4880 soribus
2218 4824 2310 4880 vel
2329 4823 2740 4879 recentioribus
2759 4824 3117 4894 philosophis
3144 4840 3258 4894 ger·

631 4900 790 4967 1303)
818 4896 1062 4950 exhibet.
1974 4897 2174 4950 manis.
