3475 5364
403 352 488 405 97
501 351 536 405 3
1170 333 1326 389 Felix
1353 333 1618 389 Hemerli.
1648 352 1690 389 s,
1717 333 2058 387 Laurentius
2082 333 2229 386 Just.

2895 353 3022 404 974

405 539 547 579 men
595 520 668 578 de
714 519 841 578 vita
890 521 951 578 et
999 520 1174 578 laude
1205 539 1247 578 s.
1283 519 1529 579 Antonii
1561 522 1687 578 Au-
1745 524 1948 578 tamen
1977 521 2115 578 ante
2145 518 2288 578 adeo
2306 519 2668 589 laudaverat,
2691 520 2897 596 parcit.
2931 522 3023 579 Ab

399 610 672 668 toniados
702 608 1058 684 inscriptum
1091 609 1154 667 11.
1184 608 1283 678 IV,
1329 609 1690 685 Antverpiae
1748 608 2101 668 adversariis
2131 609 2254 668 suis
2286 611 2501 683 captus
2535 604 2762 690 (1454)
2798 608 2862 667 in
2894 628 3023 668 car-

420 708 603 768 1559,
638 731 725 741 —
756 698 877 756 Alii
910 698 1053 757 clari
1083 694 1473 777 paedagogi1)
1508 698 1689 774 hujus
1747 716 1936 757 cerem
1996 698 2114 757 fuit
2163 699 2483 774 conjectae,
2534 698 2597 756 in
2647 717 2765 772 quo
2815 698 3023 757 deten-

407 786 695 864 temporis
711 786 1310 848 suereVictorinus
1344 788 1686 855 deFeltre,
1745 790 1844 846 tus
1876 787 1948 845 ad
1981 807 2029 845 a.
2062 791 2134 846 ut
2163 788 2403 846 videtur
2440 795 2603 850 1457
2657 787 2834 863 plura
2865 804 3022 847 com-

410 877 706 952 profeasor
736 880 1096 935 mantuanus
1130 873 1191 957 (†
1226 886 1279 938 2.
1301 877 1471 939 Febr.
1495 872 1685 957 1447)
1745 876 1946 953 posuit
1976 877 2209 952 scripta.
2243 876 2491 935 Interim
2524 876 2850 952 resignavit
2881 895 3022 936 suae

403 978 472 1024 et
505 965 899 1035 Quarinus
932 966 1218 1024 Filelfo
1254 962 1315 1045 (†
1357 961 1568 1045 1460).
1745 966 2188 1042 praepositurae
2203 965 2471 1041 obiitque
2486 966 2776 1041 parochus
2791 965 3023 1025 indioe·

1745 1055 1860 1114 cesi
1920 1054 2261 1114 lausanensi
2322 1058 2459 1113 ante
2525 1074 2575 1117 a.
2635 1064 2817 1117 1464.
2879 1055 3025 1130 Ejus

504 1144 1394 1219 469.Praetermitterepenitus
1409 1145 1688 1203 nolumus
1746 1145 1963 1219 scripta
2023 1163 2093 1202 ex
2143 1144 2443 1204 occasione
2494 1143 2834 1219 composita,
2886 1144 3025 1203 hinc

411 1234 625 1302 virum,
659 1233 773 1291 etsi
805 1232 1000 1291 minus
1034 1234 1421 1308 probandum,
1457 1233 1561 1309 qui
1582 1234 1690 1292 hac
1737 1234 1862 1309 jam
1893 1234 2219 1310 antiquata,
2253 1232 2516 1308 produnt
2545 1232 2939 1291 eruditionem
2960 1233 3023 1290 in

405 1325 603 1380 aetate
635 1322 913 1391 innotuit,
960 1321 1289 1381 Felicem
1325 1323 1686 1393 Hemerli,
1747 1340 1790 1380 s.
1828 1321 2149 1398 Scriptura,
2184 1322 2462 1398 operibus
2493 1323 2734 1397 patrum
2785 1326 2846 1380 et
2886 1323 3023 1396 jure

405 1407 806 1491 (Malleolum)
839 1411 1143 1487 Turigiiin
1164 1412 1436 1470 Helvetia
1449 1431 1497 1470 a.
1522 1421 1685 1476 1388
1746 1411 2037 1480 canonico.
2074 1411 2175 1469 sed
2209 1415 2268 1469 et
2299 1411 2578 1487 spiritum
2622 1410 2799 1469 nimis
2833 1429 3023 1469 acrem

412 1501 506 1559 vel
535 1508 696 1563 1389
733 1502 958 1569 natum,
980 1499 1321 1575 ibidemque
1341 1502 1688 1560 canonicum
1745 1500 1943 1560 omnia
1974 1500 2358 1575 dijudicandi,
2409 1500 2684 1575 carpendi
2731 1504 2791 1557 et
2840 1502 3023 1559 refor-

410 1608 641 1648 necnon
671 1592 733 1647 et
765 1588 1052 1665 Zofingae.
1099 1591 1400 1649 Bononiae
1443 1590 1538 1649 bis
1562 1590 1688 1666 juri
1745 1589 1978 1648 mandi:
2023 1593 2336 1666 propterea
2378 1591 2579 1648 tamen
2613 1588 3023 1647 reformatores

405 1696 650 1754 operam
681 1678 936 1748 dederat,
977 1681 1036 1736 et
1066 1679 1158 1737 bis
1189 1679 1511 1755 inscriptus
1562 1683 1690 1738 erat
1746 1696 1852 1737 sec.
1887 1678 2033 1737 XVI.
2068 1678 2139 1736 de
2173 1697 2240 1737 eo
2260 1678 2504 1755 gloriari
2524 1682 2832 1752 nequeunt
2852 1678 3025 1753 quasi

411 1767 787 1826 universitati
815 1767 1174 1826 erfordiensi.
1236 1769 1380 1827 Cum
1427 1786 1495 1827 eo
1539 1770 1688 1826 tem·
1748 1767 1930 1825 suerit
1960 1785 2163 1826 eorum
2204 1786 2563 1843 praecursor,
2612 1785 2748 1825 nam
2780 1766 3024 1826 candide

411 1875 552 1932 pore
583 1857 846 1915 omnium
882 1856 1110 1915 animos
1162 1860 1479 1933 occuparet
1523 1858 1687 1915 solli·
1747 1857 2002 1915 fatetur:
2039 1856 2467 1932 ,Omnipotens
2501 1856 2869 1931 pervicarios
2886 1874 3025 1915 suos

404 1945 610 2005 citudo
659 1945 732 2003 de
781 1945 1181 2021 componendo
1233 1947 1566 2016 schismate,
1630 1949 1690 2005 et
1744 1947 1807 2004 in
1838 1946 2015 2004 terris
2045 1945 2298 2004 feliciter
2329 1946 2642 2014 ordinavit,
2676 1949 2737 2004 et
2769 1948 2860 2004 est
2880 1945 3024 2002 fides

410 2034 536 2109 ipse
552 2034 860 2110 principiis
877 2035 1688 2103 Gersonii,Alliacialiorum-
1744 2038 1966 2103 nostra,
2015 2034 2172 2110 quod
2224 2035 2287 2092 in
2334 2054 2563 2093 summo
2608 2034 2889 2109 pontifice
2932 2038 3026 2092 est

411 2142 526 2198 que
558 2124 971 2199 theologorum
1002 2124 1167 2183 illius
1187 2126 1398 2183 aetatis
1419 2125 1690 2183 imbutus
1745 2123 2056 2200 plenitudo
2104 2124 2413 2199 potestatis
2458 2141 2679 2199 poenae
2726 2127 2787 2181 et
2818 2124 3021 2181 remis—

292 2242 295 2245 *
397 2214 639 2288 'partem
700 2212 911 2270 habuit
970 2212 1035 2270 in
1084 2213 1204 2271 illis
1254 2213 1686 2273 controversiis
1745 2213 1923 2271 sionis
1973 2216 2033 2271 et
2077 2212 2329 2271 coeleste
2374 2212 2551 2271 habet
2582 2212 2897 2271 arbitrium
2916 2209 3023 2292 ¹)ss

410 2301 692 2360 Interfuit
725 2302 970 2359 concilio
990 2302 1413 2361 constantiensi
1433 2303 1688 2379 fungens
1746 2296 2109 2361 Prodierunt
2137 2302 2310 2377 plura
2343 2322 2409 2359 ex
2442 2303 2571 2377 ejus
2592 2302 2832 2377 scriptis
2853 2303 2963 2360 vol.
2987 2311 3020 2363 2

411 2408 656 2448 munere
688 2390 903 2448 notarii
918 2392 1241 2465 apostolici.
1274 2392 1489 2450 Factus
1522 2410 1688 2467 prae·
1745 2391 1808 2449 in
1841 2391 1897 2461 f.‚
1932 2410 2187 2466 quorum
2217 2410 2406 2449 unum
2449 2390 2670 2467 prodiit
2715 2409 2758 2447 S.
2791 2391 2829 2447 l.
2864 2395 2925 2449 et
2954 2410 3023 2459 a.‚

411 2479 641 2555 positus
672 2479 919 2554 capituli
954 2480 1026 2538 ad
1060 2498 1103 2538 s.
1126 2481 1340 2539 Ursum
1362 2481 1686 2540 solidoren·
1745 2481 2002 2539 alterum
2032 2480 2296 2538 Basileae
2325 2489 2486 2542 1497
2513 2499 2655 2539 cura
2675 2479 2802 2537 Seb.
2822 2481 3022 2538 Brant.

412 2568 494 2626 sis
530 2564 777 2649 (1421),
825 2568 895 2626 de
942 2570 1186 2628 statutis
1233 2571 1412 2645 hujus
1444 2570 1692 2647 capituli
1745 2570 1828 2627 Ea
1859 2569 2159 2645 quondam
2191 2572 2360 2627 erant
2391 2570 2453 2626 in
2485 2569 2542 2626 11.
2589 2569 3022 2641 prohibitorum

410 2657 474 2716 in
505 2658 717 2717 melius
748 2657 1136 2718 reformandis
1168 2659 1479 2719 sollicitam
1525 2659 1690 2719 dedit
1743 2658 1953 2730 indice,
1964 2660 2139 2733 juxta
2153 2657 2621 2717 recentissimam
2634 2658 2723 2716 ed.
2744 2659 2807 2716 in
2828 2676 3023 2717 eonon

405 2766 663 2823 operam.
727 2750 900 2806 Anno
942 2757 1104 2812 1428
1152 2749 1376 2808 electus
1422 2753 1513 2808 est
1549 2769 1686 2817 ‚rex
1745 2750 2000 2827 amplius
2034 2751 2387 2823 comparent.

410 2837 574 2895 chori
588 2846 615 2874 ‘
635 2837 883 2912 capituli
902 2838 1162 2914 ligurini.
1195 2839 1391 2896 Minus
1406 2838 1543 2896 felix
1560 2843 1688 2898 erat

410 2925 472 2983 in
503 2926 875 2985 reformando
921 2926 1030 2984 hoc
1061 2927 1335 3003 capitulo,
1382 2928 1498 2985 imo
1544 2927 1688 2986 adeo

412 3016 474 3072 in
506 3033 568 3074 se
600 3014 918 3075 concitavit
946 3016 1195 3084 animos,
1227 3021 1300 3074 ut
1328 3016 1688 3074 intentatam
1746 3035 1877 3074 mus
1892 3016 2147 3074 locumL
2167 3034 2256 3074 au
2274 3035 2349 3073 re
2367 3016 2532 3073 ntio
2566 3015 2605 3073 J
2621 3035 2661 3074 u
2679 3016 2781 3073 sti
2802 3016 3026 3073 nia‘no

1838 2937 1982 2990 470.
2018 2927 2181 2984 Inter
2211 2934 2428 2984 asceta-s·
2466 2927 2726 3001 primum
2759 2927 3025 3002 assigne-

307 3152 311 3156 .
409 3122 444 3160 a
474 3105 683 3162 sicario
716 3109 965 3163 mortem
998 3105 1093 3163 vix
1115 3105 1386 3174 evaserit,
1409 3106 1690 3179 gravibus
1748 3101 2172 3185 (Giustiniani).
2251 3104 2443 3162 Natus
2502 3105 2552 3162 is
2613 3107 2701 3162 est
2766 3104 3028 3163 Venetiis

405 3195 608 3251 tamen
641 3192 991 3252 vulneribus
1023 3194 1207 3252 fuerit
1239 3194 1502 3253 affectus
1538 3195 1686 3253 Con·
1757 3203 1911 3256 1381
1985 3193 2365 3252 nobilissimis
2426 3192 2775 3268 parentibus
2826 3196 2886 3251 et
2936 3193 3030 3251 vel

411 3281 546 3339 cilio
578 3281 893 3340 basileensi
943 3282 1151 3352 adfuit,
1203 3288 1429 3358 partem
1483 3283 1691 3342 habuit
1745 3301 1896 3359 puer
1927 3301 2158 3341 morum
2190 3281 2540 3357 gravitatem
2574 3301 2713 3358 prae
2760 3301 2820 3340 se
2866 3283 3025 3341 tulit.

405 3370 474 3427 in
505 3371 918 3429 controversiis
946 3389 1080 3430 cum
1099 3372 1350 3430 Husitis.
1383 3373 1688 3448 Aliquam·
1747 3373 1964 3430 Exacta
1995 3372 2153 3429 inter
2184 3371 2425 3447 pietatis
2472 3370 2660 3429 officia
2691 3370 3025 3428 adolescen-

401 3459 515 3516 diu
545 3459 800 3518 inhaesit
833 3460 1009 3519 Felici
1042 3460 1106 3518 V.
1139 3462 1467 3537 antipapae,
1512 3481 1686 3538 quem

401 3549 588 3606 solem
596 3548 752 3607 niter
767 3548 1025 3608 Soliduri
1049 3568 1114 3608 ex
1122 3551 1293 3625 cepit,
1327 3550 1427 3609 sed
1443 3550 1515 3608 de
1531 3569 1686 3609 com·

408 3637 603 3712 posito
635 3638 748 3695 sub
778 3638 1019 3698 Nicolao
1051 3639 1119 3701 V.
1151 3639 1460 3698 schismate
1506 3640 1686 3699 laela-

403 3729 513 3784 tus
546 3730 654 3785 est.
687 3727 1140 3786 Reformationis
1175 3732 1343 3787 aestu
1374 3730 1533 3787 ultra
1563 3747 1684 3786 mo·

401 3815 553 3872 dum
587 3817 871 3892 abreptus
923 3816 1213 3890 plurimos
1263 3818 1374 3876 sibi
1420 3817 1557 3876 secit
1588 3818 1688 3876 ad-

412 3905 716 3966 versarios,
777 3905 946 3963 Ultra
981 3917 1059 3968 30
1113 3906 1347 3965 libellos
1391 3925 1551 3965 acres
1587 3907 1688 3964 ad-

408 3994 648 4052 modum
683 3994 1036 4069 composuit,
1084 3995 1148 4052 in
1194 3995 1416 4071 quibus
1447 4015 1563 4054 non
1597 4014 1687 4054 so-

408 4082 533 4140 lum
577 4083 884 4142 invehitur
931 4084 996 4141 in
1038 4084 1377 4159 Beghardos
1409 4084 1688 4161 Beginas-

409 4189 526 4245 que
559 4176 620 4228 et
649 4172 1017 4251 Lollhardos‚
1051 4177 1257 4231 contra
1286 4174 1688 4232 mendicantes

412 4259 656 4328 vulidOS,
674 4260 992 4328 Svitenses.
1016 4263 1322 4321 canonicos
1343 4263 1685 4330 turicenses,

410 4351 779 4424 praepositos
843 4351 1264 4410 ecclesiasticos
1327 4370 1481 4420 suos
1534 4351 1687 4410 card.

412 4437 725 4508 Cusanum,
740 4439 931 4498 aulam
947 4439 1327 4514 pontificiam,
1341 4440 1441 4498 sed
1452 4460 1524 4499 ne
1537 4442 1624 4498 Ma
1631 4460 1688 4497 r-

410 4527 536 4585 tino
599 4527 839 4602 quidem
889 4528 953 4585 V.
1005 4533 1064 4586 et
1114 4528 1351 4588 Nicolao
1405 4529 1485 4588 V..
1540 4548 1688 4604 quos

492 4755 526 4812 Υ)
555 4753 637 4807 Cf.
665 4752 827 4806 Kunz
857 4752 1127 4807 Biblioth.
1171 4753 1270 4806 der
1294 4753 1449 4808 kath.
1479 4754 1688 4822 Padag.

1747 3460 1834 3519 tia
1864 3462 1936 3519 ad
1970 3463 2199 3518 castum
2232 3459 2406 3518 Verbi
2454 3462 2515 3516 et
2545 3460 2771 3517 animae
2803 3478 3025 3518 connu-

1747 3550 1911 3607 bium
1962 3570 1995 3606 a
2043 3549 2245 3607 divina
2278 3548 2576 3624 Sapientia
2624 3549 2919 3606 invitatus
2953 3549 3027 3606 de

1745 3638 2056 3715 religiosae
2110 3638 2265 3696 vitae
2318 3637 2599 3695 instituto
2662 3637 3020 3712 capessendo

1745 3727 2099 3786 deliberavit
2147 3726 2603 3801 convolavitque
2655 3725 2727 3783 ad
2790 3726 3025 3784 canoni-

1746 3835 1947 3875 corum
1979 3835 2024 3878 s,
2058 3816 2292 3893 Georgii
2325 3816 2389 3873 in
2420 3816 2569 3873 Alva
2614 3815 3025 3892 congregatio·

1746 3926 1896 3964 nem.
1962 3905 2405 3963 Sanctissimam
2484 3903 3025 3979 rigidissimamque

1747 3995 1964 4053 ibidem
1996 3994 2182 4052 vitam
2216 3993 2416 4052 duxit:
2465 3993 2602 4051 hinc
2649 4013 2683 4051 a
2724 3993 3025 4052 sodalibus

1745 4084 1807 4142 in
1842 4085 2096 4160 priorem
2146 4083 2498 4159 iteratisque
2546 4082 2777 4141 vicibus
2828 4082 2890 4140 in
2925 4100 3025 4140 su·-

1746 4192 2015 4248 premum
2077 4172 2549 4248 congregationis
2599 4173 3024 4230 moderatorem

1825 4401 1858 4463 ¹)
1890 4398 1951 4449 In
1980 4397 2016 4449 1.
2043 4397 2111 4449 de
2141 4397 2369 4466 negotio
2399 4397 2817 4451 monachorum.
2847 4395 2929 4449 Cf.
2958 4397 3026 4451 de

1746 4473 1973 4521 auctore
2014 4471 2202 4521 nostro
2246 4471 2283 4522 F
2289 4467 2405 4521 iala
2440 4468 2534 4525 Dr.
2564 4468 2715 4522 Felix
2744 4468 3026 4520 Hemmer-

1747 4540 1831 4592 liu
1857 4541 1941 4593 als
1959 4538 2163 4608 Propst
2187 4540 2285 4593 des
2303 4539 2384 4593 St.
2404 4538 2769 4592 Ursenstiftes
2786 4557 2853 4591 zu
2874 4539 3027 4592 Solo·

1746 4611 2119 4668 thurn1857z
2160 4610 2221 4662 in
2262 4610 2397 4664 fasc.
2438 4611 2522 4664 lit.
2554 4609 2809 4663 Urkund.
2855 4610 3026 4663 Beitr.

1747 4700 1846 4735 zur
1890 4682 2201 4735 vaterliind.
2249 4681 2620 4736 Gcschichtsf.
2664 4682 2700 4746 1,
2742 4685 3025 4736 281-792

1747 4769 1876 4807 cum
1903 4757 1973 4808 38
1999 4752 2381 4812 documentis:
2409 4757 2468 4807 et
2493 4752 2604 4806 KL.
2633 4752 2698 4814 V,
2728 4756 3025 4810 wel—65:

413 4821 688 4893 Freiburg
717 4828 870 4880 1888.
901 4825 940 4886 1,
969 4829 1038 4880 34
1066 4842 1164 4882 ss.;
1217 4824 1549 4879 Tiraboschi
1577 4827 1613 4880 l.
1639 4830 1690 4882 3.
1753 4824 2488 4879 Reoerb'.Hemme1·lin11eu
2506 4825 2651 4878 nach
2664 4824 2773 4876 den
2791 4821 3027 4886 Quellen

408 4911 455 4949 c.
483 4900 516 4950 5
545 4913 598 4949 n.
627 4901 711 4950 13.

1750 4895 2076 4958 bearbcitet,
2106 4895 2306 4948 zurich
2336 4900 2491 4952 1846.
