3475 5364
335 400 499 453 1249

1070 380 1266 447 Faber,
1292 381 1475 447 Rauh,
1504 380 1842 465 Neudorfer,
1869 379 2009 445 Rab,
2036 380 2208 434 Vehe.

2783 397 2943 453 1250

326 570 505 635 nimis
539 586 868 645 propensus
902 573 1032 627 erat
1061 586 1204 645 erga
1221 568 1607 637 humanistas,
1665 567 1952 626 ditionem
1982 565 2370 642 assumptus
2354 585 2418 627 111
2452 566 2855 626 consiliarium
2887 572 2948 626 et

326 658 675 736 praesertim
707 676 845 735 erga
875 657 1203 728 Erasmum,
1238 677 1271 715 a
1301 675 1420 733 quo
1452 675 1608 715 com-

326 747 591 807 mendari
612 747 861 816 meruit;
895 746 1244 805 defectionis
1263 747 1609 805 lutheranae

325 839 689 896 momentum
738 840 798 894 et
840 836 1192 912 gravitatem
1237 853 1360 894 non
1406 835 1607 893 statim

327 926 601 1004 agnovit,
643 925 781 983 hinc
811 925 1090 984 blandius
1132 924 1205 984 de
1249 943 1317 982 ea
1336 924 1604 999 judicat3

327 1015 443 1073 imo
490 1014 555 1073 in
601 1014 877 1073 concione
922 1013 1161 1073 funebri
1214 1013 1288 1072 de
1334 1013 1487 1072 Guil.
1535 1013 1607 1071 de

327 1104 477 1181 Croy
527 1122 647 1163 non
712 1102 863 1161 bene
914 1103 1151 1162 locutus
1200 1105 1295 1161 est
1347 1102 1419 1161 de
1471 1101 1608 1161 sede

327 1193 667 1268 apostolica,
699 1193 1081 1267 quamobrem
1116 1191 1411 1251 Aleander
1449 1210 1608 1250 nun-

327 1283 453 1341 cius
485 1282 841 1357 apostolicus
886 1281 958 1339 de
990 1300 1057 1340 eo
1102 1285 1196 1339 est
1227 1283 1607 1355 conquestus.

330 1371 546 1430 Verum
593 1371 719 1447 ipsa
762 1374 1085 1429 eventuum
1131 1370 1453 1445 iniquitate
1485 1387 1605 1428 me-

327 1462 477 1519 liora
507 1461 751 1523 edoctus
784 1459 976 1534 coepit
1013 1460 1136 1534 jam
1169 1459 1407 1518 fortiter
1437 1459 1609 1517 inno·

309 1549 670 1608 -vationibus
702 1549 1153 1607 reformatorum
1186 1549 1492 1617 obsistere,
1539 1550 1610 1605 ut

326 1638 559 1697 Hutten
591 1641 650 1695 et
679 1638 961 1696 Erasmus
1007 1637 1079 1696 de
1123 1638 1252 1712 eJ'us
1283 1636 1609 1696 sententiae

327 1728 659 1786 mutatione
674 1728 888 1785 acriter
902 1727 1270 1802 scripserint,
1293 1726 1409 1785 imo
1429 1744 1607 1800 prop-

327 1820 420 1875 ter
482 1815 859 1875 concionandi
935 1816 1272 1874 libertatem
1333 1817 1611 1895 Augusta

327 1906 550 1980 ejectus
580 1910 673 1963 est
704 1905 1073 1979 decessitque
1094 1905 1263 1963 exsul
1291 1912 1455 1966 1530
1492 1898 1608 1983 (se-

326 1994 587 2054 cundum
619 1993 766 2051 alios
808 1989 1122 2074 1531).-
1140 1994 1394 2063 Petrus
1411 1992 1609 2052 Rauh

325 2104 360 2142 a
389 2085 518 2142 loco
552 2083 745 2158 patrio
791 2083 855 2141 in
898 2083 1223 2141 Franconia
1255 2081 1608 2158 Anspach

327 2172 812 2249 cognominatae,
866 2171 929 2229 O.
963 2172 1166 2230 Praed.
1215 2190 1394 2248 sagax
1426 2174 1488 2230 et
1518 2170 1609 2229 di-

329 2265 527 2319 sertus
558 2261 643 2318 rei
665 2260 987 2319 catholicae
1008 2256 1404 2341 apologeta²)‚
1439 2260 1609 2336 cujus

327 2349 607 2407 laudatur
654 2350 972 2408 Antithesis
1032 2350 1136 2407 der
1197 2349 1610 2407 Luther-iselam

326 2438 706 2496 Beken-ntniss
725 2437 865 2496 oder
881 2437 1107 2507 Beicht,
1132 2456 1196 2496 so
1217 2439 1301 2496 sie
1321 2457 1393 2496 zu
1410 2439 1607 2515 Auge-

326 2527 482 2605 burg
513 2546 619 2587 vor
650 2527 705 2584 k.
728 2527 1002 2602 Majestat
1031 2525 1157 2585 und
1190 2526 1324 2586 dem
1347 2527 1401 2589 h.
1426 2528 1606 2586 romi·

328 2617 506 2675 schen
524 2616 703 2675 Reich
724 2616 806 2673 im
832 2625 928 2679 30.
951 2616 1005 2674 J.
1026 2616 1386 2694 angegeben,
1424 2616 1607 2675 Fran-

327 2707 539 2766 cofurti
583 2727 634 2765 a.
681 2707 733 2764 d.
769 2706 831 2764 Ο.
871 2716 1059 2769 1531.
1096 2741 1175 2749 -
1212 2706 1606 2783 Georgius

325 2796 678 2855 Neudorf
681 2815 711 2854 e
728 2790 820 2876 r2)
854 2795 1015 2871 prior
1043 2798 1367 2855 conventus
1397 2795 1607 2854 rotvil-

324 2885 447 2944 lani
491 2885 870 2963 impugnavit
931 2881 1159 2966 (1526)
1225 2884 1607 2944 Ambrosium

323 2975 576 3036 Blaarer.
608 3009 696 3018 -—-
727 2975 811 3033 De
831 2973 1171 3033 Hermanno
1191 2974 1343 3033 Rab
1375 2974 1604 3033 theolo-

1663 657 2066 732 praepositum
2110 655 2394 715 hallensis
2437 656 2761 715 ecclesiae'
2746 676 2810 714 111
2843 656 2948 715 Sa-

1664 745 1855 815 xonia,
1910 765 2086 820 quam
2133 745 2371 822 egregie
2416 726 2777 804 reformavit.
2855 745 2946 804 Ibi

1662 834 1933 909 quotidie
1982 834 2273 910 praelegit
2321 833 2605 909 epistolas
2655 835 2946 910 paulinas.

1662 922 1948 982 Interfuit
1978 923 2275 983 comitiis
2260 943 2491 999 imperii
2505 926 2810 1001 Augustae
2845 924 2948 981 ha-

1662 1012 1805 1071 bitis
1840 1032 1888 1072 a.
1925 1022 2087 1076 1530
2122 1018 2183 1071 et
2214 1012 2288 1070 ab
2318 1013 2673 1087 imperatore
2694 1015 2947 1072 selectus

1662 1102 1782 1160 fuit
1825 1102 1930 1178 qui
1979 1119 2116 1160 cum
2163 1101 2296 1160 aliis
2342 1101 2479 1160 fidei
2522 1102 2947 1161 confessionem

1663 1183 2038 1249 lutheranam
2057 1191 2381 1261 refutaret3
2413 1189 2690 1250 interfuit
2711 1210 2947 1266 quoque

1662 1280 1959 1355 colloquio
1992 1280 2225 1356 Lipsiae
2261 1289 2359 1342 29.
2394 1282 2455 1339 et
2489 1289 2587 1343 30.
2609 1282 2748 1356 Apr.
2780 1289 2946 1344 1534

1664 1368 1867 1427 habito
1900 1387 2034 1427 cum
2068 1369 2358 1446 theologis
2389 1370 2584 1428 luthei
2594 1370 2737 1441 anis,
2790 1369 2947 1428 inter

1665 1476 1815 1533 quos
1849 1458 1967 1517 fuit
1997 1461 2058 1516 et
2072 1458 2448 1517 Melanchton
2480 1453 2541 1538 (†
2579 1454 2793 1539 1539).
2826 1458 2916 1517 Im

1662 1547 1958 1625 pugnavit
2006 1546 2142 1606 fidei
2202 1547 2522 1607 catholicae
2586 1547 2949 1607 adversarios

1664 1635 1903 1711 scriptis
1933 1636 2124 1695 doctis
2140 1637 2266 1695 sine
2296 1637 2384 1695 ira
2402 1641 2464 1696 et
2482 1636 2635 1695 felle.
2685 1636 2801 1695 Von
2822 1639 2949 1695 dem

1668 1725 1878 1784 Gesatz
1907 1726 2012 1783 der
2041 1744 2327 1802 nyessunq
2371 1727 2470 1784 des
2505 1727 2559 1784 h.
2591 1727 2800 1785 hochw.
2834 1727 2944 1785 Sa-

1664 1821 1958 1873 cramenta
1972 1815 2035 1871 in
2051 1833 2235 1891 eyner
2244 1815 2490 1885 Gestalt,
2502 1815 2730 1890 Lipsiae
2749 1826 2771 1877 1
2792 1826 2824 1878 5
2835 1826 2869 1878 3
2888 1827 2906 1877 1
2934 1835 2946 1882 ;

1679 1915 1693 1965 1
1716 1912 1857 1966 532.
1893 1903 2038 1962 Cum
2061 1922 2199 1963 vero
2217 1905 2623 1981 Bugenhagen
2643 1904 2949 1981 vulgasset

1665 1992 1935 2050 libellum
1970 1992 2252 2052 adversus
2269 1993 2432 2051 sures
2449 1993 2667 2063 calicis,
2704 2012 2946 2068 respon-

1664 2080 1755 2139 dit
1771 2080 1933 2139 Vehe
1965 2083 2251 2157 opusculo
2268 2083 2556 2158 Erettuny
2574 2083 2678 2141 der
2696 2083 2946 2141 58381181-

1664 2171 1852 2248 diyten
1911 2171 2209 2251 kelchdyeb
2268 2190 2404 2230 vom
2460 2191 2655 2230 neuen
2705 2172 2943 2249 Bugen-

1662 2258 1986 2336 hagischen
2031 2260 2274 2336 Galgen,
2319 2258 2526 2336 Lipsia
2564 2270 2748 2324 1535.
2829 2258 2947 2319 Wie

1663 2349 2204 2424 underschydlicher
2246 2351 2412 2408 weiss
2443 2350 2585 2409 Gott
2629 2349 2753 2409 und
2786 2350 2946 2409 seine

1663 2438 2057 2497 auserwelten
2089 2438 2366 2514 Heiligen
2397 2456 2513 2497 von
2544 2457 2660 2498 uns
2677 2439 2947 2498 Christen

1662 2527 1849 2585 sollen
1881 2526 2126 2604 geehret
2155 2527 2423 2597 werden,
2471 2528 2705 2605 Lipsiae
2757 2539 2782 2591 1
2801 2538 2945 2597 532,

1663 2617 2018 2692 opusculum
2078 2617 2388 2695 egregium
2434 2616 2557 2676 sive
2621 2616 2947 2676 doctrinam

1663 2705 1788 2765 sive
1820 2706 2068 2765 formam
2090 2709 2332 2782 spectes.
2368 2709 2625 2766 Assertio
2644 2726 2947 2767 sacrorum

1661 2797 2030 2872 quorundam
2079 2798 2470 2873 ammiratum,
2521 2816 2672 2872 quae
2717 2816 2751 2855 a
2794 2815 2944 2855 non-

1661 2885 1845 2943 nullis
1878 2885 2068 2944 nostri
2099 2885 2284 2944 seculi
2311 2885 2846 2962 pseudoprophetis
2881 2887 2945 2944 in

1659 2974 2054 3049 periculosam
2100 2975 2420 3064 rapiuntur
2465 2978 2943 3047 controversiam,

323 3063 453 3138 giae
484 3062 722 3122 doctore
768 3067 829 3120 et
859 3064 1229 3138 professore
1215 3082 1278 3121 111
1312 3064 1607 3123 academia
1658 3062 1888 3138 Lipsiae
1929 3072 2091 3126 1535
2128 3065 2193 3122 111
2228 3076 2301 3134 4.
2346 3083 2497 3139 quae
2530 3064 2947 3141 complectitur

322 3152 612 3225 lipsiensi,
675 3169 813 3209 suae
875 3152 1212 3226 provinciae
1265 3152 1605 3227 praeposito

327 3233 387 3316 (†
441 3248 493 3300 5.
545 3238 675 3296 Jan.
736 3235 928 3318 1534)
977 3238 1047 3301 cf.
1102 3240 1173 3297 N.
1225 3240 1448 3299 Paulus
1511 3241 1606 3298 die

324 3325 649 3385 deutschen
711 3326 1137 3385 Dominikaner
1211 3327 1292 3385 im
1353 3329 1603 3404 Kampfe

322 3434 514 3492 gegen
545 3415 768 3474 Luther
799 3434 852 3490 p.
892 3425 1128 3478 9—16.

418 3601 556 3657 586.
607 3594 752 3651 Prae
797 3594 1006 3667 primis
1051 3595 1317 3655 innotuit
1348 3596 1604 3655 Michael

323 3681 513 3740 Vehe
543 3682 813 3740 Biberaci
842 3702 1026 3758 prope
1056 3683 1378 3760 Wimphen
1403 3690 1601 3756 natue,

324 3772 427 3846 qui
457 3771 883 3849 Heidelbergae
930 3773 1148 3832 studiis
1181 3775 1416 3834 vacavit
1447 3776 1521 3834 ab
1553 3795 1602 3834 a.

333 3870 515 3931 1506,
548 3861 889 3936 ibidemque
926 3862 1053 3938 jam
1096 3882 1144 3921 a.
1185 3872 1351 3926 1512
1400 3864 1602 3926 cathe-

322 3949 486 4008 dram
563 3951 733 4020 rexit,
798 3951 1128 4026 habuitque
1204 3952 1363 4011 inter
1423 3953 1604 4011 disci-

322 4039 497 4114 pulos
529 4041 569 4099 J
571 4058 618 4097 o.
652 4040 1091 4116 Dietenberger.
1125 4044 1297 4102 Anno
1331 4042 1604 4117 sequenti

323 4126 588 4187 lauream
634 4129 884 4205 adeptus
935 4133 1028 4188 est
1076 4130 1486 4207 theologicam.
1551 4134 1601 4190 A

1659 3156 1732 3209 tr.
1776 3162 1871 3222 15,
1905 3152 2124 3227 quibus
2170 3153 2370 3211 omnia
2409 3152 2944 3213 controversiarum

1660 3241 1828 3299 illius
1889 3242 2172 3317 temporis
2224 3241 2419 3319 capita
2482 3243 2865 3301 continentur
2878 3238 2943 3320 ²).

1662 3329 1780 3386 Εἰη
1843 3330 1983 3387 New
2050 3330 2506 3406 Gesanqbiichlin
2579 3330 2945 3407 Geystlicher

1660 3418 1873 3476 Lieder
1916 3412 2055 3499 (52)
2109 3437 2216 3477 vor
2261 3419 2377 3477 alle
2425 3419 2640 3494 gutthe
2673 3418 2944 3477 Christen

1736 3663 1776 3730 ¹)
1806 3659 1968 3714 Diese
2003 3658 2378 3713 lateinischen
2406 3658 2678 3712 Traktate
2704 3659 2824 3712 und
2853 3659 2943 3712 die

1661 3733 1806 3785 oben
1859 3730 2238 3801 besprochene
2291 3730 2434 3785 Abb.
2485 3731 2624 3785 fiber
2674 3729 2766 3784 die
2814 3731 2944 3784 Ver-

1659 3803 1884 3873 ehrung
1899 3803 1999 3858 der
2015 3802 2282 3871 Heiligen
2300 3802 2547 3871 gehoren
2569 3802 2723 3856 wohl
2743 3819 2812 3855 zu
2831 3802 2942 3857 den

1660 3874 1857 3928 beaten
1893 3873 2359 3943 apologetischen
2388 3873 2689 3939 Schriften,
2731 3873 2823 3927 die
2862 3873 2941 3927 im

1659 3950 1747 4002 16.
1771 3945 1969 3999 Jahrb.
2009 3944 2072 3998 in
2099 3944 2488 3999 Deutschland
2529 3962 2659 3998 zum
2701 3944 2942 3999 Schutze
3055 3938 3062 3944 ’

1659 4016 1758 4069 (188
1785 4017 1940 4072 alten
1968 4016 2257 4072 Glaubens
2292 4016 2513 4070 verfasst
2537 4016 2768 4071 worden
2795 4015 2941 4072 sind.

1659 4087 1828 4141 Beide
1872 4087 2081 4143 Werke
2132 4088 2406 4142 zeichnen
2449 4087 2569 4141 sich
2616 4105 2718 4141 aus
2764 4087 2942 4141 durch

1658 4162 1828 4228 grosse
1858 4158 2299 4213 Grundlichkeit
2310 4157 2643 4213 verbunden
2667 4158 2770 4212 mit
2784 4158 2942 4214 einer

325 4217 598 4292 Capitulo
628 4218 890 4296 generali
909 4218 1159 4294 Neapoli
1205 4229 1364 4283 1515
1401 4220 1603 4279 habito
1658 4230 1925 4301 ruhigen,
1951 4230 2291 4285 lichtvollen
2319 4230 2704 4300 Darstellung.
2751 4230 2941 4285 Trotz-

324 4306 665 4382 assignatus
685 4310 776 4365 est
795 4308 1114 4366 conventui
1131 4308 1603 4385 heidelbergensi

322 4395 386 4452 in
417 4398 720 4471 regentem
751 4395 1108 4472 magistrum
1129 4401 1189 4455 et
1220 4417 1253 4455 a
1284 4398 1442 4456 card.
1477 4418 1601 4458 mo·

324 4485 578 4560 guntino
611 4484 856 4543 Alberto
890 4486 965 4543 ob
997 4486 1353 4561 probitatem
1376 4489 1437 4546 et
1466 4507 1602 4547 8111-

1660 4301 1787 4355 dem
1839 4302 1967 4356 sind
2020 4301 2172 4355 diese
2222 4302 2507 4356 Schriften
2557 4302 2751 4356 bisher
2834 4319 2940 4356 anz

1659 4373 2008 4428 unbeachtet
2031 4372 2348 4440 geblieben.
2401 4373 2470 4427 N.
2500 4372 2783 4426 Paulus
2849 4373 2940 4430 ist.

1659 4447 1771 4517 pol.
1792 4445 2012 4500 Blatter
2038 4444 2130 4499 CX
2158 4448 2355 4516 (1892),
2383 4448 2684 4507 «iss-489,
2710 4444 2811 4498 ubi
2838 4461 2941 4514 pro

1660 4533 1814 4570 more
1865 4519 2125 4570 accurate
2177 4516 2244 4570 de
2285 4516 2395 4570 1188
2434 4519 2663 4571 auctore
2703 4518 2940 4585 eJ'usque

1660 4586 1886 4656 scriptis
1912 4588 2157 4653 disserit,
2185 4591 2243 4641 et
2269 4587 2382 4644 KL.
2407 4589 2526 4653 XII,
2554 4592 2658 4645 645
2675 4605 2717 4642 s.
2737 4589 2835 4647 zet
2847 4587 2939 4641 die

1659 4660 1712 4714 d.
1743 4659 2153 4713 Dominikaner
2177 4663 2302 4716 215·
2305 4664 2439 4719 231;
2481 4630 2756 4714 K'atholik
2782 4663 2938 4722 1855,

400 4723 736 4791 ¹)Cf.1n10ss
778 4724 889 4780 KL.
934 4727 999 4789 1²,
1036 4730 1157 4784 908.
1211 4727 1430 4782 Echard
1472 4746 1600 4783 eum
1659 4732 1727 4792 11,
1774 4734 1941 4788 366-
1953 4735 2086 4788 375:
2137 4735 2306 4787 421—
2315 4735 2453 4790 431:
2497 4734 2815 4790 458—470;
2866 4730 2937 4784 cf.

282 4795 285 4800 ’
325 4811 439 4848 11811
467 4794 694 4849 videtur
720 4798 1070 4867 cognovisse.

1659 4802 1831 4856 etiam
1857 4802 2175 4857 Baeumker
2212 4802 2350 4873 allg.
2391 4803 2444 4857 d.
2473 4802 2611 4867 1310„-
2602 4820 2663 4856 ·.r
2692 4801 2936 4867 XXXIX,

399 4866 551 4936 ‘)Cf.
603 4867 672 4920 N.
714 4867 927 4923 Paulus
963 4870 1053 4922 die
1096 4870 1149 4925 d.
1195 4869 1604 4926 Dominikaner
1658 4878 1789 4934 529:
1833 4873 2054 4927 Echard
2083 4875 2150 4939 11,
2176 4879 2274 4936 95;
2295 4822 2585 4928 gJaussen
2592 4872 2791 4926 Pastor
2818 4872 2937 4937 VII,

325 4956 380 5007 p.
407 4942 569 4996 280·-
585 4943 707 4996 283.

537 5036 723 5096 Hurter,
751 5039 1080 5087 Nomenelator
1106 5041 1147 5086 11
1175 5041 1247 5087 ed.
1277 5042 1324 5088 3.

1626 4949 1779 5006 461

2546 5038 2619 5091 40
