3475 5364
347 341 511 397 1525

974 323 1268 387 Fontaine,
1293 323 1596 387 Massaeus,
1621 324 1829 390 Berler‚
1857 322 2096 391 Venere,
2121 324 2335 382 Jovius.

2791 343 2953 397 1526

338 513 407 570 de
437 513 809 570 caeremoniis
853 511 910 568 ll.
948 513 987 568 6
1002 531 1030 582 ,·
1073 512 1143 568 de
1186 511 1535 588 imayinibus
1579 511 1616 569 l.
1670 515 1732 569 et
1764 512 1913 570 duro
1947 511 2187 587 scripsit
2218 510 2471 569 Chronilc
2503 507 2953 593 (668τ-1517)

336 620 514 671 unus,
577 599 920 678 Moguntiae
979 608 1142 663 1548
1196 600 1487 676 junctim,
1549 600 1618 657 de
1670 601 1734 659 in
1767 600 1918 660 Code
1947 601 2154 660 histor.
2186 606 2248 658 et
2278 599 2519 675 diplom.
2552 599 2625 658 de
2644 599 2705 659 la
2723 601 2864 659 ville
2885 601 2957 659 de

336 691 635 749 haereticis
665 697 716 748 et
745 690 1124 749 schismaticis
1154 689 1216 747 in
1236 708 1450 765 genere
1468 689 1533 751 ll.
1557 699 1613 758 6,
1672 690 2032 766 Strasbourg
2064 690 2106 747 Ι.
2143 699 2200 759 2,
2244 699 2266 750 1
2291 698 2539 752 —130.
2577 722 2659 731 —
2692 689 2954 764 Alphen-

337 780 681 857 Moguntiae
705 789 889 848 1548,
921 782 983 837 et
1011 779 1073 837 in
1091 781 1261 837 tract.
1276 779 1433 854 juris
1453 778 1614 836 univ.

335 869 417 928 XI
446 889 501 945 p.
539 878 572 930 2
608 888 663 944 p.
705 878 821 931 271
864 886 968 937 ss.;
1015 869 1083 926 de
1126 868 1432 926 calumniis
1464 868 1520 925 ll.
1553 868 1612 938 3,

343 968 541 1021 1549;
574 958 643 1015 de
672 958 989 1016 universali
1018 958 1254 1015 concilio
1270 958 1325 1015 ll.
1348 959 1402 1025 9,
1428 966 1613 1025 1584;

333 1049 403 1106 de
432 1047 802 1106 seditionibus
836 1048 892 1105 ll.
930 1048 985 1116 6,
1038 1046 1383 1123 Moguntiae
1427 1054 1611 1115 1550,

334 1137 397 1195 in
459 1155 577 1211 quo
641 1154 732 1212 op.
797 1135 1045 1194 maxime
1104 1135 1342 1194 extollit
1384 1135 1612 1193 romani

335 1225 633 1301 pontificis
706 1225 1035 1302 primatum
1119 1228 1180 1282 et
1255 1227 1613 1300 potestatem

333 1318 455 1373 tam
490 1313 859 1390 spiritualem
888 1332 1067 1389 quam
1102 1316 1163 1371 et
1205 1314 1611 1389 temporalem,

334 1407 659 1478 utrumque
703 1402 965 1480 gladium
1012 1402 1097 1461 ita
1128 1406 1347 1472 tamen,
1393 1407 1466 1462 ut
1496 1402 1608 1461 etsi

332 1511 441 1568 par
485 1492 566 1550 sit
602 1493 705 1567 jus
748 1496 810 1551 et
848 1495 1136 1567 potestas,
1184 1492 1487 1551 diversum
1533 1491 1614 1549 sit

334 1581 708 1651 exercitium3
747 1621 774 1650 ,
787 1581 1078 1656 siquidem
1109 1580 1475 1656 spiritualem
1508 1580 1613 1638 ha-

332 1671 436 1728 bet
467 1670 792 1730 secundum
843 1689 1019 1729 usum
1066 1673 1128 1729 et
1158 1670 1610 1738 exsecutionem,

332 1759 699 1819 materialem
748 1778 888 1818 vero
933 1759 1256 1818 secundum
1302 1762 1518 1818 nutum
1554 1761 1614 1817 et

333 1849 670 1924 imperium.
687 1857 714 1886 ‘
779 1849 865 1907 De
895 1850 1234 1907 auctoritate
1263 1856 1314 1907 et
1338 1855 1613 1923 potestate

331 1938 635 2014 Ecclesiae,
672 1938 942 2015 Dilingae
981 1947 1167 2007 1559,
1200 1956 1269 1996 ex
1300 1956 1420 2013 quo
1451 1937 1612 2014 frag·

332 2030 549 2097 menta,
616 2046 767 2102 quae
812 2027 1018 2086 Ottoni
1055 2025 1232 2084 ·card.
1294 2026 1611 2087 admodum

330 2117 625 2192 placuere,
687 2116 1020 2193 germanice
1065 2115 1296 2174 reddita
1343 2116 1611 2190 prodiere

331 2205 608 2280 Dilingae
667 2215 850 2268 1559.
882 2238 970 2249 -
1004 2204 1277 2263 Sleidano
1328 2205 1613 2280 opposuit

331 2293 393 2352 in
446 2294 638 2351 Gallia
683 2294 888 2352 Simon
936 2293 1318 2351 Fontaine
1369 2292 1431 2352 Ο.
1470 2293 1609 2351 Min.

332 2382 686 2441 Senonensis
749 2381 1009 2441 Histoire
1056 2383 1125 2440 de
1180 2389 1371 2441 nostre
1431 2390 1611 2455 temps

329 2470 618 2530 touchant
662 2472 857 2530 l’estat
908 2470 979 2530 de
1024 2472 1085 2529 la
1129 2471 1378 2548 religion
1410 2472 1607 2530 chres·

328 2560 530 2619 tienne
580 2561 641 2618 ll.
677 2560 839 2620 XVII
889 2554 1405 2642 (1517—1546),
1456 2562 1608 2619 Ant·

328 2649 564 2727 verpiae
605 2661 626 2713 1
645 2660 720 2714 55
733 2657 789 2719 8,
823 2668 972 2725 opus
990 2669 1190 2710 rarum
1205 2651 1606 2725 posthumum.

327 2739 470 2815 Ejus
501 2758 738 2815 quoque
782 2744 876 2799 est
918 2742 981 2799 in
1025 2742 1061 2803 l.
1094 2740 1252 2798 Ruth
1282 2741 1607 2814 aplicatio,

328 2828 491 2887 Paris
542 2839 738 2893 156ος
790 2828 1104 2888 Paraseevae
1133 2829 1205 2888 ad
1239 2830 1606 2900 rhetoricam,

327 2917 404 2976 ib.
449 2928 632 2981 1578.
697 2918 926 2978 Obiisse
959 2919 1195 2977 videtur
1227 2937 1275 2982 c.
1318 2929 1500 2982 1557.

420 3105 561 3158 696.
595 3095 962 3154 Christianus
996 3097 1052 3154 M
1068 3117 1102 3153 a
1119 3114 1146 3154 s
1163 3115 1189 3153 s
1207 3115 1240 3153 a
1255 3115 1287 3154 e
1303 3116 1344 3155 u
1361 3115 1388 3155 s
1430 3093 1608 3178 (Mas-

327 3180 549 3263 seeuw)
583 3183 765 3259 Belga
795 3202 826 3241 e
858 3184 1247 3244 Warnestono
1281 3185 1405 3244 sive
1438 3186 1606 3245 Wae·

327 3275 496 3330 stena
527 3271 814 3330 oriundus
867 3282 960 3336 13.
1008 3273 1143 3348 Maj.
1199 3283 1363 3336 1469
1411 3293 1607 3350 congr.

327 3380 371 3420 8.
422 3360 766 3436 Hieronymi
815 3360 1070 3436 primum
1124 3361 1416 3433 Gandavi,
1468 3363 1609 3422 dein

326 3450 617 3508 cameraci
640 3450 1023 3525 juventutem
1069 3450 1309 3526 optimis
1342 3452 1606 3529 discipli·

326 3539 419 3598 nis
449 3542 513 3597 et
541 3539 808 3598 moribus
839 3538 1074 3609 imbuit,
1116 3560 1233 3614 quo
1267 3541 1331 3598 in
1363 3559 1608 3600 munere

324 3627 467 3686 adeo
499 3627 750 3704 diligens
780 3631 843 3686 et
873 3633 1148 3687 constans
1178 3628 1322 3699 fuit,
1370 3632 1441 3687 ut
1471 3630 1610 3688 inde

327 3718 367 3776 C
382 3737 484 3776 am
500 3737 531 3776 e
546 3736 577 3774 r
592 3737 625 3775 a
640 3735 671 3775 c
686 3736 767 3775 en
784 3717 886 3775 sis
910 3718 1449 3794 cognominaretur,
1470 3738 1606 3777 nam

324 3807 399 3864 ab
447 3826 497 3865 a.
557 3817 720 3870 1509
773 3806 847 3864 ad
895 3810 1145 3866 mortem
1202 3807 1287 3865 illi
1335 3808 1609 3867 incubuit

328 3891 457 3978 (25.
492 3897 648 3972 Sept.
690 3891 904 3974 1546).
966 3897 1255 3956 Hortante
1286 3897 1605 3957 Trithemio

325 4003 641 4062 aggressus
672 3988 766 4043 est
785 4003 935 4060 epus
955 3984 1178 4061 grande
1211 3986 1334 4045 scil.
1361 3986 1605 4045 Chroni-

324 4092 521 4132 corum
553 4075 887 4149 multiplicis
916 4075 1190 4133 historiae
1208 4077 1511 4152 utriusque
1544 4075 1604 4138 Τ.

323 4251 588 4309 lendaria
617 4256 906 4326 quatuor:
954 4252 1338 4329 Aegyptium,
1372 4253 1604 4312 hebrai-

323 4357 475 4408 cum,
511 4340 970 4408 macedonicum,
1004 4361 1331 4411 romanum,
1367 4343 1602 4419 opusab

322 4428 572 4488 eruditis
615 4430 1013 4488 collaudatum
1043 4426 1109 4511 ²).
1168 4464 1258 4473 —
1302 4432 1604 4490 Maternus

322 4519 369 4576 B
388 4536 418 4576 e
434 4538 464 4576 r
480 4518 501 4576 l
516 4537 547 4577 e
561 4538 592 4576 r
613 4515 691 4599 (fl.
722 4515 915 4600 1555)
939 4523 1131 4579 rector
1151 4520 1428 4579 ecclesiae
1458 4540 1603 4597 gue-

322 4607 756 4666 berwilerensis
805 4609 1135 4685 germanice
1178 4609 1318 4667 stilo
1351 4610 1603 4685 implexo

1670 797 1774 837 sus
1807 778 2100 839 Venero
2146 778 2209 838 0.
2261 778 2462 837 Praed.
2508 779 2838 855 Burgensis
2873 776 2955 859 (n.

1676 879 1773 931 16.
1808 869 1939 943 Maj.
1980 876 2185 937 14ss;
2230 865 2266 935 †
2302 876 2398 929 24.
2433 866 2574 925 Jun.
2619 863 2811 950 1545)
2850 887 2956 926 an-

1669 958 1858 1033 tiquis
1887 957 2242 1033 praesertim
2288 974 2350 1015 se
2393 955 2561 1014 dedit
2590 957 2956 1016 excutiendis

1670 1046 1934 1105 historiis
1968 1050 2149 1121 atque
2181 1045 2493 1114 chroniciS,
2526 1064 2595 1103 ex
2616 1045 2834 1121 quibus
2855 1046 2955 1104 de·

1667 1135 1878 1195 libavit
1907 1143 1966 1193 et
1998 1135 2341 1210 compilavit
2370 1135 2753 1194 Enchiridion
2784 1137 2954 1195 0113.-

1668 1226 1810 1283 nuel
1843 1225 1914 1283 de
1945 1225 2035 1284 los
2067 1224 2340 1299 tiempos,
2373 1224 2462 1282 ed.
2505 1234 2554 1285 1.
2586 1223 2652 1282 in
2672 1223 2958 1299 Hispania

1681 1323 1841 1376 1526
1877 1314 1973 1372 vol
2014 1323 2211 1384 1527;
2268 1323 2433 1377 1540
2483 1312 2571 1370 ed.
2625 1321 2679 1375 2.
2712 1314 2786 1371 ab
2819 1331 2955 1372 auc-

1667 1405 1798 1462 tore
1849 1404 2161 1461 emendata
2210 1406 2271 1461 et
2318 1402 2604 1477 producta
2650 1402 2724 1460 ad
2773 1402 2827 1460 h.
2872 1421 2955 1473 a.;

1668 1491 2058 1551 Salmanticae
2114 1501 2319 1561 15453
2369 1491 2729 1566 Antverpiae
2788 1501 2947 1554 1551

1667 1581 1732 1639 in
1767 1589 1839 1651 83
1898 1590 2098 1649 1554;
2146 1580 2337 1640 Toleti
2383 1589 2541 1642 1569
2591 1584 2836 1639 auctum
2882 1580 2956 1639 ab

1667 1670 1786 1729 alio
1817 1670 1891 1729 ad
1923 1670 1979 1728 h.
2013 1690 2095 1741 a.;
2154 1678 2312 1733 1587
2351 1669 2768 1729 continuatum
2799 1670 2874 1727 ad
2905 1689 2953 1727 a.

1676 1767 1878 1829 15823
1924 1759 2223 1835 Compluti
2282 1767 2446 1821 1640
2497 1758 2718 1817 iterum
2765 1758 2956 1818 conti·

1667 1852 1937 1911 nuatum.
2000 1848 2124 1908 Las
2167 1848 2331 1906 vidae
2377 1848 2450 1906 de
2494 1865 2537 1905 s.
2573 1848 2807 1907 Lesmes
2836 1867 2876 1923 y
2909 1865 2955 1906 s.

1668 1937 1896 1996 Casilda
1926 1957 1967 2013 y
2000 1937 2071 1996 de
2103 1940 2264 1996 otros
2299 1936 2511 1995 Santos
2542 1936 2614 1994 de
2647 1936 2701 1994 la
2733 1936 2954 1995 diocesi

1667 2027 1740 2085 de
1772 2028 2023 2103 Burgos,
2058 2027 2281 2103 Burgis
2323 2025 2955 2088 1563.—-Historiam

1667 2116 1762 2175 sui
1792 2116 2076 2192 temporis
2109 2116 2184 2174 ab
2216 2134 2267 2173 a.
2309 2124 2739 2177 1494—1544
2775 2115 2950 2181 11.,45

1666 2205 2003 2280 complexus
2071 2208 2162 2263 est
2222 2204 2514 2262 Paulus
2575 2203 2857 2263 Jovius
2887 2202 2951 2283 l),

1666 2294 1966 2353 Comensis
2009 2312 2065 2351 n.
2109 2303 2204 2355 19.
2246 2294 2387 2368 Apr.
2445 2300 2626 2356 1483.
2689 2294 2742 2351 A
2773 2292 2955 2351 fratre

1665 2401 1775 2442 suo
1819 2383 2142 2442 Benedicto
2192 2381 2429 2458 egregie
2492 2382 2610 2440 fuit
2659 2382 2724 2440 in
2774 2382 2954 2441 variis

1664 2561 1951 2637 agnoscit.
1999 2560 2228 2619 Patavii
2260 2560 2588 2636 discipulus
2622 2566 2748 2618 erat
2779 2561 2952 2618 Pom-

1665 2650 1908 2727 ponatii.
1968 2650 2256 2710 Lauream
2285 2650 2350 2708 in
2380 2649 2674 2709 medicina
2703 2649 2954 2724 adeptus

1662 2741 1922 2817 primum
1968 2744 2098 2799 erat
2141 2739 2341 2816 magni
2374 2739 2633 2799 nominis
2671 2739 2954 2798 medicus.

1662 2830 1756 2888 Ab
1806 2829 2104 2888 Hadriano
2154 2827 2251 2888 VI.
2300 2828 2498 2887 dictus
2560 2834 2654 2887 est
2715 2829 2953 2887 canoni-

1663 2937 1769 2978 cus
1802 2918 2106 2990 comensis,
2151 2937 2187 2977 a
2218 2917 2518 2977 Clemente
2550 2916 2677 2976 VII.
2725 2919 2952 2993 episco-

1663 3026 1778 3083 pus
1809 3008 2131 3067 nucerinus
2149 3051 2163 3078 ,
2210 3007 2306 3065 cui
2339 3010 2542 3066 tamen
2576 3006 2700 3065 sedi
2732 3025 2952 3066 renun-

1664 3097 1847 3155 ciavit
1879 3094 1940 3177 (†
1983 3108 2074 3158 11.
2109 3097 2245 3155 Dec·
2290 3094 2498 3173 1552).
2539 3096 2771 3155 Prodiit
2802 3114 2953 3171 opus

1663 3186 1996 3244 Florentiae
2052 3195 2233 3248 1550.
2291 3195 2454 3248 1552
2491 3187 2535 3242 t.
2572 3194 2605 3245 2
2642 3185 2705 3242 in
2736 3184 2793 3254 f.,
2844 3187 2951 3243 Pa-

1663 3274 1823 3333 risiis
1862 3284 2228 3338 1558-60.
2289 3273 2606 3331 Perierunt
2653 3278 2852 3332 tamen
2889 3275 2951 3331 in

1664 3363 1997 3438 direptione
2031 3362 2201 3421 Urbis
2231 3363 2295 3423 ll.
2318 3372 2351 3424 5
2369 3373 2504 3432 -11,
2538 3367 2599 3420 et
2630 3363 2693 3424 ll.
2736 3373 2808 3424 19
2826 3395 2848 3406 ·
2868 3371 2948 3424 24

1662 3471 1784 3512 non
1831 3451 2065 3526 scripsit
2111 3453 2354 3526 propter
2396 3451 2706 3509 materiam
2751 3451 2951 3509 minus

1663 3545 1909 3616 gratam.
1946 3540 2161 3598 Narrat
2180 3540 2333 3597 facta
2365 3540 2510 3597 satis
2540 3539 2711 3607 belle,
2746 3540 2952 3599 ordine

1663 3629 1967 3699 concinno,
2015 3629 2329 3705 perspicuo
2376 3628 2523 3697 ,sed
2554 3647 2662 3686 suo
2695 3629 2950 3703 quodam

1663 3718 1898 3777 dicendi
1945 3736 2157 3794 genere
2202 3717 2415 3793 grandi
2446 3735 2510 3776 ac
2547 3717 2678 3776 fuso
2711 3722 2772 3776 et
2801 3718 2952 3776 bene

1664 3808 1920 3878 sonanti,
1953 3826 1988 3865 a
2019 3825 2137 3881 quo
2168 3810 2367 3864 tamen
2388 3824 2561 3882 saepe
2582 3807 2752 3865 abest
2771 3809 2948 3865 casti-

1660 3900 1753 3955 tas
1786 3941 1798 3953 .
1833 3941 1845 3953 .
1880 3941 1893 3954 .
1927 3896 2213 3955 orationis
2236 3892 2312 3974 2).
2375 3895 2701 3965 ,Quidam‚
2748 3896 2949 3972 inquit

1663 3986 1833 4044 Mich.
1867 4005 1899 4042 a
1933 4003 1976 4043 s.
2009 3984 2234 4059 Joseph
2256 3979 2341 4064 3),
2389 3984 2453 4042 in
2484 3984 2649 4044 Jovii
2683 3984 2948 4045 historiis

1659 4075 2043 4149 integriorem
2088 4073 2262 4131 fidem
2307 4076 2370 4131 et
2409 4075 2699 4132 calamum
2747 4075 2948 4133 minus

324 4163 377 4219 ll.
410 4167 518 4236 20,
551 4162 913 4237 Antverpiae
942 4173 1126 4233 1540,
1162 4164 1257 4222 cui
1279 4163 1493 4240 adjecit
1512 4183 1602 4223 ca·
1668 4222 1672 4225 ⁴
3034 4152 3044 4161 ’

1739 4319 1774 4384 ι)
1802 4314 1940 4385 Ejus
1984 4317 2159 4369 frater
2204 4315 2246 4368 B
2264 4332 2293 4368 e
2310 4333 2347 4367 n
2366 4332 2394 4368 e
2411 4316 2447 4369 d
2464 4315 2482 4368 i
2500 4332 2528 4369 c
2547 4318 2572 4370 t
2587 4333 2622 4368 u
2642 4335 2666 4368 s
2717 4317 2950 4386 scripsit

1659 4390 1940 4441 Historiae
1967 4386 2186 4456 patriae
2224 4387 2341 4440 sive
2368 4391 2791 4442 Noviocomensis
2815 4392 2868 4442 ll.
2894 4395 2945 4453 2,

1659 4458 1720 4511 in
1748 4457 1977 4512 Graevii
2007 4459 2152 4538 thes.
2178 4458 2360 4526 antiq.
2390 4461 2431 4513 t.
2459 4459 2553 4511 IV.

1732 4533 1775 4668 {3
1803 4528 2238 4662 giiissnffelr‘iis
2255 4546 2355 4665 15¹?ss
2376 4535 2514 4660 iis:
2543 4601 2727 4656 Fener
2755 4603 2819 4666 v,
2849 4607 2944 4662 33:

1660 4670 1929 4726 Schroedl
2023 4672 2086 4728 L.
2125 4672 2201 4724 Vl
2243 4676 2411 4732 1904;
2463 4673 2794 4727 Tiraboschi
2823 4675 2944 4731 Vll.

1742 4748 1792 4800 ⁶2.
1821 4742 1858 4798 l.
1885 4747 1937 4799 3.
1978 4761 2022 4799 c.
2052 4748 2080 4800 1
2125 4761 2180 4795 n.
2208 4748 2275 4799 37
2304 4761 2376 4798 s.:
2429 4745 2769 4813 praeprimis
2811 4761 2942 4799 vero

400 4817 436 4881 ¹)
465 4809 547 4864 Cf.
576 4811 820 4865 Roersch
848 4812 1037 4882 Biogr.
1054 4816 1172 4866 nat.
1190 4811 1258 4866 de
1275 4813 1433 4884 Belg.
1453 4813 1600 4878 xm,
1660 4761 1826 4868 g'iov.
1871 4814 2021 4867 Batt.
2068 4814 2273 4869 Giovio
2318 4814 2523 4885 Elegio
2569 4815 2627 4868 di
2674 4815 2852 4870 Mons.
2883 4816 2941 4870 P.

318 4885 424 4938 933
451 4900 551 4940 ss.;
582 4881 843 4953 Foppens
873 4884 912 4947 1,
940 4889 1061 4940 173.

1660 4884 1864 4940 Giovio
1892 4887 1946 4940 lo
1973 4886 2213 4946 Storico‚
2242 4887 2484 4940 Modena
2513 4891 2670 4944 1778.
