3475 5364
667 374 746 452 45
767 401 786 452 1
910 385 1318 438 12766--1300.
1340 379 1533 437 Theol.
1549 378 1820 450 practica.
1837 378 2053 451 Aigler,
2072 378 2314 447 conrad,
2331 378 2626 445 wernher,
2641 380 2934 432 Hermann
2947 380 3064 435 etc.
3179 394 3287 449 452

662 564 781 643 poli
819 576 985 628 1640
1020 566 1084 624 in
1114 566 1150 623 f.
1185 569 1246 625 et
1274 567 1339 624 in
1369 566 1511 624 bibl.
1543 567 1798 625 maxima
1840 586 1937 642 pp.
1997 584 2108 624 asc.
2143 564 2321 624 medii
2352 566 2480 624 aevi
2512 568 2554 621 t.
2592 565 2679 633 11.,
2728 564 3068 634 Quaracchi
3113 575 3288 626 1904-

664 655 826 732 lugd.
873 657 913 713 t.
947 655 1118 713 XXV.
1181 655 1694 732 Autobiographia
1739 658 1939 714 autem
1996 688 2084 697 —
2115 654 2580 712 Wernherus
2611 655 2799 713 lector
2830 654 3288 719 ratisbonensis,

659 744 851 821 ipsius
869 745 1252 819 proutinunc
1271 749 1480 814 exstat,
1503 744 1686 804 dubia
1700 744 1942 804 videtur
1998 744 2169 819 cujus
2202 744 2339 802 Pez
2384 743 2420 800 l.
2456 744 2906 820 Soliloquiorum
2940 744 3124 818 pium
3159 761 3291 800 sane

662 834 754 891 vel
787 834 1158 910 interpolata.
1998 837 2059 891 et
2089 832 2371 891 subtilem
2402 832 2467 890 in
2498 832 2860 891 bibliotheca
2890 851 3014 890 asc.
3042 830 3146 897 IV,
3186 844 3290 893 41-

2001 928 2078 985 87
2104 922 2392 998 vulgavit,
2427 940 2548 980 non
2579 921 2822 980 videtur
2854 938 2993 980 esse
3030 921 3195 978 alius
3225 920 3291 977 ab

785 1021 929 1076 237.
1021 1011 1465 1070 Bernardus
1525 1011 1939 1088 Aiglerius
1997 1011 2102 1070 illo
2148 1011 2502 1069 Wernero
2549 1009 2612 1068 Ο.
2663 1011 2820 1080 Min„
2870 1012 2982 1086 qui
3036 1030 3089 1067 a.
3135 1017 3288 1071 1266

662 1100 818 1158 OSB.
870 1119 939 1159 ex
989 1101 1200 1160 abbate
1249 1100 1533 1159 lerinensi
1586 1095 1813 1183 (1256)
1866 1100 1941 1158 ab
1997 1100 2283 1159 Bavariae
2333 1099 2636 1159 custodem
2684 1101 2811 1176 egit
2855 1104 3048 1174 atque
3094 1119 3132 1157 a
3163 1117 3290 1174 pro·

662 1189 898 1248 Urbano
945 1189 1039 1247 IV.
1090 1190 1282 1249 factus
1321 1190 1504 1248 abbas
1521 1184 1567 1269 1)
1619 1190 1942 1249 casinensis
1996 1189 2238 1248 vinciali
2270 1189 2517 1247 Alberto
2550 1189 2900 1247 mandatum
2932 1188 3196 1263 accepit,
3229 1190 3293 1244 ut

660 1298 708 1336 a.
756 1288 936 1348 1263,
989 1278 1145 1338 inter
1176 1279 1421 1337 abbates
1472 1279 1723 1337 celebris
1757 1279 1940 1354 hujus
1997 1296 2201 1336 omnes
2239 1277 2603 1354 guardianos
2634 1280 2698 1336 et
2728 1277 3192 1347 concionatores
3225 1276 3291 1333 ad

659 1368 1003 1426 monasterii
1036 1368 1291 1445 insignis
1324 1368 1457 1439 suit,
1492 1386 1602 1427 sec.
1625 1387 1762 1427 vero
1783 1367 1939 1427 xm.
1998 1367 2498 1444 promulgandum
2544 1384 2780 1425 sacrum
2824 1366 3066 1425 bellum
3104 1366 3294 1426 horta·

657 1457 1028 1532 praecipuae.
1088 1457 1292 1516 Plures
1325 1456 1641 1533 scriptores
1673 1456 1943 1516 referunt
1996 1460 2183 1514 retur.
2219 1490 2303 1498 —
2340 1456 2758 1515 Hermanni
2791 1455 2862 1514 de
2884 1454 3291 1533 Minda(h1in·

661 1545 1106 1621 eumdignitate
1122 1546 1938 1606 cardinalitiaabUrbanoIV.
1998 1541 2141 1626 den)
2177 1544 2240 1604 Ο.
2279 1544 2480 1602 Praed.
2528 1545 2867 1621 provinciae
2914 1544 3292 1621 germanicae

656 1633 845 1693 fuisse
878 1635 1247 1709 honoratum,
1296 1654 1447 1710 quae
1491 1638 1692 1693 tamen
1729 1636 1940 1694 relatio
1999 1634 2325 1710 praepositi
2357 1631 2419 1713 (†
2452 1653 2507 1708 p.
2551 1632 2764 1714 1224),
2814 1634 2929 1691 viri
2961 1633 3204 1692 strenui
3239 1639 3292 1689 et

659 1723 910 1782 veritate
942 1743 1064 1783 non
1095 1724 1315 1783 nititur
1361 1722 1422 1805 (†
1456 1734 1511 1787 4.
1545 1726 1684 1800 Apr.
1726 1720 1938 1805 1282).
1997 1723 2071 1781 de
2105 1723 2422 1799 disciplina
2472 1723 2750 1799 religiosa
2799 1723 3136 1781 admodum
3183 1722 3290 1780 sol-

661 1811 928 1887 Reliquit
954 1813 1190 1890 insigne
1210 1812 1384 1887 plane
1408 1812 1713 1889 Speculum
1733 1813 1806 1871 de
1830 1815 1937 1882 his,
1999 1811 2150 1870 liciti
2195 1813 2465 1887 epistolas
2535 1812 2771 1887 aliquot
2830 1812 3026 1871 edidit
3096 1811 3287 1878 Finke,

659 1900 734 1958 ad
764 1902 1009 1977 quaein
1055 1903 1419 1977 professione
1468 1902 1772 1979 obligatur
1817 1922 1937 1961 mo·
2001 1900 2420 1981 Ungedruckte
2494 1900 3118 1960 Dominikanerbriefe
3194 1900 3287 1957 des

656 1991 896 2060 nachu8‚
948 1996 1010 2049 et
1040 2010 1193 2067 quae
1240 1992 1364 2049 sint
1408 1992 1471 2049 in
1516 1992 1740 2068 regula,
1790 2010 1939 2066 quae
2006 2000 2100 2053 13.
2152 1989 2377 2059 Jahrb„
2431 1990 2770 2049 Paderborn
2829 1999 3024 2059 1891,
3081 1988 3191 2065 qui
3236 1992 3288 2046 et

659 2078 916 2138 habeant
951 2081 1070 2139 vim
1116 2080 1431 2155 praecepti,
1478 2099 1628 2155 quae
1674 2080 1939 2139 mandati
1995 2079 2165 2138 docte
2196 2079 2269 2137 de
2301 2078 2507 2138 eodem
2539 2080 2616 2137 ib.
2645 2098 2699 2154 p.
2728 2088 2994 2142 22—43
3035 2078 3283 2137 disserit.

658 2175 719 2226 et
757 2188 907 2244 quae
951 2170 1212 2227 consilii:
1260 2170 1418 2245 quod
1464 2170 1821 2243 opusculum
1863 2170 1939 2228 ob
1994 2168 2262 2242 Reliquit
2294 2169 2583 2243 quaedam
2615 2167 2841 2227 inedita
2872 2168 2948 2226 ad
2977 2169 3090 2244 jus
3127 2184 3282 2240 spec-

658 2259 1256 2332 suampraestantiam
1271 2260 1621 2334 magnoerat
1640 2258 1939 2317 sodalibus
1994 2258 2190 2315 tantia
2218 2260 2581 2317 canonicum.
2619 2292 2701 2300 -
2736 2259 2819 2315 De
2847 2256 3214 2316 Conrado
3255 2275 3282 2311 a

657 2346 815 2411 usui.
864 2347 1002 2405 hinc
1043 2348 1278 2423 saepius
1310 2347 1539 2405 editum
1572 2350 1641 2406 ut
1677 2348 1939 2406 Venetiis
1997 2346 2161 2405 Mure
2197 2342 2426 2427 (Muri),
2463 2346 2899 2423 ludimagistrO,
2943 2346 3091 2405 dein
3126 2364 3280 2422 prae·

665 2445 864 2506 15053
899 2435 1139 2494 Parisiis
1178 2448 1380 2506 1507;
1422 2435 1694 2495 Coloniae
1741 2446 1935 2504 152ος
1996 2442 2235 2494 centore
2281 2436 2558 2494 ecclesiae
2605 2436 2907 2512 tigurinae
2957 2444 3021 2494 et
3057 2434 3278 2493 scholae

664 2533 849 2593 1616,
873 2528 1193 2600 nostraque
1209 2528 1399 2584 aetate
1417 2526 1636 2583 iterum
1659 2543 1936 2584 recusum
1995 2524 2298 2583 carolinae
2346 2528 2574 2583 rectore
2622 2521 2682 2607 (†
2719 2534 2817 2587 30.
2852 2524 3028 2582 Mart.
3075 2526 3276 2599 1281)-

654 2613 935 2691 Friburgi
968 2614 1003 2671 i.
1037 2614 1102 2672 Β.
1145 2625 1327 2676 1901.
1382 2614 1527 2690 Ejus
1560 2612 1840 2689 expositio
1872 2615 1934 2671 in
1993 2613 2096 2690 qui
2126 2614 2303 2689 juxta
2353 2613 2823 2692 Eisengrein
2883 2614 2954 2671 ad
3011 2633 3063 2671 a.
3123 2620 3273 2675 1273

655 2703 918 2779 regulam
955 2722 998 2761 s.
1034 2704 1342 2762 Benedicti
1381 2704 1605 2779 prodiit
1636 2724 1757 2762 cur.
1791 2707 1933 2762 Ans.
1992 2706 2120 2762 erat
2146 2704 2280 2772 ,vir
2309 2703 2753 2773 disertissimus,
2789 2723 2909 2762 non
2942 2704 3149 2762 minus
3169 2702 3276 2760 vita

657 2791 856 2866 Caplet
889 2792 1087 2851 Monte
1122 2793 1330 2851 Casino
1384 2802 1570 2856 1894.
1617 2814 1703 2836 ·——
1757 2794 1930 2852 Con·
1991 2812 2168 2867 quam
2204 2793 2542 2868 eloquentia
2591 2794 2802 2860 clarus,
2857 2803 3134 2851 veterum
3173 2792 3274 2848 lec-

657 2880 893 2958 radus
982 2881 1055 2939 de
1146 2882 1475 2942 Saxonia
1566 2877 1933 2966 (Holzinger)
1989 2882 2152 2940 tione
2183 2881 2367 2952 dives,
2399 2882 2637 2958 ingenio
2672 2881 2926 2951 subtilis„
2968 2883 3275 2956 theologus

657 2970 1124 3028 Brunswicensis
1159 2971 1222 3029 Ο.
1258 2971 1393 3029 Min.
1442 2967 1502 3052 (†
1544 2967 1734 3050 1279)
1776 2991 1928 3030 com·
1991 2970 2342 3046 profundus,
2432 2975 2630 3031 orator
2706 2973 3013 3046 eloquens,
3114 2976 3272 3045 poeta

656 3058 862 3134 posuit
904 3059 1239 3133 piissimum
1288 3060 1592 3135 Speculum
1623 3061 1670 3119 b.
1706 3062 1935 3118 Mariae
1991 3060 2188 3135 gravis
2236 3067 2298 3119 et
2341 3060 2755 3136 ingenio-ms‘,
2808 3059 2871 3117 cf
2902 3059 2968 3117 G.
3004 3058 3189 3118 Morel
3216 3057 3270 3114 in

668 3147 906 3217 V.‚olim
924 3149 1768 3208 s.Bonaventu1·aetributum.
1794 3151 1933 3208 Pro-
1993 3149 2044 3206 N
2051 3168 2220 3206 euem
2244 3150 2770 3208 Schweizerischen
2804 3150 3074 3207 Museum
3113 3146 3271 3206 Basel

655 3236 769 3294 diit
789 3236 960 3295 modo
981 3238 1235 3313 subejus
1256 3238 1495 3296 nomine
1510 3239 1574 3296 in
1590 3238 1734 3296 bibl.
1751 3239 1931 3298 franc.
1994 3237 2041 3294 V
2077 3233 2319 3320 (1865),
2369 3247 2660 3308 29—623
2709 3239 2883 3314 Wyss
2931 3240 3073 3316 allg.
3107 3237 3161 3294 d.
3197 3235 3266 3292 Bi.

1996 3335 2096 3394 23,
2136 3337 2246 3393 57;
2281 3327 2527 3385 Michael
2554 3328 2660 3396 ΙΙΙ,
2700 3336 3072 3390 314-318.
3127 3325 3266 3384 Reli-

1993 3417 2126 3490 quit
2157 3416 2315 3474 enim
2349 3416 2568 3492 scripta
2599 3416 2916 3476 almodum
2952 3415 3185 3475 erudita
3210 3414 3264 3470 in

653 3423 818 3478 Anal.
866 3424 999 3479 boll.
1025 3426 1127 3479 XV
1155 3428 1336 3497 (1896)
1382 3428 1439 3478 et
1477 3425 1618 3481 Lud.
1662 3425 1936 3479 Antenori

654 3496 713 3549 in
768 3496 1075 3578 ssouetuno
1140 3497 1293 3579 della
1356 3497 1578 3551 Societa
1640 3497 1699 3549 di
1750 3498 1936 3552 Storia
1991 3504 2423 3580 discipulorum
2442 3505 2781 3574 utilitatem,
2815 3507 3018 3564 omnia
3039 3523 3159 3564 uno
3178 3521 3262 3560 ex·

653 3567 847 3620 Patria
874 3569 1027 3637 neg-h
1056 3570 1295 3622 Abruzzi
1322 3568 1416 3632 Vl,
1442 3573 1710 3624 81—107.

668 3663 671 3666 ,
735 3639 879 3764 ,3Οῇ
919 3640 1288 3710 Ziegelbauer
1328 3640 1382 3694 1.
1405 3657 1448 3695 Ο.
1490 3648 1517 3706 5
1557 3645 1652 3697 17:
1695 3639 1934 3693 Studien
1962 3615 1966 3692 3
1993 3603 2161 3668 cepto
2194 3594 2387 3654 forma
2418 3595 2675 3665 metrica,
2730 3594 2833 3653 sed
2882 3596 3006 3654 fere
3038 3592 3258 3653 inedita

654 3728 730 3764 un

815 3711 1002 3771 Mitth,
1043 3728 1146 3764 aus
1192 3713 1320 3765 dem
1348 3711 1965 3794 Benediktinerorden1
1993 3683 2329 3783 Erztpoeta
2357 3684 2678 3784 laureatus,
2713 3685 2937 3743 artium
2973 3683 3257 3761 magister.

653 3783 781 3836 XXI
804 3787 1089 3839 411—423
1116 3787 1314 3855 (1900).
1961 3792 2137 3849 'Juns
2170 3792 2436 3831 canonici
2469 3772 2689 3833 doctor.
