3475 5364
1079 332 1253 396 Sorio‚
1282 331 1621 401 Aquilanus‚
1650 332 1904 386 Andreas
1931 333 2086 402 Vega.
2114 334 2215 387 etc.

344 350 509 405 1389
2780 333 2947 403 1390

338 518 528 576 mitiis
591 517 817 577 ordinis
878 517 1097 576 ibidem
1159 516 1379 575 habitis
1432 517 1616 576 studii
1672 520 1796 575 tate
1827 520 2056 576 exortas
2072 514 2137 598 1).
2199 517 2495 577 Disseruit
2537 519 2606 575 de
2631 519 2745 591 fide
2776 524 2825 575 et
2854 537 2948 576 sa-

339 606 629 685 generalis
645 607 1082 666 barcinonensis
1096 623 1307 683 regens
1320 607 1615 665 estdatus.
1672 609 1982 665 crementis
2012 608 2067 665 ll.
2091 609 2148 677 2,
2184 606 2490 666 Cracoviae
2518 615 2716 677 1545;
2750 607 2949 684 Ingol-

341 696 826 773 Congregationis
860 695 1203 772 disciplinae
1236 696 1537 773 rigidioris
1553 695 1617 754 in
1673 696 1851 753 stadii
1878 705 2070 766 15463
2104 697 2411 773 Augustae
2427 696 2598 755 Taur.
2627 696 2872 759 1549ἰο
2892 705 2947 757 4.

339 786 634 862 Aragonia
665 774 888 845 electus
920 789 1013 844 est
1030 784 1291 844 vicarius
1322 785 1615 862 generalis
1674 818 1759 826 —
1792 784 1881 843 De
1911 785 2022 843 Dei
2050 786 2402 862 hominisque
2432 785 2717 859 operibus,
2763 784 2948 844 Vene-

341 870 768 955 (1500—12),
803 879 982 949 atque
1014 875 1296 933 Dertosae
1329 894 1377 933 a.
1414 883 1493 937 25
1524 893 1616 933 re·
1671 874 1776 932 tiis
1819 883 2001 944 1554,
2037 874 2161 950 egit
2204 874 2671 933 Vincentius
2720 875 2950 951 Aqui-

338 964 429 1023 xit
490 963 825 1023 cathedram
874 964 1286 1040 theologalem.
1352 964 1617 1022 Decessit
1672 963 1907 1021 lanus
1951 963 2013 1021 O.
2047 965 2188 1026 Min.
2223 964 2394 1022 Conv.
2442 965 2745 1022 Bononiae
2777 983 2947 1041 gym-

340 1053 679 1112 centenario
712 1054 918 1127 major,
953 1073 1001 1110 a.
1036 1053 1418 1127 professionis
1439 1054 1618 1117 82.οῐ
1672 1053 1824 1111 nasii
1854 1071 2080 1129 regens.

347 1142 620 1217 ampliuS,
685 1142 900 1216 spiritu
975 1145 1221 1218 vegetus
1283 1144 1345 1199 et
1404 1141 1614 1200 alacris

340 1242 588 1305 semper,
640 1249 747 1289 nec
799 1232 963 1306 prius
1010 1229 1286 1289 studendi
1319 1230 1495 1289 finem
1528 1231 1616 1289 fa.-
1767 1240 1909 1293 642.
1929 1231 2209 1305 Sequitur
2217 1232 2342 1306 jam
2367 1230 2530 1289 aliud
2546 1230 2952 1306 splendidissi-

340 1321 496 1378 ciens
545 1339 722 1395 quam
777 1319 1012 1378 vivendi
1067 1328 1164 1382 27.
1213 1319 1372 1394 Sept.
1433 1328 1614 1383 1557.
1672 1338 1838 1377 mum
1870 1320 2201 1397 theologiae
2232 1320 2598 1396 dogmaticae
2620 1319 2950 1378 decusAn·

339 1409 604 1467 Plurima
635 1408 880 1484 reliquit
901 1408 1136 1484 scripta,
1172 1427 1203 1466 e
1237 1408 1454 1484 quibus
1478 1427 1615 1485 pro·
1674 1407 1896 1467 dreas
1946 1409 2015 1466 de
2066 1405 2324 1490 Vegass)
2369 1409 2432 1467 Ο.
2469 1409 2604 1467 Min.
2655 1428 2775 1486 reg.
2808 1409 2948 1477 obs,

338 1498 513 1556 diisse
546 1498 861 1574 leguntur:
915 1498 1006 1555 Tr.
1040 1499 1161 1555 tres
1195 1499 1264 1556 de
1296 1498 1344 1555 b.
1382 1498 1619 1556 Mariae
1674 1498 2062 1574 Segoviensis,
2081 1498 2312 1574 generis
2340 1497 2652 1558 nobilitate
2680 1498 2949 1566 illustriS,

350 1582 415 1647 V.
432 1588 781 1664 yenealoyia,
793 1587 1056 1662 cognatis
1068 1590 1125 1644 et
1143 1587 1615 1664 consanguineis;
1675 1588 1899 1646 virtute
1931 1591 1989 1645 et
2021 1587 2310 1663 religione
2341 1587 2648 1658 illustrior,
2684 1587 2783 1645 sed
2818 1587 2950 1646 doc-

339 1676 410 1734 (ἶο
442 1676 643 1733 triduo
676 1675 890 1734 Christi
934 1676 997 1734 in
1043 1677 1346 1751 sepulcr03
1394 1676 1464 1734 de
1507 1676 1616 1734 tri·
1672 1676 1833 1734 trina
1863 1677 2039 1752 longe
2068 1676 2529 1735 illustrissimus.
2563 1676 2951 1735 Salmanticae

338 1764 478 1841 plici
510 1764 858 1840 Magdalena
891 1764 1173 1823 adversus
1205 1765 1245 1823 J
1248 1783 1327 1823 ac.
1361 1766 1616 1823 Fabrum

340 1853 778 1929 Stapulensem3
831 1847 1148 1912 Conciones
1181 1854 1252 1911 de
1285 1855 1339 1911 b.
1374 1854 1616 1932 Virgine

340 1943 463 2001 sive
496 1943 765 2018 Mariale,
802 1943 1088 2001 Dertusae
1128 1950 1292 2006 1538
1328 1943 1391 2001 in
1427 1954 1497 2015 4;
1548 1945 1618 2001 de

338 2034 551 2090 sanctis
582 2032 704 2090 sive
737 2032 1091 2101 Sanctorale‚
1126 2031 1203 2089 ib.
1245 2041 1410 2095 1538
1447 2033 1511 2091 in
1545 2040 1614 2103 43

346 2122 441 2178 Tr.
491 2128 690 2178 contra
739 2128 945 2193 septem
994 2121 1372 2196 blasphemias
1417 2122 1615 2196 cujus·

339 2209 502 2267 modi
537 2213 680 2267 sunt
711 2209 1008 2267 Christum
1060 2228 1189 2267 esse
1220 2210 1407 2268 filium
1442 2213 1616 2268 natu-

337 2299 524 2357 ralem
545 2316 588 2356 s.
610 2297 648 2355 J
652 2298 872 2373 osephi‚
908 2299 1067 2357 hunc
1084 2300 1209 2356 sine
1232 2302 1475 2373 peccato
1499 2299 1613 2357 ori-

338 2387 523 2463 ginali
555 2405 683 2444 esso
727 2391 1093 2462 conceptum,
1141 2390 1200 2445 et
1249 2406 1373 2446 esse
1419 2388 1617 2448 animo

340 2480 402 2534 et
446 2494 685 2551 corpore
734 2476 797 2533 in
841 2476 1198 2534 eucharistia
1242 2470 1615 2552 praesentem

338 2568 445 2628 etc.
496 2584 565 2622 ex
615 2583 688 2623 ss
737 2565 850 2628 PP.
910 2565 1261 2624 auctoritate
1323 2565 1616 2641 dictisque

339 2652 659 2725 confectus,
694 2654 999 2713 Valentiae
1041 2664 1239 2726 15113
1291 2655 1616 2715 Bartinone

348 2753 509 2806 1522
547 2745 611 2802 in
634 2756 687 2804 4.
722 2779 809 2787 —
841 2744 1154 2820 Philippus
1184 2745 1616 2803 Archintus

273 2899 285 2905 ,
338 2833 808 2902 Mediolanensis‚
846 2853 894 2892 a.
933 2843 1012 2896 ‘20
1058 2835 1195 2909 jam·
1207 2834 1361 2909 juris
1395 2834 1614 2905 doctor,

338 2941 648 2981 causarum
680 2926 1000 2997 patronum
1023 2923 1146 2998 egit
1166 2926 1345 2997 atque
1365 2923 1451 2982 ita
1470 2924 1616 2982 emi-

338 3013 481 3080 cuit,
529 3014 600 3069 ut
632 3015 833 3069 orator
876 3011 1218 3070 mitteretur
1256 3031 1304 3069 a.
1346 3022 1508 3075 1527
1546 3012 1619 3070 ad

338 3101 607 3158 Carolum
645 3099 730 3168 V.,
779 3102 873 3157 cui
925 3099 1178 3159 feliciter
1225 3102 1474 3175 patriam
1527 3121 1617 3159 re-

339 3188 694 3255 conciliavit,
730 3188 1000 3263 quamvis
1050 3189 1151 3246 alii
1186 3193 1446 3248 oratores
1479 3194 1617 3248 ante

336 3278 534 3352 ipsum
566 3277 734 3335 missi
766 3277 1023 3335 fuissent
1071 3277 1327 3335 inauditi
1372 3279 1615 3337 dimissi.

342 3368 475 3441 Ipse
507 3366 828 3441 imperator
876 3384 1006 3423 eum
1043 3385 1076 3423 a
1108 3366 1369 3424 consiliis
1403 3368 1619 3425 habere

340 3455 534 3512 voluit
566 3454 844 3529 misitque
867 3456 1128 3530 legatum
1151 3454 1223 3512 ad
1244 3456 1496 3513 Paulum
1517 3455 1617 3513 111.

342 3540 586 3624 (1535),
636 3543 738 3618 qui
783 3562 916 3601 eum
964 3545 1344 3619 permittente
1378 3545 1618 3604 Caesare

344 3632 520 3690 Urbis
554 3633 1010 3709 gubernatorem
1047 3632 1369 3691 declaravit
1386 3637 1445 3691 et
1460 3635 1615 3708 epis·

337 3723 527 3798 copali
549 3721 751 3780 'infula
772 3722 957 3797 Burgi
987 3740 1028 3779 s,
1052 3722 1319 3797 Sepulcri
1352 3723 1616 3781 donavit:

336 3811 495 3869 unde
555 3821 717 3873 1549
785 3811 857 3868 ad
902 3811 1208 3870 ecclesiam
1257 3810 1617 3869 Salutiarum

336 3901 594 3962 transiit.
628 3900 822 3957 Etiam
855 3901 918 3958 in
951 3899 1082 3957 aliis
1136 3900 1481 3958 difficilibus
1514 3921 1617 3959 ne-

339 3990 522 4065 gotiis
555 4010 587 4046 a
619 3989 899 4064 pontifice
933 3989 1234 4046 adhibitus
1279 3989 1393 4047 fuit
1425 3994 1483 4048 et
1516 3990 1616 4048 de·

339 4079 592 4136 claratus
629 4097 859 4152 praeses
892 4096 1050 4139 conc.
1092 4079 1405 4137 tridentini
1436 4080 1619 4153 pestis

339 4185 513 4224 causa
547 4167 871 4225 Bononiam
903 4167 1206 4224 translati:
1241 4184 1359 4241 quo
1393 4168 1453 4224 in
1487 4188 1616 4226 mu-

342 4273 480 4313 nere
514 4255 892 4313 confirmatus
939 4261 1027 4313 est
1075 4277 1109 4313 a
1158 4256 1323 4313 Julio
1356 4257 1477 4326 111„
1514 4257 1614 4332 qui

339 4364 476 4402 eum
508 4346 568 4402 et
600 4345 861 4420 legatum
882 4365 914 4401 a
934 4345 1119 4402 latere
1141 4344 1415 4402 Venetiae
1436 4347 1614 4404 misit.

337 4435 389 4490 A
423 4434 606 4492 Paulo
638 4433 732 4490 IV.
783 4433 1347 4509 archiepiscopatum
1396 4435 1615 4493 medio·

339 4523 641 4580 lunensem
706 4522 983 4592 obtinuit,
1029 4542 1236 4581 verum
1287 4523 1447 4582 adire
1497 4544 1618 4583 non

337 4611 541 4686 potuit
570 4612 774 4669 morbo
808 4617 1114 4686 correptus
1153 4613 1407 4673 ⁴21.·Jun.
1434 4623 1615 4676 1558.

338 4700 752 4758 Amicissimus
789 4701 906 4759 tuit
938 4720 978 4759 s.
1013 4702 1265 4777 Ignatio,
1288 4721 1463 4776 quem
1479 4703 1614 4777 plu·

337 4790 554 4848 rimum
579 4790 743 4865 juvit
762 4789 834 4846 ad
857 4791 1216 4865 superandas
1240 4790 1617 4850 difficultates

338 4879 401 4936 in
437 4879 808 4937 instituenda
838 4879 1245 4953 firmandaque
1279 4897 1386 4938 sua
1434 4880 1615 4938 socie-

1673 1765 1890 1824 studiis
1908 1784 2144 1841 operam
2161 1765 2404 1823 dederat
2416 1757 2757 1840 ibidemque
2773 1767 2952 1823 etiam

1674 1854 1998 1912 sententias
2036 1854 2299 1912 Durandi
2331 1854 2620 1929 exposuit.
2673 1854 2952 1913 Ordinem

1674 1961 1716 2000 S.
1757 1943 2052 2001 Francisci
2084 1944 2394 2021 ingressus
2429 1943 2709 2019 collegam
2742 1943 2953 2001 habuit

1672 2032 1732 2089 in
1766 2033 2042 2090 cathedra
2069 2033 2441 2108 Alphonsum
2471 2032 2543 2090 de
2564 2033 2782 2091 Castro,
2816 2032 2952 2091 Non

1674 2121 1870 2179 solum
1901 2122 1961 2179 in
1995 2122 2288 2197 theologia
2309 2121 2602 2190 excelluit,
2639 2121 2739 2179 sed
2759 2124 2819 2179 et
2839 2122 2950 2180 lin·

1672 2228 1853 2286 guam
1886 2229 2147 2287 graecam
2185 2211 2388 2268 calluit
2419 2214 2480 2269 et
2511 2211 2857 2269 hebraicam.
2900 2214 2950 2268 A

1672 2299 1877 2357 Carolo
1911 2298 1976 2358 V.
2011 2300 2230 2357 missus
2263 2303 2353 2357 est
2385 2299 2702 2376 theologus
2720 2300 2792 2357 ad
2813 2317 2950 2358 con-

1673 2387 1873 2446 cilium
1925 2388 2340 2458 tridentinum,
2393 2388 2458 2446 in
2506 2407 2625 2464 quo
2671 2407 2807 2447 cum
2840 2389 2951 2446 Do·

1672 2477 1889 2535 minico
1923 2478 2061 2535 Soto
2094 2477 2356 2553 maxime
2389 2473 2747 2559 inclaruitss).
2811 2478 2954 2552 Ejus

1751 2686 1788 2755 ¹)
1818 2681 1900 2737 Cf.
1927 2682 2184 2753 Argelati
2211 2684 2250 2736 Ι.
2279 2703 2334 2754 p.
2362 2689 2393 2739 ζ.)
2423 2701 2552 2752 pag.
2580 2688 2667 2740 73.

1749 2761 1787 2821 ⁹)
1829 2756 1919 2808 Ab
1963 2771 2029 2808 eo
2080 2754 2358 2824 distingui
2410 2755 2578 2809 debet
2628 2754 2777 2808 alius
2827 2756 2953 2806 An-

1674 2826 1890 2880 dreas
1953 2826 2021 2878 de
2087 2827 2282 2896 Vega
2343 2826 2549 2881 sodalis
2613 2825 2769 2880 tertii
2833 2825 2952 2879 ord.

1674 2897 1906 2952 claustr.
1934 2915 1974 2952 a.
2006 2897 2220 2956 Franc..
2248 2897 2351 2965 qui
2377 2899 2560 2951 factus
2602 2901 2689 2950 est
2728 2897 2955 2950 virtuti·

1678 2971 1782 3022 bus
1827 2969 1886 3021 et
1928 2969 2108 3038 signis
2155 2969 2396 3022 illustris
2446 2969 2830 3039 migravitque
2881 2967 2953 3020 ad

1675 3040 1856 3094 Deum
1897 3057 2076 3092 annos
2117 3041 2262 3093 forte
2303 3045 2473 3094 natus
2512 3045 2632 3103 110,
2669 3043 2830 3109 cujus
2870 3042 2956 3092 est·

1675 3128 1903 3165 carmen
1963 3111 2139 3165 latine
2180 3115 2471 3165 exaratum
2515 3116 2819 3165 Aeeta-riu„
2864 3128 2955 3164 va·

1675 3183 1890 3235 riarum
1916 3199 2104 3235 rerum
2145 3183 2412 3236 materias
2451 3184 2761 3245 continens,
2793 3182 2955 3237 Olisi-

1678 3269 1824 3322 pone
1851 3259 1988 3309 1571
2019 3256 2080 3306 in
2105 3259 2156 3309 4.

1749 3328 1790 3394 ³)
1819 3324 2032 3388 Quanti
2084 3325 2188 3378 hos
2233 3325 2527 3394 theologos
2567 3323 2836 3378 Petavius
2877 3325 2954 3376 fa-

1677 3395 1806 3458 ciat,
1853 3394 2035 3462 liquet
2078 3412 2142 3448 ex
2186 3397 2305 3462 ejus
2350 3396 2552 3458 verbis,
2598 3395 2808 3462 quibus
2849 3411 2953 3462 pro

1675 3465 2062 3519 confirmanda
2089 3483 2191 3518 sua.
2218 3466 2498 3519 sententia
2538 3466 2610 3518 ad
2638 3482 2730 3518 eos
2759 3482 2956 3534 provo·

1675 3540 1770 3591 cat
1813 3538 1882 3591 de
1919 3537 2212 3605 interpret.
2260 3555 2411 3590 conc.
2456 3537 2752 3589 tridentini
2780 3554 2823 3588 c.
2853 3540 2954 3592 15:

1680 3609 1853 3668 „Prae
1894 3608 2092 3662 ceteris
2132 3608 2246 3661 duo
2286 3608 2374 3661 illi
2413 3607 2763 3677 producendi
2804 3609 2954 3671 sunt,

1676 3681 1775 3748 qui
1818 3678 2074 3732 omnium
2115 3679 2372 3732 doctrina
2408 3683 2462 3731 et
2506 3678 2846 3732 auctoritate
2891 3694 2956 3731 ex

1675 3751 2030 3818 privatorum
2072 3749 2270 3804 ordine
2311 3749 2591 3819 principes
2637 3749 2807 3802 fuisse
2825 3765 2956 3872 (per-

1676 3821 1960 3886 hibffntun
2012 3839 2078 3876 ac
2127 3839 2399 3891 magnum
2451 3821 2520 3874 ad
2584 3820 2817 3874 deciden
2864 3837 2955 3873 am

1675 3892 1834 3946 illam
1882 3893 2339 3956 controversiam,
2386 3908 2534 3960 quae
2580 3892 2648 3945 de
2681 3891 2956 3961 justifica-

1675 3964 1830 4018 tione
1857 3966 1978 4016 tum
2024 3967 2108 4017 est
2147 3968 2444 4026 commota,
2487 3965 2834 4016 momentum
2877 3966 2957 4016 at·

1676 4035 1892 4088 tulisse.
1958 4035 2088 4088 Fuit
2136 4039 2366 4088 autem.
2398 4075 2410 4087 .
2441 4074 2452 4086 .
2505 4039 2620 4087 tam
2673 4038 2954 4097 accurata,

1676 4107 1791 4160 imo
1837 4106 2007 4159 anxia
2051 4111 2108 4160 et
2149 4106 2432 4160 laboriosa
2477 4107 2545 4158 de
2590 4106 2690 4159 illo
2731 4106 2954 4160 decreto

1674 4177 1975 4245 inquisitio
2021 4181 2142 4231 tum
2190 4180 2358 4242 facta,
2405 4180 2470 4231 ut
2514 4177 2726 4232 centies
2776 4178 2845 4230 de
2890 4194 2955 4230 eo

1675 4249 2053 4303 deliberatum
2116 4250 2191 4302 sit
2239 4253 2296 4302 et
2345 4250 2490 4303 itum
2542 4248 2603 4301 in
2655 4249 2954 4303 consilium

1674 4320 1885 4390 partim
1931 4338 1962 4372 a
2009 4321 2286 4390 patribus,
2330 4320 2539 4388 partim
2585 4337 2619 4371 a
2657 4320 2955 4388 theologis.

1675 4392 1892 4446 Horum
1922 4409 1950 4445 e
1977 4409 2211 4446 numero
2254 4393 2406 4460 quod
2435 4391 2618 4444 dicere
2645 4407 2956 4460 coeperam,

1675 4465 1776 4532 qui
1817 4464 2099 4534 designati
2130 4481 2162 4515 a
2189 4481 2277 4516 me
2319 4465 2468 4526 sunt,
2508 4462 2766 4515 exstitere
2794 4462 2954 4516 Dom.

1672 4553 1705 4586 a,
1759 4534 1931 4588 Soto
2111 4538 2169 4587 et
2216 4538 2279 4590 A.
2329 4536 2647 4604 Vega...
2704 4533 2774 4586 Hi
2826 4551 2954 4586 cum

1673 4606 1732 4658 iu
1763 4605 2074 4670 nonnulliS,
2102 4623 2250 4674 quae
2279 4606 2350 4660 acl
2378 4605 2525 4658 illud
2554 4606 2954 4674 argumentum

1674 4678 1924 4729 attinent
1951 4681 2008 4730 et
2033 4678 2287 4747 impune,
2328 4679 2396 4730 ut
2434 4677 2500 4729 fit
2542 4676 2603 4728 in
2647 4676 2867 4740 scholis,
2893 4675 2952 4727 in

1675 4751 1979 4816 utramque
2023 4754 2240 4817 partein
2284 4749 2668 4819 disputantur,
2694 4765 2726 4798 a
2754 4763 2809 4800 se
2838 4765 2956 4799 mu·

1677 4823 1775 4873 tuo
1822 4819 2158 4873 dissiderent
2200 4826 2367 4890 (quae
2408 4819 2703 4873 altercatio
2748 4818 2955 4887 primo—

1674 4909 1804 4944 rum
1844 4891 1994 4945 inter
2035 4907 2090 4944 se
2137 4892 2531 4960 theologorum
2560 4887 2957 4944 deliberationi
