<?xml version="1.0" encoding="UTF-8"?>
<!DOCTYPE html PUBLIC "-//W3C//DTD XHTML 1.0 Transitional//EN"
    "http://www.w3.org/TR/xhtml1/DTD/xhtml1-transitional.dtd">
<html xmlns="http://www.w3.org/1999/xhtml" xml:lang="en" lang="en">
 <head>
  <title>
</title>
<meta http-equiv="Content-Type" content="text/html;charset=utf-8" />
  <meta name='ocr-system' content='tesseract 3.04.00' />
  <meta name='ocr-capabilities' content='ocr_page ocr_carea ocr_par ocr_line ocrx_word'/>
</head>
<body>
  <div class='ocr_page' id='page_1' title='image "./nomenclatorlite10hurtgoog_0655.png"; bbox 0 0 3475 5364; ppageno 0'>
   <div class='ocr_carea' id='block_1_1' title="bbox 1554 1624 1838 1709">
    <p class='ocr_par' dir='ltr' id='par_1_1' title="bbox 1554 1624 1838 1709">
     <span class='ocr_line' id='line_1_1' title="bbox 1554 1624 1838 1709; baseline 0.004 -1"><span class='ocrx_word' id='word_1_1' title='bbox 1554 1624 1838 1709; x_wconf 87' lang='lat' dir='ltr'>XVII.</span> 
     </span>
    </p>
   </div>
   <div class='ocr_carea' id='block_1_2' title="bbox 600 1786 2771 1960">
    <p class='ocr_par' dir='ltr' id='par_1_2' title="bbox 600 1786 2771 1960">
     <span class='ocr_line' id='line_1_2' title="bbox 600 1786 2771 1960; baseline 0.001 -43"><span class='ocrx_word' id='word_1_2' title='bbox 600 1786 1179 1960; x_wconf 83' lang='lat' dir='ltr'>Theologi</span> <span class='ocrx_word' id='word_1_3' title='bbox 1256 1827 1860 1921; x_wconf 80' lang='lat' dir='ltr'>annorum.</span> <span class='ocrx_word' id='word_1_4' title='bbox 1950 1786 2771 1920; x_wconf 72' lang='lat'>1521—1540.</span> 
     </span>
    </p>
   </div>
   <div class='ocr_carea' id='block_1_3' title="bbox 1059 2153 2326 2278">
    <p class='ocr_par' dir='ltr' id='par_1_3' title="bbox 1059 2153 2326 2278">
     <span class='ocr_line' id='line_1_3' title="bbox 1059 2153 2326 2278; baseline 0.001 -24"><span class='ocrx_word' id='word_1_5' title='bbox 1059 2157 1124 2254; x_wconf 94' lang='grc' dir='ltr'>Ι.</span> <span class='ocrx_word' id='word_1_6' title='bbox 1193 2156 1683 2278; x_wconf 86' lang='lat' dir='ltr'>Theologia</span> <span class='ocrx_word' id='word_1_7' title='bbox 1747 2153 2326 2256; x_wconf 82' lang='lat' dir='ltr'>scholastica.</span> 
     </span>
    </p>
   </div>
   <div class='ocr_carea' id='block_1_4' title="bbox 366 2392 2997 4958">
    <p class='ocr_par' dir='ltr' id='par_1_4' title="bbox 366 2392 2997 4958">
     <span class='ocr_line' id='line_1_4' title="bbox 472 2392 2997 2471; baseline -0.001 -18"><span class='ocrx_word' id='word_1_8' title='bbox 472 2404 613 2454; x_wconf 79' lang='lat'>566.</span> <span class='ocrx_word' id='word_1_9' title='bbox 647 2393 867 2468; x_wconf 78' lang='lat' dir='ltr'>Incipit</span> <span class='ocrx_word' id='word_1_10' title='bbox 896 2393 1155 2471; x_wconf 88' lang='lat' dir='ltr'>gloriosa</span> <span class='ocrx_word' id='word_1_11' title='bbox 1186 2393 1412 2452; x_wconf 86' lang='lat' dir='ltr'>ordinis</span> <span class='ocrx_word' id='word_1_12' title='bbox 1457 2414 1501 2456; x_wconf 83' lang='lat'>8.</span> <span class='ocrx_word' id='word_1_13' title='bbox 1537 2394 1658 2452; x_wconf 86' lang='lat' dir='ltr'>Do·</span> <span class='ocrx_word' id='word_1_14' title='bbox 1717 2392 1931 2471; x_wconf 88' lang='lat' dir='ltr'>plausu</span> <span class='ocrx_word' id='word_1_15' title='bbox 1992 2394 2274 2463; x_wconf 80' lang='lat' dir='ltr'>defendit,</span> <span class='ocrx_word' id='word_1_16' title='bbox 2338 2396 2399 2451; x_wconf 88' lang='lat' dir='ltr'>et</span> <span class='ocrx_word' id='word_1_17' title='bbox 2459 2394 2616 2453; x_wconf 88' lang='lat' dir='ltr'>inter</span> <span class='ocrx_word' id='word_1_18' title='bbox 2679 2396 2997 2470; x_wconf 77' lang='lat' dir='ltr'><strong>arguentes</strong></span> 
     </span>
     <span class='ocr_line' id='line_1_5' title="bbox 374 2478 2996 2563; baseline 0 -23"><span class='ocrx_word' id='word_1_19' title='bbox 374 2485 575 2540; x_wconf 75' lang='lat' dir='ltr'>minici</span> <span class='ocrx_word' id='word_1_20' title='bbox 588 2478 634 2563; x_wconf 86' lang='lat'>¹)</span> <span class='ocrx_word' id='word_1_21' title='bbox 666 2482 965 2557; x_wconf 86' lang='lat' dir='ltr'>periodus,</span> <span class='ocrx_word' id='word_1_22' title='bbox 999 2483 1305 2559; x_wconf 76' lang='lat' dir='ltr'><strong>speciatim</strong></span> <span class='ocrx_word' id='word_1_23' title='bbox 1338 2483 1402 2541; x_wconf 92' lang='lat' dir='ltr'>in</span> <span class='ocrx_word' id='word_1_24' title='bbox 1431 2483 1658 2543; x_wconf 88' lang='lat' dir='ltr'>theolo-</span> <span class='ocrx_word' id='word_1_25' title='bbox 1716 2487 1927 2543; x_wconf 89' lang='lat' dir='ltr'>nactus</span> <span class='ocrx_word' id='word_1_26' title='bbox 1961 2489 2054 2542; x_wconf 90' lang='lat' dir='ltr'>est</span> <span class='ocrx_word' id='word_1_27' title='bbox 2086 2482 2533 2542; x_wconf 86' lang='lat' dir='ltr'>celeberrimum</span> <span class='ocrx_word' id='word_1_28' title='bbox 2553 2483 2760 2541; x_wconf 87' lang='lat' dir='ltr'>Picum</span> <span class='ocrx_word' id='word_1_29' title='bbox 2778 2482 2996 2541; x_wconf 83' lang='lat' dir='ltr'>Miran-</span> 
     </span>
     <span class='ocr_line' id='line_1_6' title="bbox 374 2571 2994 2649; baseline -0 -19"><span class='ocrx_word' id='word_1_30' title='bbox 374 2572 474 2648; x_wconf 86' lang='lat' dir='ltr'>gia</span> <span class='ocrx_word' id='word_1_31' title='bbox 504 2572 857 2630; x_wconf 70' lang='lat' dir='ltr'>scholastica.</span> <span class='ocrx_word' id='word_1_32' title='bbox 891 2573 1121 2649; x_wconf 85' lang='lat' dir='ltr'>Agmen</span> <span class='ocrx_word' id='word_1_33' title='bbox 1141 2572 1658 2631; x_wconf 88' lang='lat' dir='ltr'>ducatThomas</span> <span class='ocrx_word' id='word_1_34' title='bbox 1716 2573 2022 2643; x_wconf 89' lang='lat' dir='ltr'>dulanum,</span> <span class='ocrx_word' id='word_1_35' title='bbox 2087 2574 2259 2649; x_wconf 89' lang='lat' dir='ltr'>cujus</span> <span class='ocrx_word' id='word_1_36' title='bbox 2305 2571 2536 2647; x_wconf 89' lang='lat' dir='ltr'>objecta</span> <span class='ocrx_word' id='word_1_37' title='bbox 2584 2575 2823 2631; x_wconf 88' lang='lat' dir='ltr'>centum</span> <span class='ocrx_word' id='word_1_38' title='bbox 2873 2575 2994 2630; x_wconf 85' lang='lat' dir='ltr'>tam</span> 
     </span>
     <span class='ocr_line' id='line_1_7' title="bbox 378 2657 2994 2745; baseline 0 -25"><span class='ocrx_word' id='word_1_39' title='bbox 378 2660 532 2732; x_wconf 91' lang='lat' dir='ltr'>Vio,</span> <span class='ocrx_word' id='word_1_40' title='bbox 568 2662 748 2739; x_wconf 85' lang='lat' dir='ltr'>vulgo</span> <span class='ocrx_word' id='word_1_41' title='bbox 792 2661 1186 2721; x_wconf 86' lang='lat' dir='ltr'>Gaetanus</span> <span class='ocrx_word' id='word_1_42' title='bbox 1222 2657 1590 2745; x_wconf 85' lang='lat' dir='ltr'>(Cajetanus)</span> <span class='ocrx_word' id='word_1_43' title='bbox 1625 2680 1660 2720; x_wconf 86' lang='lat' dir='ltr'>a</span> <span class='ocrx_word' id='word_1_44' title='bbox 1714 2663 2015 2739; x_wconf 79' lang='lat' dir='ltr'><strong>praesenti</strong></span> <span class='ocrx_word' id='word_1_45' title='bbox 2062 2662 2347 2721; x_wconf 89' lang='lat' dir='ltr'>memoria</span> <span class='ocrx_word' id='word_1_46' title='bbox 2389 2661 2650 2738; x_wconf 89' lang='lat' dir='ltr'>repetiit,</span> <span class='ocrx_word' id='word_1_47' title='bbox 2700 2663 2873 2720; x_wconf 79' lang='lat' dir='ltr'>tanta</span> <span class='ocrx_word' id='word_1_48' title='bbox 2905 2679 2994 2721; x_wconf 90' lang='lat' dir='ltr'>so-</span> 
     </span>
     <span class='ocr_line' id='line_1_8' title="bbox 374 2747 2995 2834; baseline 0 -25"><span class='ocrx_word' id='word_1_49' title='bbox 374 2750 565 2827; x_wconf 82' lang='lat' dir='ltr'>patria</span> <span class='ocrx_word' id='word_1_50' title='bbox 629 2751 826 2827; x_wconf 83' lang='lat' dir='ltr'>Cajeta</span> <span class='ocrx_word' id='word_1_51' title='bbox 888 2747 1118 2834; x_wconf 65' lang='lat' dir='ltr'>(Gaeta)</span> <span class='ocrx_word' id='word_1_52' title='bbox 1184 2752 1655 2829; x_wconf 79' lang='lat' dir='ltr'>cognominatuS,</span> <span class='ocrx_word' id='word_1_53' title='bbox 1715 2753 1894 2812; x_wconf 88' lang='lat' dir='ltr'>lertia</span> <span class='ocrx_word' id='word_1_54' title='bbox 1939 2752 2117 2812; x_wconf 87' lang='lat' dir='ltr'>solvit</span> <span class='ocrx_word' id='word_1_55' title='bbox 2162 2756 2223 2812; x_wconf 90' lang='lat' dir='ltr'>et</span> <span class='ocrx_word' id='word_1_56' title='bbox 2271 2751 2626 2811; x_wconf 89' lang='lat' dir='ltr'>eruditionis</span> <span class='ocrx_word' id='word_1_57' title='bbox 2660 2751 2825 2826; x_wconf 90' lang='lat' dir='ltr'>copia</span> <span class='ocrx_word' id='word_1_58' title='bbox 2858 2769 2995 2809; x_wconf 91' lang='lat' dir='ltr'>suas</span> 
     </span>
     <span class='ocr_line' id='line_1_9' title="bbox 376 2840 2996 2918; baseline 0 -20"><span class='ocrx_word' id='word_1_59' title='bbox 376 2840 759 2900; x_wconf 86' lang='lat' dir='ltr'>scholasticus</span> <span class='ocrx_word' id='word_1_60' title='bbox 792 2841 1236 2911; x_wconf 79' lang='lat' dir='ltr'>subtilissimuS,</span> <span class='ocrx_word' id='word_1_61' title='bbox 1270 2861 1327 2900; x_wconf 91' lang='lat' dir='ltr'>n.</span> <span class='ocrx_word' id='word_1_62' title='bbox 1364 2852 1466 2904; x_wconf 86' lang='lat'>20.</span> <span class='ocrx_word' id='word_1_63' title='bbox 1488 2842 1656 2900; x_wconf 85' lang='lat' dir='ltr'><strong>Febr.</strong></span> <span class='ocrx_word' id='word_1_64' title='bbox 1712 2843 2125 2918; x_wconf 81' lang='lat' dir='ltr'>responsiones</span> <span class='ocrx_word' id='word_1_65' title='bbox 2140 2840 2394 2911; x_wconf 78' lang='lat' dir='ltr'>fulcivit,</span> <span class='ocrx_word' id='word_1_66' title='bbox 2426 2843 2499 2900; x_wconf 90' lang='lat' dir='ltr'>ut</span> <span class='ocrx_word' id='word_1_67' title='bbox 2526 2840 2695 2899; x_wconf 81' lang='lat' dir='ltr'>finita</span> <span class='ocrx_word' id='word_1_68' title='bbox 2726 2841 2996 2915; x_wconf 88' lang='lat' dir='ltr'>disputa-</span> 
     </span>
     <span class='ocr_line' id='line_1_10' title="bbox 384 2929 2994 3008; baseline -0.002 -17"><span class='ocrx_word' id='word_1_69' title='bbox 384 2939 547 2992; x_wconf 87' lang='lat'>1469</span> <span class='ocrx_word' id='word_1_70' title='bbox 600 2931 951 3004; x_wconf 85' lang='lat' dir='ltr'>parentibus</span> <span class='ocrx_word' id='word_1_71' title='bbox 1000 2930 1435 2990; x_wconf 81' lang='lat' dir='ltr'>honestissimis</span> <span class='ocrx_word' id='word_1_72' title='bbox 1485 2934 1547 2990; x_wconf 90' lang='lat' dir='ltr'>et</span> <span class='ocrx_word' id='word_1_73' title='bbox 1594 2931 1656 2989; x_wconf 91' lang='lat' dir='ltr'>in</span> <span class='ocrx_word' id='word_1_74' title='bbox 1714 2931 1876 2991; x_wconf 90' lang='lat' dir='ltr'>tione</span> <span class='ocrx_word' id='word_1_75' title='bbox 1892 2931 2257 3008; x_wconf 80' lang='lat' dir='ltr'>applaudens</span> <span class='ocrx_word' id='word_1_76' title='bbox 2269 2930 2536 2989; x_wconf 89' lang='lat' dir='ltr'>omnium</span> <span class='ocrx_word' id='word_1_77' title='bbox 2551 2929 2826 2989; x_wconf 85' lang='lat' dir='ltr'>ordinum</span> <span class='ocrx_word' id='word_1_78' title='bbox 2857 2947 2994 2988; x_wconf 89' lang='lat' dir='ltr'>con·</span> 
     </span>
     <span class='ocr_line' id='line_1_11' title="bbox 373 3018 2995 3096; baseline 0 -20"><span class='ocrx_word' id='word_1_79' title='bbox 373 3018 669 3093; x_wconf 84' lang='lat' dir='ltr'>baptismo</span> <span class='ocrx_word' id='word_1_80' title='bbox 702 3019 964 3078; x_wconf 82' lang='lat' dir='ltr'>Jacobus</span> <span class='ocrx_word' id='word_1_81' title='bbox 998 3019 1214 3078; x_wconf 77' lang='lat' dir='ltr'>dictuS.</span> <span class='ocrx_word' id='word_1_82' title='bbox 1281 3020 1530 3096; x_wconf 84' lang='lat' dir='ltr'>Egregie</span> <span class='ocrx_word' id='word_1_83' title='bbox 1562 3021 1653 3079; x_wconf 91' lang='lat' dir='ltr'>in·</span> <span class='ocrx_word' id='word_1_84' title='bbox 1716 3040 1916 3080; x_wconf 87' lang='lat' dir='ltr'>sessus</span> <span class='ocrx_word' id='word_1_85' title='bbox 1947 3022 2226 3080; x_wconf 84' lang='lat' dir='ltr'>Thomam</span> <span class='ocrx_word' id='word_1_86' title='bbox 2252 3039 2283 3078; x_wconf 90' lang='lat' dir='ltr'>e</span> <span class='ocrx_word' id='word_1_87' title='bbox 2304 3020 2540 3095; x_wconf 89' lang='lat' dir='ltr'>pulpito</span> <span class='ocrx_word' id='word_1_88' title='bbox 2561 3019 2995 3095; x_wconf 87' lang='lat' dir='ltr'>apprehensum</span> 
     </span>
     <span class='ocr_line' id='line_1_12' title="bbox 376 3107 2997 3184; baseline -0 -18"><span class='ocrx_word' id='word_1_89' title='bbox 376 3108 632 3166; x_wconf 84' lang='lat' dir='ltr'>stitutus</span> <span class='ocrx_word' id='word_1_90' title='bbox 665 3129 697 3165; x_wconf 82' lang='lat' dir='ltr'>a</span> <span class='ocrx_word' id='word_1_91' title='bbox 729 3108 988 3182; x_wconf 88' lang='lat' dir='ltr'>pueritia</span> <span class='ocrx_word' id='word_1_92' title='bbox 1019 3108 1194 3166; x_wconf 88' lang='lat' dir='ltr'>ludos</span> <span class='ocrx_word' id='word_1_93' title='bbox 1227 3111 1288 3166; x_wconf 89' lang='lat' dir='ltr'>et</span> <span class='ocrx_word' id='word_1_94' title='bbox 1318 3109 1658 3183; x_wconf 80' lang='lat' dir='ltr'>voluptates</span> <span class='ocrx_word' id='word_1_95' title='bbox 1714 3110 1873 3168; x_wconf 88' lang='lat' dir='ltr'>inter</span> <span class='ocrx_word' id='word_1_96' title='bbox 1916 3111 2157 3169; x_wconf 84' lang='lat' dir='ltr'>brachia</span> <span class='ocrx_word' id='word_1_97' title='bbox 2201 3109 2371 3167; x_wconf 80' lang='lat' dir='ltr'>velut</span> <span class='ocrx_word' id='word_1_98' title='bbox 2420 3109 2889 3184; x_wconf 76' lang='lat' dir='ltr'>triumphantem</span> <span class='ocrx_word' id='word_1_99' title='bbox 2923 3107 2997 3165; x_wconf 89' lang='lat' dir='ltr'>ad</span> 
     </span>
     <span class='ocr_line' id='line_1_13' title="bbox 378 3195 2994 3274; baseline 0.001 -21"><span class='ocrx_word' id='word_1_100' title='bbox 378 3196 780 3265; x_wconf 80' lang='lat' dir='ltr'>aversabatur,</span> <span class='ocrx_word' id='word_1_101' title='bbox 816 3195 1018 3255; x_wconf 91' lang='lat' dir='ltr'>studio</span> <span class='ocrx_word' id='word_1_102' title='bbox 1041 3196 1233 3255; x_wconf 92' lang='lat' dir='ltr'>solum</span> <span class='ocrx_word' id='word_1_103' title='bbox 1265 3196 1660 3256; x_wconf 83' lang='lat' dir='ltr'>deliciabatur</span> <span class='ocrx_word' id='word_1_104' title='bbox 1714 3198 1925 3257; x_wconf 90' lang='lat' dir='ltr'>ducem</span> <span class='ocrx_word' id='word_1_105' title='bbox 1958 3199 2365 3257; x_wconf 84' lang='lat' dir='ltr'>ferrariensem</span> <span class='ocrx_word' id='word_1_106' title='bbox 2395 3197 2872 3274; x_wconf 86' lang='lat' dir='ltr'>magistrumque</span> <span class='ocrx_word' id='word_1_107' title='bbox 2905 3214 2994 3255; x_wconf 90' lang='lat' dir='ltr'>or·</span> 
     </span>
     <span class='ocr_line' id='line_1_14' title="bbox 366 3283 2997 3361; baseline 0 -19"><span class='ocrx_word' id='word_1_108' title='bbox 366 3289 435 3342; x_wconf 89' lang='lat' dir='ltr'>et</span> <span class='ocrx_word' id='word_1_109' title='bbox 450 3283 1284 3359; x_wconf 82' lang='lat' dir='ltr'>virorumpiorumconsortiO.</span> <span class='ocrx_word' id='word_1_110' title='bbox 1303 3286 1657 3344; x_wconf 86' lang='lat' dir='ltr'>Parentibus</span> <span class='ocrx_word' id='word_1_111' title='bbox 1715 3287 1873 3345; x_wconf 83' lang='lat' dir='ltr'>dinis</span> <span class='ocrx_word' id='word_1_112' title='bbox 1904 3287 2108 3346; x_wconf 83' lang='lat' dir='ltr'>Joach.</span> <span class='ocrx_word' id='word_1_113' title='bbox 2143 3287 2502 3345; x_wconf 74' lang='lat' dir='ltr'>&#39;l&#39;urrianum</span> <span class='ocrx_word' id='word_1_114' title='bbox 2543 3285 2929 3361; x_wconf 88' lang='lat' dir='ltr'>deportarint,</span> <span class='ocrx_word' id='word_1_115' title='bbox 2964 3306 2997 3343; x_wconf 88' lang='lat' dir='ltr'>a</span> 
     </span>
     <span class='ocr_line' id='line_1_15' title="bbox 374 3372 2996 3451; baseline 0.001 -22"><span class='ocrx_word' id='word_1_116' title='bbox 374 3372 581 3431; x_wconf 83' lang='lat' dir='ltr'>invitis</span> <span class='ocrx_word' id='word_1_117' title='bbox 633 3394 680 3431; x_wconf 91' lang='lat' dir='ltr'>a.</span> <span class='ocrx_word' id='word_1_118' title='bbox 734 3374 947 3432; x_wconf 88' lang='lat' dir='ltr'>aetatis</span> <span class='ocrx_word' id='word_1_119' title='bbox 1006 3383 1100 3437; x_wconf 84' lang='lat'>16.</span> <span class='ocrx_word' id='word_1_120' title='bbox 1150 3393 1193 3432; x_wconf 88' lang='lat' dir='ltr'>S.</span> <span class='ocrx_word' id='word_1_121' title='bbox 1241 3374 1533 3433; x_wconf 90' lang='lat' dir='ltr'>Dominici</span> <span class='ocrx_word' id='word_1_122' title='bbox 1566 3379 1660 3432; x_wconf 92' lang='lat' dir='ltr'>est</span> <span class='ocrx_word' id='word_1_123' title='bbox 1715 3394 1838 3451; x_wconf 87' lang='lat' dir='ltr'>quo</span> <span class='ocrx_word' id='word_1_124' title='bbox 1871 3394 2004 3433; x_wconf 87' lang='lat' dir='ltr'>mox</span> <span class='ocrx_word' id='word_1_125' title='bbox 2037 3379 2271 3434; x_wconf 85' lang='lat' dir='ltr'>creatus</span> <span class='ocrx_word' id='word_1_126' title='bbox 2306 3376 2398 3433; x_wconf 87' lang='lat' dir='ltr'>est</span> <span class='ocrx_word' id='word_1_127' title='bbox 2429 3393 2471 3432; x_wconf 80' lang='lat' dir='ltr'>s,</span> <span class='ocrx_word' id='word_1_128' title='bbox 2505 3374 2837 3449; x_wconf 86' lang='lat' dir='ltr'>theologiae</span> <span class='ocrx_word' id='word_1_129' title='bbox 2870 3393 2996 3431; x_wconf 88' lang='lat' dir='ltr'>ma·-</span> 
     </span>
     <span class='ocr_line' id='line_1_16' title="bbox 376 3461 2995 3540; baseline -0 -21"><span class='ocrx_word' id='word_1_130' title='bbox 376 3462 685 3538; x_wconf 87' lang='lat' dir='ltr'>ingressus</span> <span class='ocrx_word' id='word_1_131' title='bbox 715 3461 980 3521; x_wconf 87' lang='lat' dir='ltr'>ordinem</span> <span class='ocrx_word' id='word_1_132' title='bbox 1022 3483 1071 3521; x_wconf 82' lang='lat' dir='ltr'>a.</span> <span class='ocrx_word' id='word_1_133' title='bbox 1113 3471 1298 3526; x_wconf 75' lang='lat'>1484.</span> <span class='ocrx_word' id='word_1_134' title='bbox 1362 3463 1658 3539; x_wconf 86' lang='lat' dir='ltr'>Magistris</span> <span class='ocrx_word' id='word_1_135' title='bbox 1714 3465 1898 3540; x_wconf 86' lang='lat' dir='ltr'>gister</span> <span class='ocrx_word' id='word_1_136' title='bbox 1930 3483 1977 3522; x_wconf 88' lang='lat' dir='ltr'>a.</span> <span class='ocrx_word' id='word_1_137' title='bbox 2011 3464 2223 3522; x_wconf 88' lang='lat' dir='ltr'>aetatis</span> <span class='ocrx_word' id='word_1_138' title='bbox 2248 3472 2326 3525; x_wconf 89' lang='grc'>26</span> <span class='ocrx_word' id='word_1_139' title='bbox 2359 3462 2456 3520; x_wconf 82' lang='lat' dir='ltr'>vix</span> <span class='ocrx_word' id='word_1_140' title='bbox 2489 3461 2814 3537; x_wconf 77' lang='lat' dir='ltr'>ingressuS‚</span> <span class='ocrx_word' id='word_1_141' title='bbox 2835 3461 2995 3536; x_wconf 89' lang='lat' dir='ltr'>quod</span> 
     </span>
     <span class='ocr_line' id='line_1_17' title="bbox 374 3550 2994 3627; baseline -0 -19"><span class='ocrx_word' id='word_1_142' title='bbox 374 3552 447 3608; x_wconf 86' lang='lat' dir='ltr'>ab</span> <span class='ocrx_word' id='word_1_143' title='bbox 483 3551 711 3626; x_wconf 83' lang='lat' dir='ltr'>ingenii</span> <span class='ocrx_word' id='word_1_144' title='bbox 760 3551 1046 3610; x_wconf 83' lang='lat' dir='ltr'>facilitate</span> <span class='ocrx_word' id='word_1_145' title='bbox 1096 3555 1157 3611; x_wconf 93' lang='lat' dir='ltr'>et</span> <span class='ocrx_word' id='word_1_146' title='bbox 1205 3551 1505 3611; x_wconf 85' lang='lat' dir='ltr'>feracitate</span> <span class='ocrx_word' id='word_1_147' title='bbox 1556 3552 1652 3610; x_wconf 86' lang='lat' dir='ltr'>ad·</span> <span class='ocrx_word' id='word_1_148' title='bbox 1713 3573 1783 3612; x_wconf 91' lang='lat' dir='ltr'>eo</span> <span class='ocrx_word' id='word_1_149' title='bbox 1831 3571 2043 3627; x_wconf 87' lang='lat' dir='ltr'>usque,</span> <span class='ocrx_word' id='word_1_150' title='bbox 2097 3552 2146 3611; x_wconf 90' lang='lat' dir='ltr'>si</span> <span class='ocrx_word' id='word_1_151' title='bbox 2199 3551 2557 3626; x_wconf 86' lang='lat' dir='ltr'>Aquinatem</span> <span class='ocrx_word' id='word_1_152' title='bbox 2609 3550 2878 3625; x_wconf 66' lang='lat' dir='ltr'>excipiam,</span> <span class='ocrx_word' id='word_1_153' title='bbox 2932 3551 2994 3607; x_wconf 92' lang='lat' dir='ltr'>in</span> 
     </span>
     <span class='ocr_line' id='line_1_18' title="bbox 374 3638 2994 3716; baseline 0 -20"><span class='ocrx_word' id='word_1_154' title='bbox 374 3640 677 3700; x_wconf 82' lang='lat' dir='ltr'>mirationi</span> <span class='ocrx_word' id='word_1_155' title='bbox 709 3644 839 3699; x_wconf 86' lang='lat' dir='ltr'>erat</span> <span class='ocrx_word' id='word_1_156' title='bbox 868 3643 930 3699; x_wconf 91' lang='lat' dir='ltr'>et</span> <span class='ocrx_word' id='word_1_157' title='bbox 962 3641 1211 3716; x_wconf 88' lang='lat' dir='ltr'>stupori.</span> <span class='ocrx_word' id='word_1_158' title='bbox 1272 3641 1428 3699; x_wconf 88' lang='lat' dir='ltr'>Hinc</span> <span class='ocrx_word' id='word_1_159' title='bbox 1453 3641 1658 3716; x_wconf 87' lang='lat' dir='ltr'>junior</span> <span class='ocrx_word' id='word_1_160' title='bbox 1714 3642 1921 3701; x_wconf 89' lang='lat' dir='ltr'>ordine</span> <span class='ocrx_word' id='word_1_161' title='bbox 1954 3643 2275 3700; x_wconf 82' lang='lat' dir='ltr'>insuetum.</span> <span class='ocrx_word' id='word_1_162' title='bbox 2309 3639 2535 3698; x_wconf 85' lang='lat' dir='ltr'>Exinde</span> <span class='ocrx_word' id='word_1_163' title='bbox 2570 3639 2848 3697; x_wconf 84' lang='lat' dir='ltr'>lectorem</span> <span class='ocrx_word' id='word_1_164' title='bbox 2868 3638 2994 3716; x_wconf 82' lang='lat' dir='ltr'>egit</span> 
     </span>
     <span class='ocr_line' id='line_1_19' title="bbox 372 3728 2992 3806; baseline -0.001 -19"><span class='ocrx_word' id='word_1_165' title='bbox 372 3729 567 3788; x_wconf 88' lang='lat' dir='ltr'>adhuc</span> <span class='ocrx_word' id='word_1_166' title='bbox 586 3730 914 3805; x_wconf 81' lang='lat' dir='ltr'>aetatisque</span> <span class='ocrx_word' id='word_1_167' title='bbox 930 3749 980 3788; x_wconf 88' lang='lat' dir='ltr'>a.</span> <span class='ocrx_word' id='word_1_168' title='bbox 1001 3748 1182 3806; x_wconf 88' lang='lat' dir='ltr'>agens</span> <span class='ocrx_word' id='word_1_169' title='bbox 1204 3730 1300 3788; x_wconf 79' lang='lat' dir='ltr'>vix</span> <span class='ocrx_word' id='word_1_170' title='bbox 1325 3739 1404 3794; x_wconf 90' lang='lat'>23</span> <span class='ocrx_word' id='word_1_171' title='bbox 1429 3730 1654 3789; x_wconf 84' lang='lat' dir='ltr'>Patavii</span> <span class='ocrx_word' id='word_1_172' title='bbox 1714 3731 1958 3801; x_wconf 83' lang='lat' dir='ltr'>Patavii,</span> <span class='ocrx_word' id='word_1_173' title='bbox 1993 3730 2246 3800; x_wconf 83' lang='lat' dir='ltr'>Brixiae,</span> <span class='ocrx_word' id='word_1_174' title='bbox 2279 3728 2498 3797; x_wconf 86' lang='lat' dir='ltr'>Ticini;</span> <span class='ocrx_word' id='word_1_175' title='bbox 2546 3747 2595 3785; x_wconf 88' lang='lat' dir='ltr'>a.</span> <span class='ocrx_word' id='word_1_176' title='bbox 2627 3746 2769 3786; x_wconf 84' lang='lat' dir='ltr'>vero</span> <span class='ocrx_word' id='word_1_177' title='bbox 2808 3738 2992 3791; x_wconf 86' lang='lat'>1501.</span> 
     </span>
     <span class='ocr_line' id='line_1_20' title="bbox 373 3816 2993 3896; baseline -0 -20"><span class='ocrx_word' id='word_1_178' title='bbox 373 3818 561 3879; x_wconf 88' lang='lat' dir='ltr'>lector</span> <span class='ocrx_word' id='word_1_179' title='bbox 592 3819 812 3878; x_wconf 86' lang='lat' dir='ltr'>artium</span> <span class='ocrx_word' id='word_1_180' title='bbox 845 3823 939 3878; x_wconf 91' lang='lat' dir='ltr'>est</span> <span class='ocrx_word' id='word_1_181' title='bbox 968 3819 1202 3894; x_wconf 90' lang='lat' dir='ltr'>positus</span> <span class='ocrx_word' id='word_1_182' title='bbox 1226 3820 1655 3895; x_wconf 83' lang='lat' dir='ltr'>maximamque</span> <span class='ocrx_word' id='word_1_183' title='bbox 1712 3821 1936 3879; x_wconf 91' lang='lat' dir='ltr'>electus</span> <span class='ocrx_word' id='word_1_184' title='bbox 1969 3822 2062 3878; x_wconf 88' lang='lat' dir='ltr'>est</span> <span class='ocrx_word' id='word_1_185' title='bbox 2093 3821 2440 3896; x_wconf 84' lang='lat' dir='ltr'>procurator</span> <span class='ocrx_word' id='word_1_186' title='bbox 2470 3816 2696 3876; x_wconf 87' lang='lat' dir='ltr'>ordinis</span> <span class='ocrx_word' id='word_1_187' title='bbox 2748 3822 2810 3875; x_wconf 88' lang='lat' dir='ltr'>et</span> <span class='ocrx_word' id='word_1_188' title='bbox 2856 3836 2993 3892; x_wconf 89' lang='lat' dir='ltr'>pro-</span> 
     </span>
     <span class='ocr_line' id='line_1_21' title="bbox 371 3906 2991 3985; baseline -0.001 -19"><span class='ocrx_word' id='word_1_189' title='bbox 371 3908 592 3967; x_wconf 88' lang='lat' dir='ltr'>famam</span> <span class='ocrx_word' id='word_1_190' title='bbox 657 3928 774 3983; x_wconf 89' lang='lat' dir='ltr'>qua</span> <span class='ocrx_word' id='word_1_191' title='bbox 835 3909 1194 3968; x_wconf 88' lang='lat' dir='ltr'>lectionibus</span> <span class='ocrx_word' id='word_1_192' title='bbox 1240 3928 1359 3984; x_wconf 89' lang='lat' dir='ltr'>qua</span> <span class='ocrx_word' id='word_1_193' title='bbox 1419 3909 1654 3985; x_wconf 88' lang='lat' dir='ltr'>scriptis</span> <span class='ocrx_word' id='word_1_194' title='bbox 1712 3909 1899 3969; x_wconf 81' lang='lat' dir='ltr'>sessor</span> <span class='ocrx_word' id='word_1_195' title='bbox 1945 3908 2348 3985; x_wconf 87' lang='lat' dir='ltr'>philosophiae</span> <span class='ocrx_word' id='word_1_196' title='bbox 2393 3919 2454 3965; x_wconf 83' lang='lat' dir='ltr'>et</span> <span class='ocrx_word' id='word_1_197' title='bbox 2497 3906 2759 3983; x_wconf 82' lang='lat' dir='ltr'>exegesis</span> <span class='ocrx_word' id='word_1_198' title='bbox 2791 3906 2855 3964; x_wconf 92' lang='lat' dir='ltr'>in</span> <span class='ocrx_word' id='word_1_199' title='bbox 2889 3907 2991 3965; x_wconf 88' lang='lat' dir='ltr'>Sa·</span> 
     </span>
     <span class='ocr_line' id='line_1_22' title="bbox 370 3995 2993 4074; baseline -0 -19"><span class='ocrx_word' id='word_1_200' title='bbox 370 3998 547 4056; x_wconf 80' lang='lat' dir='ltr'>editis</span> <span class='ocrx_word' id='word_1_201' title='bbox 583 3998 699 4056; x_wconf 87' lang='lat' dir='ltr'>sibi</span> <span class='ocrx_word' id='word_1_202' title='bbox 731 3997 1107 4073; x_wconf 83' lang='lat' dir='ltr'>comparavit.</span> <span class='ocrx_word' id='word_1_203' title='bbox 1171 3999 1241 4056; x_wconf 89' lang='lat' dir='ltr'>In</span> <span class='ocrx_word' id='word_1_204' title='bbox 1281 3997 1656 4074; x_wconf 85' lang='lat' dir='ltr'>generalibus</span> <span class='ocrx_word' id='word_1_205' title='bbox 1712 3998 1939 4074; x_wconf 87' lang='lat' dir='ltr'>pientia</span> <span class='ocrx_word' id='word_1_206' title='bbox 1967 4014 2226 4056; x_wconf 87' lang='lat' dir='ltr'>romana.</span> <span class='ocrx_word' id='word_1_207' title='bbox 2291 3996 2584 4055; x_wconf 82' lang='lat' dir='ltr'>Defuncto</span> <span class='ocrx_word' id='word_1_208' title='bbox 2615 3995 2839 4055; x_wconf 89' lang='lat' dir='ltr'>ordinis</span> <span class='ocrx_word' id='word_1_209' title='bbox 2871 4015 2993 4054; x_wconf 90' lang='lat' dir='ltr'>ma-</span> 
     </span>
     <span class='ocr_line' id='line_1_23' title="bbox 368 4085 2994 4165; baseline 0 -22"><span class='ocrx_word' id='word_1_210' title='bbox 368 4086 596 4145; x_wconf 90' lang='lat' dir='ltr'>ordinis</span> <span class='ocrx_word' id='word_1_211' title='bbox 687 4087 940 4146; x_wconf 88' lang='lat' dir='ltr'>comitiis</span> <span class='ocrx_word' id='word_1_212' title='bbox 1032 4087 1433 4147; x_wconf 90' lang='lat' dir='ltr'>conclusiones</span> <span class='ocrx_word' id='word_1_213' title='bbox 1520 4105 1654 4145; x_wconf 90' lang='lat' dir='ltr'>cum</span> <span class='ocrx_word' id='word_1_214' title='bbox 1712 4089 1901 4165; x_wconf 88' lang='lat' dir='ltr'>gistro</span> <span class='ocrx_word' id='word_1_215' title='bbox 1934 4105 2210 4163; x_wconf 88' lang='lat' dir='ltr'>supremo</span> <span class='ocrx_word' id='word_1_216' title='bbox 2242 4087 2333 4145; x_wconf 89' lang='lat' dir='ltr'>J0.</span> <span class='ocrx_word' id='word_1_217' title='bbox 2357 4086 2552 4144; x_wconf 76' lang='lat' dir='ltr'>Cleree</span> <span class='ocrx_word' id='word_1_218' title='bbox 2584 4085 2994 4144; x_wconf 87' lang='lat' dir='ltr'>communibus</span> 
     </span>
     <span class='ocr_line' id='line_1_24' title="bbox 1711 4174 2992 4253; baseline -0.002 -19"><span class='ocrx_word' id='word_1_219' title='bbox 1711 4177 1834 4235; x_wconf 89' lang='lat' dir='ltr'>fere</span> <span class='ocrx_word' id='word_1_220' title='bbox 1865 4176 2166 4253; x_wconf 81' lang='lat' dir='ltr'>suffragiis</span> <span class='ocrx_word' id='word_1_221' title='bbox 2215 4177 2278 4234; x_wconf 91' lang='lat' dir='ltr'>in</span> <span class='ocrx_word' id='word_1_222' title='bbox 2316 4179 2489 4234; x_wconf 89' lang='lat' dir='ltr'>tanto</span> <span class='ocrx_word' id='word_1_223' title='bbox 2523 4192 2768 4233; x_wconf 88' lang='lat' dir='ltr'>munere</span> <span class='ocrx_word' id='word_1_224' title='bbox 2801 4174 2992 4232; x_wconf 88' lang='lat' dir='ltr'>eidem</span> 
     </span>
     <span class='ocr_line' id='line_1_25' title="bbox 1712 4259 2991 4346; baseline -0.002 -22"><span class='ocrx_word' id='word_1_225' title='bbox 1712 4267 1831 4324; x_wconf 88' lang='lat' dir='ltr'>fuit</span> <span class='ocrx_word' id='word_1_226' title='bbox 1861 4266 2147 4324; x_wconf 83' lang='lat' dir='ltr'>suffectus</span> <span class='ocrx_word' id='word_1_227' title='bbox 2170 4259 2417 4346; x_wconf 87' lang='lat'>(1508).</span> <span class='ocrx_word' id='word_1_228' title='bbox 2453 4265 2593 4323; x_wconf 92' lang='lat' dir='ltr'>Cum</span> <span class='ocrx_word' id='word_1_229' title='bbox 2611 4282 2790 4339; x_wconf 76' lang='lat' dir='ltr'>grave</span> <span class='ocrx_word' id='word_1_230' title='bbox 2810 4264 2991 4322; x_wconf 89' lang='lat' dir='ltr'>schis-</span> 
     </span>
     <span class='ocr_line' id='line_1_26' title="bbox 1711 4352 2992 4430; baseline -0.002 -17"><span class='ocrx_word' id='word_1_231' title='bbox 1711 4356 1888 4414; x_wconf 88' lang='lat' dir='ltr'>matis</span> <span class='ocrx_word' id='word_1_232' title='bbox 1950 4355 2282 4430; x_wconf 88' lang='lat' dir='ltr'>periculum</span> <span class='ocrx_word' id='word_1_233' title='bbox 2330 4354 2583 4412; x_wconf 84' lang='lat' dir='ltr'>instaret</span> <span class='ocrx_word' id='word_1_234' title='bbox 2634 4372 2668 4410; x_wconf 92' lang='lat' dir='ltr'>a</span> <span class='ocrx_word' id='word_1_235' title='bbox 2716 4352 2992 4411; x_wconf 87' lang='lat' dir='ltr'>concilia-</span> 
     </span>
     <span class='ocr_line' id='line_1_27' title="bbox 1712 4438 2992 4524; baseline -0.003 -21"><span class='ocrx_word' id='word_1_236' title='bbox 1712 4445 1854 4503; x_wconf 91' lang='lat' dir='ltr'>bulo</span> <span class='ocrx_word' id='word_1_237' title='bbox 1901 4444 2111 4520; x_wconf 87' lang='lat' dir='ltr'>pisano</span> <span class='ocrx_word' id='word_1_238' title='bbox 2158 4438 2385 4524; x_wconf 88' lang='lat'>(1511)</span> <span class='ocrx_word' id='word_1_239' title='bbox 2432 4461 2493 4500; x_wconf 90' lang='lat' dir='ltr'>se</span> <span class='ocrx_word' id='word_1_240' title='bbox 2531 4443 2659 4518; x_wconf 83' lang='lat' dir='ltr'>jam</span> <span class='ocrx_word' id='word_1_241' title='bbox 2710 4443 2992 4500; x_wconf 83' lang='lat' dir='ltr'>adversus</span> 
     </span>
     <span class='ocr_line' id='line_1_28' title="bbox 1710 4530 2990 4608; baseline -0.002 -17"><span class='ocrx_word' id='word_1_242' title='bbox 1710 4533 1751 4591; x_wconf 86' lang='lat' dir='ltr'><strong>J</strong></span> <span class='ocrx_word' id='word_1_243' title='bbox 1755 4533 1862 4593; x_wconf 91' lang='lat' dir='ltr'>ulii</span> <span class='ocrx_word' id='word_1_244' title='bbox 1876 4534 1947 4592; x_wconf 93' lang='grc' dir='ltr'>ΙΙ.</span> <span class='ocrx_word' id='word_1_245' title='bbox 1970 4533 2384 4592; x_wconf 85' lang='lat' dir='ltr'>auctoritatem</span> <span class='ocrx_word' id='word_1_246' title='bbox 2396 4530 2670 4608; x_wconf 86' lang='lat' dir='ltr'>erigenti,</span> <span class='ocrx_word' id='word_1_247' title='bbox 2692 4531 2990 4606; x_wconf 87' lang='lat' dir='ltr'>pontificis</span> 
     </span>
     <span class='ocr_line' id='line_1_29' title="bbox 1712 4620 2992 4697; baseline -0.002 -16"><span class='ocrx_word' id='word_1_248' title='bbox 1712 4641 1952 4681; x_wconf 87' lang='lat' dir='ltr'>causam</span> <span class='ocrx_word' id='word_1_249' title='bbox 1971 4622 2155 4691; x_wconf 85' lang='lat' dir='ltr'>factis,</span> <span class='ocrx_word' id='word_1_250' title='bbox 2182 4621 2438 4697; x_wconf 77' lang='lat' dir='ltr'>scripti8‚</span> <span class='ocrx_word' id='word_1_251' title='bbox 2472 4620 2739 4679; x_wconf 89' lang='lat' dir='ltr'>consiliis</span> <span class='ocrx_word' id='word_1_252' title='bbox 2759 4620 2992 4695; x_wconf 84' lang='lat' dir='ltr'>egregie</span> 
     </span>
     <span class='ocr_line' id='line_1_30' title="bbox 1711 4707 2988 4791; baseline -0.005 -20"><span class='ocrx_word' id='word_1_253' title='bbox 1711 4714 1945 4771; x_wconf 84' lang='lat' dir='ltr'>tutatus</span> <span class='ocrx_word' id='word_1_254' title='bbox 1977 4714 2069 4770; x_wconf 87' lang='lat' dir='ltr'>est</span> <span class='ocrx_word' id='word_1_255' title='bbox 2101 4707 2196 4791; x_wconf 84' lang='lat' dir='ltr'>(cf.</span> <span class='ocrx_word' id='word_1_256' title='bbox 2229 4710 2537 4769; x_wconf 87' lang='lat' dir='ltr'>Hardouin</span> <span class='ocrx_word' id='word_1_257' title='bbox 2570 4709 2698 4770; x_wconf 87' lang='lat' dir='ltr'>coll.</span> <span class='ocrx_word' id='word_1_258' title='bbox 2717 4727 2871 4767; x_wconf 83' lang='lat' dir='ltr'>cone.</span> <span class='ocrx_word' id='word_1_259' title='bbox 2893 4708 2988 4776; x_wconf 87' lang='lat' dir='ltr'>IX,</span> 
     </span>
     <span class='ocr_line' id='line_1_31' title="bbox 1718 4798 2992 4880; baseline -0.006 -18"><span class='ocrx_word' id='word_1_260' title='bbox 1718 4810 1886 4864; x_wconf 83' lang='lat'>1618</span> <span class='ocrx_word' id='word_1_261' title='bbox 1923 4798 2043 4880; x_wconf 69' lang='lat' dir='ltr'>sa).</span> <span class='ocrx_word' id='word_1_262' title='bbox 2106 4799 2176 4857; x_wconf 91' lang='lat' dir='ltr'>In</span> <span class='ocrx_word' id='word_1_263' title='bbox 2208 4800 2554 4859; x_wconf 87' lang='lat' dir='ltr'>meritorum</span> <span class='ocrx_word' id='word_1_264' title='bbox 2601 4798 2926 4871; x_wconf 78' lang='lat' dir='ltr'>praemium</span> <span class='ocrx_word' id='word_1_265' title='bbox 2960 4818 2992 4855; x_wconf 90' lang='lat' dir='ltr'>a</span> 
     </span>
     <span class='ocr_line' id='line_1_32' title="bbox 1711 4886 2988 4958; baseline -0.005 -10"><span class='ocrx_word' id='word_1_266' title='bbox 1711 4891 1904 4958; x_wconf 81' lang='lat' dir='ltr'>Leone</span> <span class='ocrx_word' id='word_1_267' title='bbox 1938 4890 2003 4947; x_wconf 88' lang='lat' dir='ltr'>X.</span> <span class='ocrx_word' id='word_1_268' title='bbox 2038 4893 2269 4948; x_wconf 75' lang='lat' dir='ltr'>creatus</span> <span class='ocrx_word' id='word_1_269' title='bbox 2303 4892 2394 4946; x_wconf 83' lang='lat' dir='ltr'>est</span> <span class='ocrx_word' id='word_1_270' title='bbox 2436 4900 2482 4950; x_wconf 91' lang='lat'>1.</span> <span class='ocrx_word' id='word_1_271' title='bbox 2517 4886 2638 4945; x_wconf 86' lang='lat' dir='ltr'>Jul.</span> <span class='ocrx_word' id='word_1_272' title='bbox 2671 4897 2832 4950; x_wconf 75' lang='lat'>1517</span> <span class='ocrx_word' id='word_1_273' title='bbox 2869 4907 2988 4943; x_wconf 80' lang='lat' dir='ltr'>car-</span> 
     </span>
    </p>
   </div>
   <div class='ocr_carea' id='block_1_5' title="bbox 1680 3674 1689 4098">
    <p class='ocr_par' dir='ltr' id='par_1_5' title="bbox 1680 3674 1689 4098">
     <span class='ocr_line' id='line_1_33' title="bbox 1680 3674 1689 4098; baseline 0 1266"><span class='ocrx_word' id='word_1_274' title='bbox 1680 3674 1689 4098; x_wconf 95' lang='lat' dir='ltr'> </span> 
     </span>
    </p>
   </div>
   <div class='ocr_carea' id='block_1_6' title="bbox 374 4209 689 4217">
    <p class='ocr_par' dir='ltr' id='par_1_6' title="bbox 374 4209 689 4217">
     <span class='ocr_line' id='line_1_34' title="bbox 374 4209 689 4217; baseline 0 1147"><span class='ocrx_word' id='word_1_275' title='bbox 374 4209 689 4217; x_wconf 95' lang='lat' dir='ltr'> </span> 
     </span>
    </p>
   </div>
   <div class='ocr_carea' id='block_1_7' title="bbox 367 4255 1656 4966">
    <p class='ocr_par' dir='ltr' id='par_1_7' title="bbox 367 4255 1656 4966">
     <span class='ocr_line' id='line_1_35' title="bbox 487 4255 1654 4326; baseline 0.002 -18"><span class='ocrx_word' id='word_1_276' title='bbox 487 4259 522 4326; x_wconf 71' lang='grc' dir='ltr'>ι&gt;</span> <span class='ocrx_word' id='word_1_277' title='bbox 586 4255 1102 4311; x_wconf 73' lang='lat' dir='ltr'>praetermittimus</span> <span class='ocrx_word' id='word_1_278' title='bbox 1163 4273 1228 4310; x_wconf 84' lang='lat' dir='ltr'>ex</span> <span class='ocrx_word' id='word_1_279' title='bbox 1291 4257 1397 4312; x_wconf 85' lang='lat' dir='ltr'>hoc</span> <span class='ocrx_word' id='word_1_280' title='bbox 1458 4257 1654 4311; x_wconf 86' lang='lat' dir='ltr'>ordine</span> 
     </span>
     <span class='ocr_line' id='line_1_36' title="bbox 370 4326 1655 4399; baseline 0.003 -21"><span class='ocrx_word' id='word_1_281' title='bbox 370 4326 729 4379; x_wconf 85' lang='lat' dir='ltr'>Joannem</span> <span class='ocrx_word' id='word_1_282' title='bbox 793 4327 1276 4382; x_wconf 86' lang='lat' dir='ltr'>Baerlenum</span> <span class='ocrx_word' id='word_1_283' title='bbox 1340 4333 1394 4399; x_wconf 84' lang='lat' dir='ltr'>(a</span> <span class='ocrx_word' id='word_1_284' title='bbox 1455 4328 1655 4382; x_wconf 65' lang='lat' dir='ltr'>Baerle</span> 
     </span>
     <span class='ocr_line' id='line_1_37' title="bbox 371 4397 1655 4470; baseline 0.004 -20"><span class='ocrx_word' id='word_1_285' title='bbox 371 4397 688 4467; x_wconf 88' lang='lat' dir='ltr'>municipio</span> <span class='ocrx_word' id='word_1_286' title='bbox 716 4397 904 4468; x_wconf 83' lang='lat' dir='ltr'>patria</span> <span class='ocrx_word' id='word_1_287' title='bbox 948 4398 1007 4451; x_wconf 89' lang='lat' dir='ltr'>in</span> <span class='ocrx_word' id='word_1_288' title='bbox 1036 4399 1343 4453; x_wconf 83' lang='lat' dir='ltr'>Brabantia.</span> <span class='ocrx_word' id='word_1_289' title='bbox 1384 4399 1467 4452; x_wconf 85' lang='lat' dir='ltr'>ita</span> <span class='ocrx_word' id='word_1_290' title='bbox 1507 4402 1655 4470; x_wconf 84' lang='lat' dir='ltr'>apel·</span> 
     </span>
     <span class='ocr_line' id='line_1_38' title="bbox 372 4467 1656 4541; baseline 0.003 -20"><span class='ocrx_word' id='word_1_291' title='bbox 372 4467 575 4540; x_wconf 87' lang='lat' dir='ltr'>latum)</span> <span class='ocrx_word' id='word_1_292' title='bbox 602 4468 665 4522; x_wconf 86' lang='lat' dir='ltr'>in</span> <span class='ocrx_word' id='word_1_293' title='bbox 692 4469 984 4523; x_wconf 88' lang='lat' dir='ltr'>academia</span> <span class='ocrx_word' id='word_1_294' title='bbox 1022 4470 1476 4541; x_wconf 88' lang='lat' dir='ltr'>heidelbergensi</span> <span class='ocrx_word' id='word_1_295' title='bbox 1502 4473 1656 4525; x_wconf 80' lang='lat' dir='ltr'>theo·</span> 
     </span>
     <span class='ocr_line' id='line_1_39' title="bbox 371 4540 1656 4612; baseline 0.002 -20"><span class='ocrx_word' id='word_1_296' title='bbox 371 4540 557 4609; x_wconf 86' lang='lat' dir='ltr'>logiae</span> <span class='ocrx_word' id='word_1_297' title='bbox 621 4541 962 4610; x_wconf 86' lang='lat' dir='ltr'>magistrum</span> <span class='ocrx_word' id='word_1_298' title='bbox 1014 4545 1071 4596; x_wconf 94' lang='lat' dir='ltr'>et</span> <span class='ocrx_word' id='word_1_299' title='bbox 1115 4542 1504 4612; x_wconf 85' lang='lat' dir='ltr'>professorem,</span> <span class='ocrx_word' id='word_1_300' title='bbox 1556 4560 1656 4612; x_wconf 90' lang='lat' dir='ltr'>per</span> 
     </span>
     <span class='ocr_line' id='line_1_40' title="bbox 367 4609 1655 4684; baseline 0.003 -20"><span class='ocrx_word' id='word_1_301' title='bbox 367 4609 669 4666; x_wconf 88' lang='lat' dir='ltr'>dioecesim</span> <span class='ocrx_word' id='word_1_302' title='bbox 719 4611 1063 4666; x_wconf 87' lang='lat' dir='ltr'>leodiensem</span> <span class='ocrx_word' id='word_1_303' title='bbox 1106 4613 1423 4668; x_wconf 81' lang='lat' dir='ltr'>haereticae</span> <span class='ocrx_word' id='word_1_304' title='bbox 1470 4613 1655 4684; x_wconf 82' lang='lat' dir='ltr'>pravi-</span> 
     </span>
     <span class='ocr_line' id='line_1_41' title="bbox 371 4682 1653 4756; baseline 0.002 -21"><span class='ocrx_word' id='word_1_305' title='bbox 371 4682 506 4736; x_wconf 85' lang='lat' dir='ltr'>tatis</span> <span class='ocrx_word' id='word_1_306' title='bbox 550 4682 948 4751; x_wconf 85' lang='lat' dir='ltr'>inquisitorem</span> <span class='ocrx_word' id='word_1_307' title='bbox 989 4685 1311 4755; x_wconf 87' lang='lat' dir='ltr'>generalem</span> <span class='ocrx_word' id='word_1_308' title='bbox 1357 4689 1404 4756; x_wconf 84' lang='lat'>(†</span> <span class='ocrx_word' id='word_1_309' title='bbox 1446 4691 1497 4742; x_wconf 83' lang='lat'>4.</span> <span class='ocrx_word' id='word_1_310' title='bbox 1538 4685 1653 4744; x_wconf 79' lang='lat' dir='ltr'>Jul.</span> 
     </span>
     <span class='ocr_line' id='line_1_42' title="bbox 370 4754 1655 4827; baseline 0 -17"><span class='ocrx_word' id='word_1_311' title='bbox 370 4758 546 4818; x_wconf 80' lang='lat'>1539),</span> <span class='ocrx_word' id='word_1_312' title='bbox 592 4754 757 4824; x_wconf 88' lang='lat' dir='ltr'>cujus</span> <span class='ocrx_word' id='word_1_313' title='bbox 806 4755 1065 4809; x_wconf 76' lang='lat' dir='ltr'>exstabat</span> <span class='ocrx_word' id='word_1_314' title='bbox 1112 4756 1447 4811; x_wconf 87' lang='lat' dir='ltr'>Mechliniae</span> <span class='ocrx_word' id='word_1_315' title='bbox 1498 4756 1655 4827; x_wconf 81' lang='lat' dir='ltr'>apud</span> 
     </span>
     <span class='ocr_line' id='line_1_43' title="bbox 368 4825 1654 4887; baseline 0.002 -8"><span class='ocrx_word' id='word_1_316' title='bbox 368 4825 603 4880; x_wconf 86' lang='lat' dir='ltr'>Sodales</span> <span class='ocrx_word' id='word_1_317' title='bbox 629 4827 1071 4881; x_wconf 85' lang='lat' dir='ltr'>commentarius</span> <span class='ocrx_word' id='word_1_318' title='bbox 1116 4827 1177 4880; x_wconf 90' lang='lat' dir='ltr'>in</span> <span class='ocrx_word' id='word_1_319' title='bbox 1206 4834 1255 4887; x_wconf 90' lang='lat'>1.</span> <span class='ocrx_word' id='word_1_320' title='bbox 1283 4827 1321 4881; x_wconf 89' lang='lat'>1.</span> <span class='ocrx_word' id='word_1_321' title='bbox 1348 4829 1654 4883; x_wconf 84' lang='lat' dir='ltr'>seutentia-</span> 
     </span>
     <span class='ocr_line' id='line_1_44' title="bbox 368 4897 840 4966; baseline 0.004 -18"><span class='ocrx_word' id='word_1_322' title='bbox 368 4915 496 4949; x_wconf 90' lang='lat' dir='ltr'>rum</span> <span class='ocrx_word' id='word_1_323' title='bbox 524 4897 840 4966; x_wconf 64' lang='lat' dir='ltr'>(ineditus).</span> 
     </span>
    </p>
   </div>
   <div class='ocr_carea' id='block_1_8' title="bbox 1680 4105 1687 4546">
    <p class='ocr_par' dir='ltr' id='par_1_8' title="bbox 1680 4105 1687 4546">
     <span class='ocr_line' id='line_1_45' title="bbox 1680 4105 1687 4546; baseline 0 818"><span class='ocrx_word' id='word_1_324' title='bbox 1680 4105 1687 4546; x_wconf 95' lang='lat' dir='ltr'> </span> 
     </span>
    </p>
   </div>
   <div class='ocr_carea' id='block_1_9' title="bbox 1680 4559 1687 4954">
    <p class='ocr_par' dir='ltr' id='par_1_9' title="bbox 1680 4559 1687 4954">
     <span class='ocr_line' id='line_1_46' title="bbox 1680 4559 1687 4954; baseline 0 410"><span class='ocrx_word' id='word_1_325' title='bbox 1680 4559 1687 4954; x_wconf 95' lang='lat' dir='ltr'> </span> 
     </span>
    </p>
   </div>
  </div>
 </body>
</html>
