3475 5364
273 375 324 427 2
341 376 417 428 21
583 406 591 413 ,
1047 359 1247 412 Petrus
1274 359 1507 423 Pictav.,
1535 358 1819 413 Robertus
1847 359 1916 413 de
1944 355 2209 417 Corceon,
2812 376 2935 430 222

273 545 550 603 tionem.
604 544 721 602 Eas
754 544 943 603 edidit
971 545 1232 620 primum
1265 545 1602 622 Mingarelli
1627 573 1635 675 1
1656 545 1820 604 Petri
1851 544 2165 603 Lombardi
2200 544 2544 619 discipulus.
2595 546 2939 619 parisiensis

269 634 359 691 in
382 634 840 692 Anecdotorum
872 633 1157 693 fasciculo
1189 635 1404 693 Romae
1433 644 1596 697 1756
1657 633 1943 711 magister
1983 654 2031 691 a.
2068 642 2147 696 36
2198 637 2261 692 et
2303 636 2444 709 post
2492 634 2741 693 Petrum
2774 635 2937 693 Man·

278 742 432 800 pag.
479 735 504 785 l
523 734 558 784 7
580 735 597 784 1
632 741 707 781 ss.
743 756 830 765 —-
861 722 1040 782 Liber
1061 726 1120 781 in
1141 724 1605 782 distinctionibus
1657 723 2002 782 ducatorem
2036 720 2130 803 (cf.
2154 741 2335 798 supra
2354 742 2407 797 p.
2438 720 2585 801 183)
2609 724 2939 784 academiae

276 814 627 871 dictionum
662 812 793 893 (seu
824 808 1049 891 rerum)
1095 813 1599 890 theologicalium,
1656 812 2044 871 cancellarius
2079 811 2139 893 (†
2179 808 2390 892 1205).
2423 812 2539 870 Eos
2560 813 2750 871 edidit
2765 814 2940 891 Hugo

279 921 337 959 s.
371 902 413 959 l.
447 906 697 978 typogr.
744 905 807 960 et
851 922 899 958 a.
937 898 1344 983 (Argentorati
1385 900 1598 977 1476),
1656 901 1959 967 Mathoud,
2016 901 2257 959 Parisiis
2300 900 2723 983 16550(Migne
2755 903 2937 969 CCXI,

285 992 611 1066 specimen
642 991 822 1049 lexici
854 990 1226 1065 alphabetico
1246 991 1454 1050 ordine
1480 991 1600 1050 dis·
1662 986 2082 1069 789—1280)
2116 990 2343 1048 notatis
2375 991 2625 1061 mendiS,
2663 1011 2814 1067 quae
2846 992 2934 1051 in-

283 1081 492 1155 positi
503 1098 743 1149 vocum,
757 1081 984 1155 quaein
997 1099 1039 1137 s.
1054 1079 1602 1157 Scripturaettheo·
1656 1079 1847 1138 currit
1868 1079 2045 1137 nimis
2066 1079 2379 1138 inhaerens
2395 1081 2679 1155 magistro
2701 1100 2829 1147 suo,
2853 1100 2938 1140 ex.

290 1169 466 1245 logia
495 1172 844 1239 occurrunt,
878 1170 1137 1245 praebet.
1171 1169 1403 1228 Nititur
1439 1170 1501 1228 in
1533 1189 1602 1229 eo
1657 1188 1744 1246 gr.
1780 1168 2073 1245 Spiritum
2106 1187 2150 1226 s.
2185 1187 2316 1227 esse
2364 1169 2671 1228 caritatem
2705 1170 2938 1229 animae

295 1259 836 1336 ,theologicorum
866 1258 1186 1318 verborum
1219 1258 1600 1336 significatio·
1655 1258 2081 1326 inhaerentem,
2133 1262 2195 1316 et
2243 1261 2480 1333 praeter
2522 1278 2658 1317 eum
2704 1260 2941 1318 nullum

291 1366 410 1406 nes
428 1347 831 1423 distinguere,
854 1349 1327 1424 metaphorarum
1340 1348 1601 1407 rationes
1656 1346 1907 1423 reperiri
1967 1346 2238 1405 habitum
2288 1346 2554 1405 infusum
2616 1352 2723 1407 etc.
2787 1349 2940 1407 Eum

290 1437 635 1513 assignare,
668 1438 932 1496 occultas
948 1441 1256 1512 troporum
1272 1437 1601 1513 positiones
1656 1436 1886 1503 acriter,
1922 1436 2024 1494 sed
2056 1435 2353 1494 immerito
2369 1436 2744 1514 impugnavit
2761 1437 2938 1495 Gual·

293 1526 367 1584 in
399 1527 604 1584 lucem
637 1526 937 1596 reducere,
972 1529 1043 1585 ut
1061 1526 1305 1585 liberior
1325 1527 1395 1584 ad
1421 1546 1465 1583 s.
1498 1545 1601 1602 pa·
1654 1528 1822 1584 terus
1869 1525 2033 1601 prior
2076 1544 2117 1583 s.
2158 1524 2409 1583 Victoris
2452 1526 2798 1601 parisiensis
2847 1524 2940 1607 (cf.

295 1616 514 1692 ginam
546 1614 851 1691 pandatur
898 1616 1238 1674 introitus.‘
1265 1649 1352 1659 —
1373 1616 1601 1674 Alanus
1658 1634 1715 1689 p.
1754 1610 1879 1693 95).
1915 1613 2179 1690 Reliquit
2210 1613 2327 1672 alia
2345 1632 2521 1691 opera
2540 1633 2733 1683 mser„
2757 1634 2937 1691 quae-

295 1704 571 1780 insignis
607 1722 845 1779 quoque
875 1706 1004 1763 erat
1033 1707 1222 1780 po‘eta.
1270 1708 1341 1763 ut
1385 1705 1603 1780 probat
1656 1703 1791 1762 dam
1808 1703 1987 1762 etiam
2001 1703 2065 1762 in
2093 1723 2136 1761 s,
2156 1703 2538 1778 Scripturam,
2571 1723 2860 1763 sermones
2876 1700 2938 1784 ¹),

296 1794 616 1869 prolixum
637 1796 698 1852 et
717 1793 1184 1852 eruditissimum
1216 1795 1344 1869 ejus
1365 1813 1599 1853 carmen
1656 1797 1718 1852 et
1748 1792 1979 1868 primus
2006 1794 2231 1870 qlossas
2263 1793 2326 1849 in
2359 1811 2508 1869 opus
2530 1794 2803 1870 magistri
2825 1796 2937 1861 sui,

297 1882 681 1941 didacticum
743 1880 1240 1941 Anticlaudianus
1253 1880 1298 1955 1)
1353 1883 1478 1941 sive
1528 1884 1600 1941 de
1656 1901 1810 1957 quae
1843 1881 2132 1940 differunt
2164 1881 2238 1939 ab
2270 1900 2444 1957 opere
2477 1882 2656 1941 edito.
2691 1917 2778 1926 —
2812 1884 2940 1941 Ro-

297 1972 505 2030 officio
541 1971 661 2029 viri
693 1971 835 2030 boni
867 1974 929 2030 et
960 1971 1204 2048 perfecti
1239 1973 1298 2030 ll.
1335 1982 1391 2040 9,
1441 1972 1602 2045 quod
1656 1972 1917 2030 bertus
1939 1971 2020 2029 de
2042 1970 2350 2029 Corceon
2373 1967 2674 2052 (Chorcon,
2694 1972 2938 2039 Curson,

297 2061 554 2137 saepius
588 2064 727 2135 post
744 2060 997 2137 primam
1030 2061 1118 2119 ed.
1141 2061 1405 2120 Basileae
1435 2071 1597 2124 1536
1658 2056 1984 2139 Curtonus)
2021 2060 2269 2136 Anglus,
2304 2059 2619 2137 theologus
2651 2062 2941 2137 parisien·

297 2150 558 2226 prodiit,
611 2168 787 2226 saepe
836 2150 961 2208 sine
1021 2150 1279 2210 auctoris
1341 2150 1599 2219 nomine,
1659 2149 1742 2207 sis
1793 2148 2038 2213 celeber,
2092 2149 2407 2207 cardinalis
2464 2146 2609 2229 (121
2638 2148 2711 2229 l),
2765 2150 2941 2208 Inno-

299 2240 639 2316 magnique
684 2238 905 2297 factum
950 2243 1044 2298 est
1086 2238 1280 2298 medio
1312 2258 1488 2310 aevo3
1535 2241 1603 2297 de
1658 2237 1839 2296 centii
1883 2236 1986 2295 111.
2038 2241 2099 2296 et
2127 2238 2375 2296 Honorii
2405 2238 2507 2295 111.
2554 2258 2659 2314 per
2693 2239 2942 2296 Galliam

297 2331 551 2404 planctu
571 2335 826 2386 naturae
845 2348 1019 2403 prosa
1045 2332 1106 2386 et
1125 2330 1379 2387 carmine
1400 2331 1604 2387 contra
1656 2327 1729 2385 ad
1763 2326 2093 2403 urgendam
2126 2328 2323 2385 terrae
2355 2330 2591 2386 sanctae
2623 2346 2937 2402 recupera-

301 2417 616 2476 sodomiae
648 2418 890 2476 crimen.
956 2417 1369 2494 Distinguitur
1399 2420 1599 2476 autem
1655 2417 1882 2475 tionem
1944 2417 2005 2474 et
2055 2417 2260 2473 contra
2309 2416 2662 2492 Albigenses
2713 2417 2939 2475 bellum

297 2509 518 2565 auctor
549 2509 754 2565 noster
799 2507 873 2565 ab
919 2507 1053 2565 aliis
1084 2507 1474 2583 scriptoribus
1507 2507 1601 2565 sui
1656 2506 1891 2582 legatus
1945 2502 2007 2587 (†
2065 2513 2224 2566 1218
2273 2505 2337 2562 in
2370 2501 2749 2585 Palaestina),
2803 2524 2939 2565 con-

299 2596 439 2655 aevi
472 2595 755 2655 methodo
803 2596 1184 2673 systematica
1232 2598 1294 2654 et
1326 2595 1447 2655 fere
1479 2615 1600 2654 ma·
1628 2595 1925 2691 'cinnavit
1975 2594 2276 2652 Summam
2327 2595 2709 2672 theoloyicam,
2762 2613 2939 2670 quam

302 2687 654 2750 thematica,
703 2704 822 2761 qua
852 2686 1071 2745 nititur
1110 2706 1178 2745 ex
1209 2686 1346 2744 fidei
1378 2685 1600 2744 articu·
1658 2685 1856 2743 Oudin
1907 2684 1980 2752 II,
2048 2694 2206 2746 1715
2271 2685 2470 2758 praelo
2532 2684 2940 2762 dignissimam

300 2777 381 2834 lis
416 2778 729 2851 tamquam
762 2793 829 2832 ex
849 2775 1155 2834 axiomatis
1188 2774 1332 2833 alias
1364 2775 1600 2834 conclu·
1657 2776 1869 2832 censet.
1922 2773 2005 2831 Ex
2038 2772 2204 2831 illius
2244 2791 2506 2832 summae
2537 2777 2611 2831 tr.
2646 2774 2714 2832 de
2738 2776 2938 2850 poeni-

302 2865 510 2924 siones
587 2864 1030 2940 philosophicas
1107 2869 1167 2923 et
1239 2865 1601 2942 theologicas
1657 2865 1834 2922 tentia
1866 2861 2158 2937 excerpsit
2176 2861 2485 2938 ediditque
2517 2863 2727 2921 Petit
2758 2882 2938 2939 quae-

301 2972 524 3012 eruere
558 2955 620 3012 et
650 2954 724 3011 ad
755 2958 1018 3030 systema
1062 2972 1346 3013 revocare.
1411 2954 1602 3012 Duces
1657 2953 1792 3010 dam
1838 2951 2030 3026 capita
2076 2955 2211 3026 post
2254 2952 2681 3026 poenitentiale
2714 2951 2940 3010 Theo-

301 3043 593 3118 sequitur
636 3043 699 3101 in
745 3044 875 3102 suis
907 3042 1366 3102 deductionibus
1399 3061 1443 3101 s.
1479 3045 1598 3101 An-

301 3134 569 3191 selmum
618 3135 678 3190 et
722 3132 1140 3190 Abaelardum.
1203 3132 1276 3190 In
1320 3131 1601 3208 operibus

304 3221 567 3297 poeticis
599 3221 956 3298 praelusisse
1002 3220 1226 3280 dicitur
1270 3225 1478 3297 poetae
1510 3239 1602 3279 ce·
1657 3213 1935 3293 cretas-1¹1⁸
1978 3211 2152 3294 ’Petri
2216 3211 2571 3294 venerabilis,
2647 3213 2750 3281 qui
2812 3230 2940 3294 eum

305 3311 634 3369 leberrimo
667 3311 859 3369 Dante
1657 3301 1854 3354 magm
1882 3284 2145 3337 faciebat.
2179 3282 2373 3337 Postea
2401 3285 2770 3354 fuitmagnus
2786 3301 2943 3353 pr1or

863 3355 874 3368 ‘
1658 3355 2053 3409 cluniacensis.
2100 3354 2373 3409 Censetur
2412 3373 2562 3409 unus
2607 3373 2671 3409 ex
2699 3355 2941 3410 meliori-

1662 3429 1765 3481 bus
1791 3427 1976 3495 poetis
2003 3425 2201 3479 latinis
2241 3425 2652 3495 posterioribus
2693 3437 2737 3490 (†
2765 3431 2942 3486 1160).

407 3498 554 3551 125.
588 3489 1023 3547 Sententiarum
1053 3489 1109 3550 ll.
1142 3488 1602 3564 VcollegitPe·
1659 3498 1798 3568 Ejus
1828 3507 2080 3566 poemata
2120 3497 2460 3567 prodierunt
2497 3499 2558 3551 in
2600 3488 2942 3552 bibliotheca

303 3582 488 3637 trus
523 3577 1083 3656 Pictaviensisffl)
1119 3577 1338 3655 dignus
1369 3581 1428 3635 et
1448 3576 1602 3636 fidus
1659 3567 2449 3710 (ἓῇἓέῡίῧῗῖᾎξῦτξὶξῦἓυὲ
2483 3569 2943 3694 ἓῑθξῇῑίξᾶζ

395 3787 429 3854 ·)
457 3783 730 3855 Hertling
756 3785 794 3840 l.
822 3801 868 3839 e.
892 3806 903 3837 :
932 3785 1013 3836 Im
1031 3785 1344 3852 Gegensatz
1362 3801 1429 3836 zu
1450 3782 1605 3837 einer
1660 3786 1861 3838 auctor
1885 3783 1922 3838 l.
1953 3787 2347 3851 depoenitentia
2370 3800 2467 3837 seu
2485 3784 2554 3837 de
2572 3783 2941 3848 confessione,

311 3855 520 3923 Satyra
582 3855 928 3918 Claudiana,
1011 3854 1190 3908 worin
1252 3854 1345 3907 die
1411 3855 1606 3908 Laster
1661 3872 1729 3908 ex
1758 3871 1872 3923 quo
1899 3855 2021 3910 loca
2049 3854 2331 3922 quaedam
2357 3854 2623 3923 vulgavit
2646 3855 2763 3909 Jac.
2791 3854 2947 3908 Petit

308 3926 433 3980 sich
461 3928 878 3991 verschworen,
921 3944 1021 3980 um
1046 3926 1225 3980 durch
1251 3925 1492 3980 Rufinus
1516 3925 1608 3980 ihr
1661 3926 1733 3980 ad
1786 3925 1994 3981 calcem
2047 3925 2484 3979 Poenitentialis
2535 3925 2818 3981 Theodori
2861 3943 2943 3979 ar·

310 3997 640 4068 Werkzeug
679 3998 774 4052 die
815 3997 1059 4068 Tugend
1099 4014 1202 4052 aus
1229 3998 1328 4051 der
1355 3997 1512 4053 Wclt
1536 4016 1606 4051 zu
1661 3997 1848 4067 chiep.
1874 4000 2022 4051 cant.
2051 4016 2105 4067 p.
2132 4002 2235 4053 341
2266 4015 2325 4061 s.,
2371 3997 2604 4051 Parisiis
2632 4003 2788 4054 1679.
2838 3997 2945 4051 Hic

315 4070 659 4134 vertreiben,
701 4069 986 4124 achildert
1024 4070 1090 4122 A.
1129 4069 1237 4123 wie
1282 4069 1375 4123 die
1401 4069 1606 4134 Natur,
1664 4073 1857 4124 nostro
1885 4072 2071 4123 aetate
2098 4069 2377 4138 posterior
2404 4068 2641 4123 exstitit.
2672 4068 2754 4124 Cf.
2782 4068 2947 4122 Feret

310 4141 596 4195 nachdem
641 4142 785 4197 Gott
833 4141 963 4194 eine
1015 4140 1192 4212 vollig
1242 4140 1398 4194 reine
1449 4139 1607 4196 Seele
1667 4142 1708 4203 Ι.
1739 4145 1984 4200 68-72ς
2047 4157 2186 4210 prae
2252 4140 2448 4209 primis
2516 4141 2789 4193 Haureau
2844 4141 2940 4205 111,

445 4213 658 4277 haffen,
698 4213 781 4266 im
809 4212 1022 4267 Verein
1063 4213 1169 4265 mit
1207 4212 1360 4266 allen
1387 4212 1609 4282 Tugen·
1663 4217 1930 4269 259—72.
1982 4215 2265 4280 Epitomen
2309 4215 2561 4266 historiae
2609 4215 2822 4266 bibl-'cae
2871 4213 2945 4266 ab

354 4301 427 4337 en
460 4284 632 4339 einen
658 4284 1128 4338 vollkommenen
1155 4283 1459 4337 Menschen
1484 4300 1609 4337 aus·
1663 4300 1728 4336 eo
1757 4284 2105 4338 elaboratam
2131 4282 2573 4337 introductionis
2590 4283 2773 4336 instar
2791 4301 2946 4353 prae-

312 4355 589 4497 Ξῗῗὶέῗὲ
612 4354 1609 4481 ἰξὲθῗὶἓῖῃξιὲθὲρὲἶὲἓίοἲέῗὲἐ
1665 4353 1823 4479 {¹23}
1826 4355 1966 4494 152³?
1969 4354 2703 4495 1⁰322ffi¹1¹ss¹353¹¹⁰113323⁸
2723 4353 2947 4492 ³333?ssss

312 4499 490 4552 liches
516 4447 729 4553 zupden
757 4498 1013 4552 Werken
1051 4498 1148 4551 des
1175 4498 1409 4562 Alanus,
1438 4502 1608 4556 18942
1665 4502 1824 4554 1591.
1852 4497 1933 4552 Cf.
1965 4498 2110 4551 Hist.
2138 4497 2352 4561 Litter„
2383 4496 2612 4551 Parisiis
2639 4503 2779 4553 1824
2800 4491 2945 4561 XVI,

313 4569 742 4641 Baumgartner
783 4570 879 4625 die
909 4568 1418 4639 Phssosophie.dee
1445 4572 1512 4622 A.
1539 4568 1609 4622 de
1662 4574 1770 4624 485
1798 4586 1839 4622 s.
1864 4574 1988 4625 488.
2039 4568 2204 4622 Esset
2229 4568 2341 4621 KL.
2371 4569 2462 4632 IX,
2491 4573 2648 4626 1935.

315 4642 544 4708 lunulis,
574 4642 836 4696 munster
865 4645 1037 4700 1897;
1065 4640 1260 4698 Gesch.
1288 4641 1387 4694 der
1415 4641 1609 4695 Weltl.
1746 4645 1781 4711 ¹)
1811 4641 2051 4696 Ratione
2077 4641 2281 4695 horum
2309 4656 2632 4694 sermonum
2660 4640 2854 4693 scribit
2878 4641 2947 4693 de

315 4713 335 4765 1
347 4713 411 4778 V,
437 4718 749 4771 387-391.
1667 4728 1730 4764 eo
1762 4713 2031 4766 Haureau
2060 4712 2153 4776 111,
2182 4715 2284 4768 75:
2312 4711 2396 4764 En
2424 4727 2636 4765 somme
2665 4711 2850 4763 Pierre
2878 4711 2947 4764 de

385 4789 428 4856 ²)
455 4787 549 4840 Ab
599 4786 707 4840 hoc
756 4783 1051 4854 distingui
1099 4783 1310 4838 debent
1352 4783 1451 4837 alii
1496 4783 1611 4838 duo
1668 4784 1727 4842 Ρ,
1756 4786 1949 4837 estun
1975 4784 2073 4836 des
2111 4785 2254 4837 bons
2294 4782 2678 4852 predicateurs
2712 4783 2787 4835 du
2820 4784 2947 4835 xue

314 4857 574 4925 ejusdem
602 4857 858 4914 nominis
886 4858 946 4910 et
971 4855 1225 4926 ejusdem
1246 4856 1362 4910 fere
1388 4856 1611 4910 aetatis.
1668 4855 1856 4910 siecle.
1905 4856 2018 4910 Son
2046 4855 2227 4925 grand
2257 4855 2454 4908 merite
2481 4858 2568 4907 est
2592 4853 2661 4906 de
2688 4854 2949 4923 toujours

319 4927 359 4980 P
379 4931 548 4984 etru
566 4948 594 4983 s
637 4926 1033 5000 pictaviensis,
1074 4926 1389 4997 discipulus
1434 4929 1493 4980 et
1536 4943 1613 4981 se·
1668 4930 1787 4981 etre
1814 4943 2004 4998 grave,
2032 4943 2162 4979 sans
2189 4929 2306 4979 etre
2325 4927 2535 4996 jamais
2561 4925 2792 4996 pedant.

1659 3713 1874 3766 tinctus
1900 3729 1935 3764 a
1961 3712 2003 3764 P
2019 3728 2048 3764 e
2066 3714 2182 3765 tro
2211 3711 2467 3774 Cantom,
2509 3712 2579 3765 de
2607 3729 2719 3780 quo
2749 3717 2941 3792 p2165,
3033 3714 3039 3719 ’
