3475 5364
1269 388 1468 442 Petrus
1494 387 1871 442 Venerabilis.

232 407 375 459 109
2755 405 2878 458 110

220 574 509 653 Hugone
539 573 617 632 IL
650 570 885 657 (1122)
929 573 1060 651 ipse
1100 573 1432 633 assumitur
1476 575 1537 633 in
1593 575 1816 649 quibus
1849 577 1921 633 ut
1953 574 2145 632 versio
2177 573 2455 631 omnibus
2488 571 2754 631 numeris
2788 590 2880 630 es-

220 664 531 723 abbatem
577 683 630 722 a.
674 667 853 722 natus
901 664 1145 722 nonnisi
1180 673 1281 733 30,
1316 664 1434 722 etsi
1466 664 1539 722 ad
1597 667 1690 722 set
1720 663 2014 733 absoluta,
2046 666 2329 737 quartum
2375 661 2607 723 addidit
2652 679 2880 719 sarace-

226 763 377 815 400
430 753 706 812 monachi
751 753 815 811 in
859 752 968 810 illo
1014 753 1313 829 degerent,
1368 752 1542 828 eique
1597 771 1762 822 num,
1796 753 2102 811 Mahumet
2122 752 2379 822 nomine,
2415 754 2626 827 utpote
2658 750 2882 826 patriae

222 842 447 900 multa
520 842 639 900 alia
714 841 1077 901 monasteria
1123 840 1245 900 fere
1291 841 1362 899 ad
1426 842 1543 901 duo
1599 842 1840 918 linguae
1872 841 2064 917 magis
2095 859 2365 917 gnarum,
2400 840 2585 899 nullis
2602 838 2881 915 pecunia·

223 931 451 989 millia
484 931 942 1003 subjicerentur.
979 930 1237 989 Ultimus
1269 930 1422 989 forte
1452 934 1545 989 est
1600 950 1733 989 rum
1765 930 2036 1006 expensis
2082 948 2340 1004 parcens,
2402 929 2479 987 Et
2507 929 2651 1005 quia
2681 928 2886 986 minus

224 1020 563 1090 abbatum,
610 1020 718 1095 qui
767 1020 1284 1096 congregationem
1316 1020 1543 1079 clunia·
1601 1019 1910 1078 familiaris
1943 1019 2065 1077 illis
2097 1022 2225 1077 erat
2255 1018 2466 1095 lingua
2497 1018 2699 1087 latina,
2720 1016 2883 1075 dedit

227 1126 493 1167 oensem
515 1108 867 1184 disciplinae
888 1108 1156 1167 custodia
1176 1112 1235 1167 et
1254 1104 1544 1167 bonarum
1600 1109 1683 1167 eis
1715 1109 2047 1184 adjutorem
2117 1108 2394 1175 ,doctum
2436 1107 2650 1176 virum,
2698 1104 2881 1164 dilec—

227 1199 573 1256 literarnm
616 1197 821 1256 studio
867 1198 941 1256 ad
992 1216 1276 1275 magnum
1324 1198 1542 1256 iterum
1599 1202 1730 1256 tum
1781 1197 1971 1256 filium
2025 1200 2087 1255 et
2135 1196 2379 1254 fratrem
2424 1196 2669 1255 Petrum
2713 1197 2882 1253 nota-

227 1286 536 1362 provexit
566 1287 948 1361 splendorem
1000 1290 1061 1345 et
1092 1288 1541 1346 auctoritatem:
1601 1287 1800 1345 rium‘
1835 1305 2026 1348 suum.
2077 1286 2332 1344 Reverso
2364 1285 2428 1343 in
2462 1284 2681 1343 Gallias
2712 1302 2883 1359 prae·

224 1395 395 1433 nam
416 1377 544 1450 jam
577 1374 1006 1434 detrimentum
1051 1394 1224 1450 passa
1267 1379 1397 1434 erat
1429 1374 1544 1434 sub
1601 1376 1777 1451 cipua
1809 1374 1924 1433 fuit
1955 1374 2292 1434 sollicitudo
2342 1373 2492 1432 hanc
2540 1373 2883 1431 translatio-

230 1484 283 1523 Β.
324 1464 615 1540 Hugonis
650 1459 881 1546 (1109)
928 1478 1280 1523 successore.
1343 1466 1546 1523 Gratia
1600 1482 1735 1522 nem
1783 1464 1855 1522 ad
1908 1484 1952 1522 s.
1986 1462 2357 1522 Bernardum
2402 1463 2658 1521 amicum
2706 1478 2883 1520 suum

228 1555 452 1612 valuit
482 1554 642 1629 apud
689 1553 998 1628 pontifices
1044 1556 1105 1611 et
1144 1571 1316 1631 reges
1363 1553 1543 1612 obiit·
1598 1551 2067 1622 transmittendi,
2115 1556 2186 1610 ut
2230 1571 2364 1610 eum
2398 1553 2471 1609 ad
2504 1549 2882 1609 scribendum

232 1662 372 1718 que
406 1647 728 1717 postquam
759 1641 1021 1718 praefuit
1065 1661 1200 1701 cum
1245 1642 1544 1719 dignitate
1600 1648 1806 1701 contra
1850 1647 1974 1700 tam
2019 1641 2420 1717 perniciosum
2465 1658 2724 1699 errorem
2754 1639 2881 1697 ani—

240 1742 361 1793 24.
399 1731 533 1789 Dec.
576 1742 762 1794 1056.
814 1731 1007 1806 Opera
1051 1732 1181 1806 ejus
1227 1731 1545 1790 ediderunt

231 1822 475 1879 Petrus
525 1819 600 1877 de
650 1820 851 1878 Monte
900 1821 1248 1895 Martyrum,
1300 1820 1544 1883 Parisiis

242 1923 270 1973 1
290 1917 452 1978 522,
488 1913 551 1967 et
580 1908 830 1967 Marrier
873 1911 936 1967 in
986 1909 1132 1971 bibl.
1162 1909 1541 1979 cluniacensi,

234 1998 359 2057 ind
370 2018 402 2055 e
436 2001 680 2073 recepta
697 2001 840 2055 sunt
857 1996 922 2056 in
941 1997 1086 2056 bibl.
1107 1997 1543 2074 lugdunensem

234 2096 285 2146 t.
324 2086 517 2157 XXII,
549 2091 610 2145 et
640 2088 705 2144 in
737 2087 1121 2164 patrologiam
1155 2087 1245 2145 ed.
1266 2087 1465 2164 Migne
1497 2090 1539 2146 t.

237 2175 609 2236 CLXXXIX.
673 2176 839 2234 Inter
885 2194 955 2233 ea
982 2176 1249 2235 eminent
1278 2178 1542 2251 epistola-

239 2284 389 2323 rum
423 2266 485 2322 ll.
527 2270 585 2337 6,
621 2283 772 2339 quae
805 2268 949 2323 sunt
980 2265 1302 2339 pretiosae;
1346 2284 1437 2341 ep.
1470 2265 1543 2324 ad

240 2356 505 2412 Petrum
550 2352 626 2411 de
658 2354 697 2412 J
700 2371 887 2412 oanne
931 2361 1134 2413 contra
1164 2373 1274 2430 eos,
1323 2357 1425 2430 qui
1454 2355 1543 2412 di-

241 2452 391 2501 cunt
448 2442 744 2500 Christum
790 2461 1091 2519 nunquam
1135 2462 1194 2501 se
1238 2446 1302 2501 in
1348 2443 1542 2502 Evan-

236 2533 422 2609 yeliis
454 2539 654 2606 aperte
672 2531 861 2589 Deum
881 2533 1098 2590 dixisse
1112 2552 1140 2603 ,·
1170 2536 1242 2590 tr.
1265 2534 1546 2591 adversus

225 2622 604 2697 judaeorum
622 2623 998 2679 inveteratam
1012 2622 1281 2679 duritiem
1298 2621 1360 2679 in
1396 2621 1541 2680 bibl.

242 2730 406 2770 max.
430 2711 544 2769 PP.
566 2712 610 2770 t.
631 2710 828 2779 XXII;
861 2711 967 2787 Ep.
1000 2709 1074 2768 ad
1108 2729 1152 2769 e.
1175 2711 1545 2770 Bernardum

243 2802 319 2858 de
354 2800 743 2858 translatione
773 2819 902 2875 sua,
938 2819 1057 2875 qua
1075 2800 1214 2858 fecit
1232 2800 1545 2859 transferri

245 2909 319 2948 ex
355 2887 596 2947 arabico
626 2889 693 2946 in
723 2888 978 2946 latinum
1001 2890 1218 2947 sectam
1252 2889 1378 2948 sive
1409 2890 1545 2947 hae-

245 2978 436 3037 resim
453 2994 869 3036 saracenorum
880 2989 965 3039 a.1
989 2989 1011 3040 1
1027 2986 1128 3048 43,
1141 2996 1275 3037 cum
1287 2996 1546 3036 summu·

246 3068 309 3126 la
342 3067 513 3125 brevi
545 3071 755 3125 contra
784 3067 1055 3124 haereses
1088 3072 1148 3126 et
1179 3070 1396 3125 sectam
1418 3067 1545 3125 dia-

246 3156 484 3214 bolicae
501 3156 732 3215 fraudis
753 3172 1165 3214 saracenorum
1187 3157 1312 3214 sive
1331 3157 1544 3214 ismae·

248 3246 501 3303 litatum
549 3249 614 3303 et
660 3243 987 3303 Roberti
1038 3245 1379 3304 ketenensis
1424 3243 1545 3326 (vel

246 3333 610 3410 retenensis)
643 3332 1007 3409 praefatione
1040 3334 1102 3392 in
1133 3335 1172 3391 l.
1204 3334 1353 3410 legis
1387 3352 1545 3392 sara·

250 3441 555 3492 cenorum,
591 3441 772 3496 quam
817 3422 1073 3481 Alcoran
1124 3427 1353 3494 vocant,
1404 3443 1438 3481 a
1484 3441 1546 3481 se

250 3512 563 3574 translato.
626 3510 935 3569 Profectus
985 3515 1111 3569 erat
1159 3531 1210 3570 a.
1256 3522 1407 3575 1141
1483 3513 1542 3570 in

250 3600 613 3677 Hispaniam
646 3618 998 3676 omnemque
1019 3601 1294 3659 adhibuit
1325 3619 1543 3671 curam,

250 3695 328 3749 ut
371 3689 1003 3749 Mchammedanorum
1053 3690 1408 3749 Alcoranum
1460 3691 1546 3748 la-

1601 1734 1810 1793 maret.
1871 1731 2157 1789 Ber-nardi
2200 1748 2553 1804 responsum
2583 1728 2883 1787 desidera-

1599 1839 1753 1891 muS,
1790 1821 1896 1895 qui
1928 1820 2141 1877 utilem
2176 1820 2334 1877 hunc
2353 1819 2616 1877 laborem
2648 1818 2761 1893 ipsi
2791 1836 2884 1875 re-

1600 1909 1853 1984 liquisse
1886 1908 2085 1966 abbati
2109 1908 2449 1967 doctissimo
2470 1907 2726 1965 videtur.
2762 1906 2883 1983 Igi-

1598 2001 1702 2056 tur
1739 2016 1998 2065 ,morem
2030 1998 2202 2055 illum
2224 2000 2463 2072 patrum
2485 1999 2744 2065 secutuS,
2765 2013 2884 2071 quo

1599 2087 1824 2145 nullam
1855 2106 2125 2163 unquam
2158 2104 2398 2145 suorum
2431 2090 2769 2160 temporum
2792 2083 2886 2142 vel

1600 2176 1960 2235 levissimam
1998 2175 2289 2233 haeresim
2311 2175 2542 2233 silendo
2562 2170 2881 2249 praeterie-

1599 2268 1761 2335 runt,
1795 2265 1943 2341 quin
1977 2264 2032 2322 ei
2063 2264 2207 2321 totis
2228 2263 2367 2321 fidei
2387 2263 2619 2321 viribus
2641 2261 2883 2320 resiste-

1598 2356 1734 2412 rent
1765 2357 1827 2411 et
1858 2353 2094 2428 scriptis
2125 2372 2190 2411 ac
2222 2350 2733 2428 disputationibus
2755 2368 2885 2408 esse

1599 2443 2011 2501 detestandam
2073 2459 2140 2499 ac
2202 2441 2596 2499 damnabilem
2643 2440 2885 2498 demon-

1600 2534 1863 2590 strarent
1879 2539 1925 2601 ‘‚
1963 2549 2112 2607 opus
2152 2531 2278 2605 ipse
2313 2547 2628 2607 aggressus
2649 2532 2740 2587 est
2761 2528 2822 2586 ll.
2850 2538 2883 2590 5

1601 2620 1952 2679 distinctum
2000 2622 2279 2678 adversus
2325 2620 2639 2693 nefandam
2677 2624 2887 2676 sectam

1600 2729 2034 2787 saracenorum,
2081 2729 2336 2786 quorum
2369 2711 2568 2768 tamen
2602 2709 2718 2766 duo
2753 2713 2884 2765 tan-

1601 2803 1731 2858 tum
1783 2800 1855 2857 ad
1888 2817 1995 2858 nos
2028 2802 2432 2874 pervenerunt
2446 2795 2513 2879 ¹).
2577 2797 2889 2855 Habentur

1603 3028 1696 3078 tur
1722 3025 1794 3077 ab
1822 3023 2068 3093 Erpenio
2097 3023 2168 3074 ad
2199 3024 2464 3075 Sarutain
2495 3026 2576 3077 12.
2606 3021 2889 3083 Alcoram,

1602 3095 1801 3149 durius
1829 3095 2017 3148 adhuc
2043 3095 2113 3146 ab
2141 3093 2350 3147 Huetio
2376 3093 2446 3146 de
2472 3093 2766 3160 interpret.
2784 3093 2818 3144 l.
2837 3097 2886 3147 2.

1604 3167 1684 3222 Cf.
1718 3167 1840 3222 Nic.
1870 3166 2153 3219 Antonius
2184 3165 2317 3219 bibl.
2346 3165 2493 3232 hisp.
2522 3182 2575 3220 v,
2604 3166 2640 3218 l.
2669 3169 2697 3218 ’ἲ
2730 3181 2772 3217 e.
2801 3168 2850 3218 ἴ).

1679 3243 1717 3306 ¹)
1748 3237 1830 3292 Cf.
1858 3236 2114 3290 Marte-ue
2140 3238 2201 3288 in
2230 3237 2450 3290 observ.
2495 3235 2726 3305 praevia
2755 3251 2892 3286 suae

1602 3310 1688 3362 ed.
1753 3310 1814 3361 in
1878 3307 2051 3377 ampl.
2130 3308 2344 3360 collect.
2423 3307 2512 3366 IX.
2577 3311 2732 3362 1119.
2807 3305 2888 3357 De

1602 3381 1707 3434 hac
1736 3380 2010 3446 versione,
2043 3395 2191 3447 quae
2218 3378 2278 3430 in
2306 3378 2609 3431 Occidente
2638 3377 2750 3430 fuit
2776 3394 2890 3430 om·

1602 3451 1764 3504 nium
1809 3451 2008 3520 prima.
2051 3449 2248 3503 scribit
2298 3449 2349 3502 H
2367 3467 2400 3501 a
2417 3467 2455 3500 n
2473 3467 2501 3501 e
2518 3449 2554 3500 b
2572 3465 2600 3500 e
2619 3466 2646 3499 r
2662 3467 2698 3516 g
2749 3446 2886 3505 KL2.

1603 3523 1722 3586 V11,
1743 3528 1880 3578 1017
1903 3544 1913 3574 :
1947 3521 2199 3574 Dieselbe
2218 3521 2374 3572 kann
2385 3520 2591 3600 jedoch
2610 3537 2669 3572 so
2687 3519 2889 3588 wenig‚

1602 3594 1685 3647 als
1727 3594 2054 3661 uberhaupt
2103 3592 2304 3661 irgend
2349 3608 2474 3643 eme
2523 3591 2685 3643 blosse
2729 3591 2890 3643 Cber·

1603 3671 1841 3734 setzung
1892 3683 2016 3717 zum
2087 3662 2461 3715 Verstiindniss
2525 3662 2620 3713 des
2671 3677 2890 3728 ganzen

1601 3736 1824 3790 Korans
1837 3735 2135 3799 fiihren‚da
2148 3734 2401 3788 derselbe
2419 3733 2657 3786 tausend
2671 3731 2892 3784 dunkle

250 3780 444 3838 ffinssm
490 3781 947 3879 converterem?
990 3778 1054 3838 iu
1104 3779 1390 3855 linguam,
1442 3778 1544 3837 εἶά·
1600 3806 2037 3876 Anspielungcn
2080 3806 2185 3858 auf
2209 3805 2568 3858 Thatsachen
2613 3803 2732 3856 und
2761 3802 2892 3856 Ein-

253 3872 475 3927 vocatis
507 3869 584 3926 ad
605 3867 716 3926 hoc
735 3872 1047 3944 negotium
1066 3868 1262 3926 tribus
1284 3868 1547 3927 arabicae
1602 3880 1947 3947 richtungen
1975 3878 2216 3941 cotham,
2260 3876 2469 3929 welche
2512 3875 2668 3928 einer
2693 3874 2892 3928 Erlfiu·

254 3958 496 4035 linguae
577 3956 967 4031 peritissimis
1037 3956 1213 4016 viris:

252 4046 598 4116 Ketenensi‚
623 4046 839 4122 Anglo,
862 4045 967 4121 qui
988 4047 1318 4123 peragratis
1341 4046 1544 4117 Gallia,

1293 3957 1547 4015 Roberto
1603 3953 1812 4019 terung
1863 3949 2156 4002 bediirfen.
2209 3949 2393 4001 Ausser
2447 3947 2629 4000 einem
2681 3947 2888 4014 grund-

1600 4021 1795 4074 lichen
1838 4020 2104 4075 Studium
2150 4020 2248 4072 der
2291 4018 2327 4073 S
2371 4019 2539 4071 rache
2577 4018 2734 4070 kann
2782 4035 2893 4069 nur

1605 4092 1695 4145 die
1724 4091 2050 4158 Erkliirung
2091 4091 2191 4144 der
2238 4108 2327 4144 mo
2373 4090 2887 4150 ammedanischen,

254 4136 447 4205 Ital-¹⁸⁹
460 4135 779 4235 Dalmatia,
793 4135 1036 4234 Graec&
1046 4139 1107 4192 et
1120 4135 1291 4211 Syria
1307 4134 1545 4193 demum
1603 4164 1693 4216 die
1710 4163 1799 4216 ein
1808 4163 2156 4216 heimischen
2172 4161 2541 4214 Traditionen
2566 4160 2890 4213 bewahren-

253 4226 315 4283 in
347 4225 649 4300 Hispania
667 4223 867 4282 sedem
894 4223 1031 4281 fiant
1061 4231 1120 4281 et
1151 4229 1424 4282 mortuus
1455 4227 1549 4282 est
1603 4235 1714 4287 den
1761 4233 2255 4287 Commentatoren
2304 4251 2428 4285 zum
2475 4232 2622 4284 Ziele
2669 4231 2889 4284 fiihren.

258 4313 317 4392 (1
336 4311 492 4396 143)
558 4313 960 4387 Pampelonae
1010 4312 1460 4371 archidiaconus
1476 4310 1545 4394 1),

254 4407 558 4463 Armanno
610 4402 875 4461 dalmata
925 4402 988 4460 et
1037 4402 1212 4460 Petro
1263 4402 1545 4471 toletane,

326 4595 367 4650 ἢ
392 4589 749 4646 ‚alcoranum
802 4589 864 4642 in
915 4589 1316 4658 compendium
1361 4590 1547 4642 redac-

256 4671 373 4717 tum
404 4663 589 4717 latine
620 4661 818 4724 vertit,
846 4660 1001 4728 quod
1031 4661 1246 4729 prodiit
1270 4677 1406 4714 cura
1422 4660 1549 4714 Bib-

254 4735 457 4790 liandri
489 4734 750 4786 Basileae
779 4735 935 4788 1543.
969 4732 1178 4785 Verum
1205 4733 1343 4785 haec
1370 4733 1548 4785 versio

258 4815 586 4876 ..tamquam
619 4822 828 4874 parum
855 4806 1122 4856 accurata
1168 4807 1224 4856 et
1252 4809 1409 4856 extra
1438 4821 1549 4856 ma-

1613 4309 1789 4360 Vitam
1835 4325 1878 4359 v.
1929 4309 2079 4358 Petri
2122 4304 2346 4372 scripsit
2398 4305 2520 4372 ejus
2571 4302 2889 4371 discipulus

1604 4375 2008 4445 Rodulphu
2031 4393 2075 4443 s,
2126 4394 2299 4443 quam
2351 4375 2522 4427 habes
2570 4374 2628 4426 in
2683 4372 2889 4442 patrol.

1604 4447 1796 4516 Migne
1824 4453 1944 4505 189.
1977 4452 2155 4509 lsi-⁶28.
2184 4447 2282 4514 qui
2312 4447 2458 4498 forte
2484 4445 2634 4497 idem
2657 4449 2740 4496 est
2762 4462 2889 4497 cum

1605 4537 1685 4572 eo,
1742 4519 1843 4587 qui
1895 4527 2116 4570 creatus
2168 4527 2250 4570 esf
2292 4517 2464 4568 abbas
2517 4516 2890 4570 cluniacensis

1604 4607 1651 4643 a.
1684 4595 1823 4646 1173
1851 4594 1908 4641 et
1935 4589 2080 4643 obiit
2107 4595 2276 4646 11772
2306 4587 2889 4643 Marrieri1].27——4ss:

1606 4661 1971 4729 Ziegelbauer
1997 4661 2033 4714 l.
2055 4678 2099 4713 c.
2123 4673 2150 4726 ς·
2171 4666 2264 4717 10:
2294 4659 2616 4718 Demiduid‚
2635 4657 2820 4710 Pierre
2839 4659 2891 4710 le

1605 4733 1669 4785 V.
1695 4749 1768 4785 ou
1799 4732 1850 4783 la
1881 4732 1968 4784 vie
1997 4737 2054 4783 et,
2079 4731 2401 4784 l'influence
2429 4729 2788 4795 monastique
2816 4746 2889 4780 au

1606 4804 1709 4856 XII
1735 4802 1924 4860 siecle.
1955 4803 2107 4855 Paris
2138 4807 2275 4858 1895»
2305 4805 2343 4856 t..
2372 4809 2420 4863 2,
2461 4818 2606 4868 opus
2634 4817 2746 4852 non
2777 4817 2889 4852 om-

254 4877 486 4931 nifestas
512 4875 791 4930 historias
817 4873 1088 4927 arabismi
1105 4876 1445 4928 sententiam
1468 4892 1548 4927 sa·
1604 4874 1772 4927 nibus
1804 4875 2051 4926 numeris
2081 4874 2426 4935 ahsolutum,
2457 4873 2598 4925 Hist.
2627 4871 2709 4924 lit.
2739 4870 2894 4930 xm,

254 4951 321 5002 tis
348 4968 475 5003 raro
506 4948 758 5003 fideliter
799 4947 1150 5015 exprimens⁶⁸
1194 4946 1548 5015 reprehendi-

270 5149 673 5226 ὡς..
686 5221 703 5226 ,

1605 4951 1907 5001 241—267.
