3475 5364
203 326 293 377 46
309 327 339 379 1
659 306 811 361 Scoti
837 305 1217 362 illustratores
1241 309 1335 363 vel
1383 310 1812 380 mpugnatores.
1839 309 2086 365 Thomas
2113 310 2182 363 de
2208 310 2240 363 J
2246 327 2355 365 orz.
2695 328 2820 385 462

200 498 342 552 tum
381 511 515 551 esse.
564 493 915 553 Innumeros
945 493 1160 554 habuit
1189 514 1483 554 commen·
1540 495 1968 571 quamplurimi
2001 495 2120 565 alii,
2168 500 2240 555 ut
2265 515 2341 557 ex
2372 496 2525 554 infra
2556 496 2821 569 dicendis

197 586 435 640 *atores
461 586 518 640 et
547 581 885 658 discipulos,
907 583 1010 659 qui
1033 585 1163 659 ejus
1182 588 1485 644 sectantur
1539 585 1782 660 patebit.

198 670 480 749 vestigia,
511 675 581 729 ut
600 671 850 747 liquebit
869 691 935 730 ex
956 673 1083 748 ipso
1103 675 1212 734 hoc
1226 674 1481 733 Nomen-

194 761 442 817 clatore.
468 760 807 819 Notandum
829 766 1027 820 tamen
1049 767 1159 833 est,
1185 782 1321 822 eum
1341 764 1481 822 stilo
1500 782 1501 789 ¹
2487 838 2490 841 .

190 848 286 907 uti
317 849 523 906 minus
557 868 803 908 amoeno
836 869 902 908 ac
936 852 1128 910 nitido
1164 871 1206 911 s.
1241 853 1479 921 Thoma,
1630 859 1776 913 241.
1809 851 2020 910 Contra
2065 851 2305 911 Scotum
2352 871 2458 928 pro
2510 872 2551 911 s.
2603 854 2822 912 Thoma

195 940 455 1013 ejusque
472 938 749 1012 operibus
769 939 972 998 deesse
994 942 1216 1011 limam,
1251 960 1384 1000 cum
1406 941 1481 1000 ob
1538 940 1708 998 stetit
1726 940 1826 998 Th
1844 960 2040 999 omas
2071 941 2142 999 de
2174 940 2213 999 J
2229 960 2351 1001 orz
2383 941 2661 1019 (Jorsius‚
2683 942 2820 1002 Jos-

194 1028 355 1084 vitae
391 1027 737 1086 brevitatem
772 1047 837 1086 ea
857 1047 977 1087 non
995 1031 1259 1106 potuerit
1288 1033 1480 1108 magis
1538 1029 1679 1097 sitm,
1714 1039 1994 1106 corrupte
2025 1024 2252 1110 Joyce),
2277 1050 2310 1087 a
2330 1031 2526 1105 patria
2556 1032 2820 1107 plerum-

193 1134 470 1174 accurare
498 1120 559 1173 et
585 1121 920 1177 retractare.
951 1117 1105 1177 Hinc
1133 1121 1284 1178 forte
1300 1122 1478 1178 etiam
1536 1137 1651 1193 que
1672 1119 1894 1178 omisso
1915 1120 2228 1197 agnomine
2248 1119 2598 1195 simpliciter
2628 1123 2818 1198 Ang-

192 1204 439 1273 fsctum‚
475 1206 630 1280 quod
661 1209 784 1264 tam
818 1225 988 1282 saepe
1020 1208 1137 1267 sibi
1166 1227 1286 1267 non
1334 1210 1478 1267 satis
1535 1206 1654 1265 lus
1689 1208 1783 1266 vel
1815 1208 2047 1284 Angli
2068 1226 2199 1267 cus
2245 1209 2645 1284 nuncupatus,
2699 1210 2816 1268 dis·

196 1294 506 1351 cohaerere
540 1294 826 1354 videatur.
860 1295 1050 1365 Quam
1083 1297 1158 1355 ob
1190 1317 1314 1356 rem
1341 1300 1478 1374 plu·
1535 1296 1770 1371 cipulus
1804 1298 1953 1357 forte
1986 1316 2029 1357 s.
2065 1298 2317 1356 Thomas
2367 1301 2428 1355 et
2458 1299 2691 1356 Alberti
2725 1286 2816 1367 MJ,

194 1401 279 1440 res
308 1382 437 1440 nisi
482 1385 622 1441 sunt
668 1402 806 1443 eum
852 1385 967 1444 sibi
999 1387 1324 1445 conciliare.
1388 1389 1480 1445 Ita
1533 1385 1773 1460 pietate,
1822 1386 2155 1445 eruditione
2201 1406 2520 1462 rerumque
2564 1388 2819 1464 agenda-

196 1472 343 1529 Petr.
376 1471 674 1548 Virgilius
707 1473 1021 1533 Cassianus
1056 1475 1119 1534 Ο.
1141 1476 1278 1534 Min.
1302 1477 1475 1535 Conv.
1531 1494 1664 1532 rum
1729 1476 1956 1549 peritia
2001 1475 2272 1552 insignia
2327 1477 2499 1551 cujus
2551 1474 2816 1552 quinque

197 1560 526 1634 publicavit
547 1564 971 1636 apparentesin
989 1565 1324 1624 universam
1348 1565 1476 1641 phi·
1532 1562 1743 1622 fratres
1761 1560 1804 1644 ¹)
1859 1564 2113 1624 eundem
2164 1565 2419 1640 ingressi
2466 1569 2610 1623 sunt
2655 1567 2814 1623 ordi-

192 1649 516 1725 losophiam
551 1650 709 1710 Scoti
730 1653 1219 1729 contradictiones,
1243 1654 1476 1713 Perusii
1529 1671 1682 1710 nem.
1746 1654 2031 1731 Magister
2063 1651 2396 1728 theologiae
2429 1658 2557 1712 erat
2586 1652 2813 1733 oxonii,

206 1748 358 1800 1649
378 1760 392 1805 ;
411 1744 476 1796 et
491 1739 809 1799 Paduanus
827 1742 1078 1821 Grassus
1095 1743 1476 1823 Barlettanus
1533 1742 1708 1800 annis
1730 1746 1956 1817 septem
1983 1742 2243 1818 praefuit
2263 1742 2600 1817 provinciae
2621 1744 2813 1821 angli'·

206 1827 576 1885 Euchiridion
621 1829 1019 1891 scholasticum
1062 1832 1473 1892 contradictio·
1531 1849 1647 1900 cae,
1682 1850 1717 1888 a
1751 1831 2048 1890 Clemente
2073 1832 2133 1891 V.
2171 1833 2403 1889 creatus
2435 1838 2528 1891 est
2547 1833 2812 1892 cardina-

199 1934 328 1973 num
377 1917 902 1991 quodlibetalium‚
954 1921 1221 1979 Venetiis
1273 1931 1472 1992 1544;
1530 1920 1601 1978 lis
1640 1930 1735 1989 15.
1771 1921 1903 1979 Dec.
1947 1931 2129 1984 1305.
2193 1920 2412 1979 Missus
2459 1941 2492 1978 a
2534 1921 2815 1997 pontifice

197 2004 439 2063 Jacobus
464 2006 696 2066 Pierius
714 2009 949 2087 notavit
977 2011 1472 2070 contradictiones
1527 2008 1761 2085 legatus
1807 2010 1881 2067 ad
1931 2006 2251 2068 Henricum
2297 2010 2422 2068 VII.
2469 2010 2814 2069 Germaniae

201 2095 255 2150 in
291 2106 334 2157 1.
367 2105 427 2153 et
462 2104 518 2155 2.
554 2095 591 2152 l.
640 2099 1093 2173 sententiarum,
1140 2098 1473 2159 Florentiae
1529 2116 1728 2174 regem
1773 2098 1837 2156 in
1881 2100 2091 2157 itinere
2124 2098 2529 2175 Gratianopoli
2562 2100 2816 2178 decessit

207 2192 386 2253 1621;
419 2181 688 2243 Jacobus
704 2180 957 2262 Bargius
978 2183 1315 2269 (Malafossa
1333 2190 1378 2258 1,
1406 2185 1468 2269 2)
1537 2182 1629 2247 13.
1665 2188 1796 2246 Dec.
1845 2199 2022 2251 1310.
2085 2188 2221 2263 Ipse
2253 2182 2491 2263 quoque
2523 2186 2811 2257 'constituss

204 2271 254 2328 in
291 2282 335 2333 1.
368 2277 519 2331 sent.
565 2282 680 2337 131
741 2294 893 2351 quae
924 2277 1207 2337 videntur
1239 2283 1465 2337 contra·
1527 2280 1630 2333 tus
1661 2275 1857 2335 suerat
1889 2297 1924 2336 a
1955 2277 2268 2355 Clemente,
2317 2277 2422 2352 qui
2457 2274 2617 2359 (cum
2649 2275 2810 2363 aliis)

203 2359 470 2420 dictiones
533 2363 857 2421 declaravit
909 2366 1184 2442 jurisque
1248 2367 1470 2443 publici
1528 2365 1937 2438 quaestionem
1990 2365 2063 2424 de
2111 2371 2467 2441 paupertate
2515 2364 2808 2425 Minorum

207 2450 321 2507 fecit
352 2450 415 2508 in
446 2469 557 2509 suo
578 2456 1001 2535 commentario
1023 2456 1256 2515 Patavii
1287 2467 1467 2526 1560,
1525 2453 1851 2513 discuteret
1910 2459 2088 2530 atque
2150 2455 2468 2513 dirimeret.
2563 2456 2811 2532 Scripsit

207 2545 417 2609 praeter
446 2540 587 2599 illas
620 2542 911 2601 Gnidonis
929 2530 1282 2615 Bartolucci‚
1318 2565 1469 2621 quae
1525 2545 1940 2602 commentaria
1983 2534 2163 2619 super
2212 2546 2251 2601 4
2282 2545 2336 2601 ll.
2370 2536 2808 2620 sententiarum)

210 2632 413 2687 exstant
440 2629 504 2687 in
540 2630 631 2689 ed.
665 2650 911 2707 operum
944 2634 1229 2703 omnium,
1264 2638 1335 2693 ut
1366 2653 1468 2695 su·
1526 2632 1696 2703 cuius
1728 2632 1965 2694 tantum
1999 2652 2156 2709 pam,
2193 2633 2312 2693 sciL
2347 2634 2410 2693 in
2438 2645 2486 2696 1.
2508 2634 2564 2705 L,
2588 2635 2810 2712 prodiit

210 2735 296 2788 pra
321 2718 576 2778 diximus
594 2715 662 2800 ¹).
704 2711 915 2797 Neque
948 2725 1154 2782 statim
1188 2725 1261 2782 ab
1293 2725 1467 2784 initio
1523 2722 1810 2797 inscripta
1831 2723 1965 2781 Rev.
1988 2728 2050 2780 et
2066 2723 2418 2788 lucidissimi
2443 2724 2702 2784 doctoris
2723 2771 2735 2781 .
2759 2770 2806 2800 ..

211 2804 421 2866 habitus
452 2824 546 2867 est.
578 2809 645 2867 in
680 2829 787 2869 suo
833 2811 1042 2871 ordine
1086 2832 1196 2890 pro
1229 2813 1378 2872 duce
1409 2819 1469 2873 et
1525 2807 2081 2887 Lpropuynatorius
2101 2832 2279 2888 super
2305 2824 2355 2875 1.
2378 2813 2807 2894 sententiarums

212 2896 460 2971 magistro
493 2900 819 2968 communi,
869 2901 1089 2961 fatente
1132 2903 1261 2979 ipso
1292 2904 1466 2962 Wad-
1522 2903 1725 2959 contra
1786 2897 1898 2960 Jo.'
1926 2901 2166 2960 Scotum
2215 2901 2278 2959 0.
2322 2902 2480 2972 Min„
2545 2903 2807 2964 Venetiis

215 2981 363 3061 <fingo
398 2983 457 3068 (†
500 2984 719 3069 1657),
766 2989 871 3063 qui
909 2990 1015 3048 hac
1048 2991 1119 3048 de
1152 3012 1215 3050 re
1246 2992 1310 3050 in
1343 2994 1467 3051 suis
1530 2999 1714 3052 1523.
1770 2991 1892 3049 Hoc
1925 2991 1988 3048 in
2020 3009 2112 3065 op.
2148 2989 2340 3065 primo
2374 2992 2543 3064 ponit
2574 2995 2805 3050 textum

217 3074 372 3130 annal.
424 3075 514 3147 VI,
574 3087 699 3139 138
756 3077 868 3157 (ed.
909 3089 961 3139 2.
1000 3080 1212 3138 Romae
1270 3077 1462 3162 1733)
1523 3079 1973 3148 sententiarum,
2035 3087 2168 3137 tum
2218 3083 2597 3154 quaestiones
2650 3061 2807 3141 Scoti

220 3161 417 3222 scribit:
481 3165 621 3233 ,Ab
673 3185 793 3224 uno
847 3174 908 3225 et
952 3169 1139 3228 altero
1172 3171 1371 3229 seculo
1402 3172 1465 3229 in
1521 3185 1702 3243 super
1764 3187 2000 3243 quaque
2064 3167 2480 3228 distinctione:
2550 3163 2805 3250 denique⁸

223 3245 487 3325 disciplina
517 3254 879 3315 scholastica
910 3257 984 3315 ab
1018 3259 1318 3317 universis
1351 3260 1461 3318 Mi·
1520 3255 1790 3332 singulas
1852 3258 2184 3334 impugnat,
2252 3258 2356 3315 ubi
2407 3258 2616 3317 Scotus
2679 3280 2714 3317 a
2760 3279 2802 3316 s.

223 3339 394 3398 norit-is
454 3343 712 3402 habetur
746 3337 878 3419 ‘pro
941 3337 1339 3424 antesignano
1403 3357 1463 3407 et
1520 3344 1746 3404 Thoma
1776 3346 2037 3404 discedit.
2082 3345 2258 3404 Plura
2289 3347 2407 3404 alia
2437 3348 2684 3423 reliquit
2712 3348 2804 3406 in-

223 3431 472 3488 communi
516 3433 809 3509 magistro
856 3438 916 3492 et
966 3435 1029 3493 in
1062 3437 1293 3512 aliquot
1324 3456 1461 3496 con·
1518 3434 1692 3502 edita,
1740 3439 1811 3493 ut
1856 3435 2203 3511 quodlibeta
2233 3440 2372 3505 etc.;
2419 3437 2534 3495 alia
2564 3456 2715 3512 quae
2748 3437 2804 3516 ei

222 3513 339 3574 ciliis
392 3518 834 3604 generalibus2)
898 3527 1196 3584 statutum
1241 3530 1350 3596 est,
1395 3531 1464 3585 ut
1518 3523 1892 3594 tribuuntur,
1912 3525 2195 3582 videntur
2215 3542 2343 3582 esse
2366 3525 2624 3585 Thomas
2644 3526 2802 3600 wal-2

224 3598 426 3665 lectores
457 3629 663 3669 omnes
686 3616 746 3668 et
766 3613 1035 3688 magistri
1054 3618 1177 3672 tam
1197 3615 1260 3673 in
1281 3634 1462 3674 cursu
1520 3613 1699 3670 lensis
1736 3611 1832 3692 (de
1865 3632 1982 3688 quo
2014 3610 2213 3692 infra),
2259 3616 2327 3671 ut
2358 3618 2803 3678 commentarius

223 3689 581 3772 philosophico
634 3719 814 3775 quam
860 3701 923 3760 in
971 3703 1302 3780 theologico
1334 3706 1462 3780 ejus
1515 3719 1694 3776 super
1746 3703 2025 3777 psalmos,
2101 3703 2206 3777 qui
2267 3704 2488 3777 prodiit
2538 3704 2801 3761 Venetiis

228 3786 528 3845 sententiam
560 3799 959 3863 sequerentur
991 3836 1003 3848 .
1036 3838 1052 3855 .
1084 3836 1098 3850 .
1162 3794 1288 3862 Quo
1321 3813 1460 3854 vero
1524 3801 1682 3853 1611
1713 3812 1726 3860 ;
1776 3796 1836 3848 et
1881 3794 2327 3850 commentarius
2373 3795 2434 3850 in
2480 3794 2536 3852 ll.
2587 3812 2633 3851 s,
2670 3793 2797 3851 Au*

228 3871 442 3944 tempore
472 3877 554 3934 ita
588 3877 853 3952 primum
882 3882 1204 3939 statuerint
1234 3883 1459 3941 ordinis
1510 3883 1732 3956 {luscini
1775 3881 1844 3938 de
1885 3883 2107 3938 clvitate
2138 3881 2261 3951 Dei,
2308 3882 2552 3941 Tolosae
2595 3891 2798 3952 1488;

228 3952 430 4025 lectores
460 3984 574 4025 non
608 3969 852 4027 omnino
885 3973 1174 4029 constat‘
1234 3972 1459 4030 Exinde
1518 3968 1777 4027 Venetiis
1820 3980 2003 4033 1489.

231 4060 335 4103 vero
362 4050 543 4123 plures
576 4056 698 4114 nisi
720 4060 866 4115 sunt
884 4060 1012 4133 ejus
1034 4060 1362 4119 doctrinam
1386 4062 1459 4120 ad
1514 4093 1617 4100 —-

231 4147 471 4197 summam
501 4144 795 4218 quandam
838 4166 1109 4207 revocare
1140 4153 1202 4207 et
1234 4150 1297 4207 in
1329 4169 1457 4227 sys-
1594 4162 1629 4228 ¹)
1659 4158 1740 4210 Ex
1783 4159 1873 4211 his
1919 4159 1962 4210 G
1986 4158 2197 4212 ualte
2217 4177 2244 4210 r
2263 4177 2297 4211 u
2317 4177 2340 4211 s
2387 4161 2691 4228 postquam
2736 4160 2798 4211 in

230 4222 356 4281 tems
381 4229 646 4308 redigere,
682 4239 752 4292 ut
771 4236 1189 4312 Alma-goffia&
1221 4239 1455 4299 131-agge-
1514 4229 1713 4283 ordine
1755 4231 1896 4283 miro
1940 4229 2216 4282 virtutum
2260 4231 2430 4284 odore
2467 4229 2645 4295 fulsit,
2673 4247 2796 4300 pro·

232 4307 356 4372 nius,
408 4317 790 4399 Hieronymus
841 4345 875 4382 a
927 4326 1346 4387 montefortino
1398 4332 1459 4388 et
1515 4305 1703 4355 motus
1745 4304 1830 4382 est
1869 4302 1940 4382 ad
1983 4302 2168 4354 sedem
2212 4302 2592 4382 primatialem
2620 4319 2797 4382 arma·¹

348 4375 351 4380 '
1512 4389 1711 4425 canan
1756 4390 1818 4424 111
1864 4373 2138 4425 Hibernia
2180 4390 2230 4427 a.
2270 4377 2422 4432 1306,
2467 4392 2556 4427 cui
2603 4376 2795 4426 tamen

240 4463 493 4485 5——
1512 4443 1828 4512 resignavit
1871 4461 1920 4496 a.
1966 4449 2123 4500 1311.
2177 4446 2237 4496 ln
2283 4446 2404 4513 ejus
2451 4445 2638 4499 locum
2683 4444 2796 4497 suf-

316 4570 321 4574 ,
1512 4514 1695 4568 fectus
1724 4518 1810 4567 est
1836 4533 1870 4567 a
1901 4515 2187 4569 Clemente
2213 4516 2275 4567 V.
2304 4517 2447 4569 alter
2474 4518 2594 4584 ejus
2623 4517 2798 4568 frater

303 4573 331 4644 ¹)
353 4567 423 4622 Cf·
446 4574 697 4633 Sbaralea
725 4600 780 4662 p.
805 4585 1073 4638 408—15.
1512 4586 1739 4639 Rolan
1758 4587 1793 4639 d
1814 4605 1848 4638 u
1868 4610 1907 4650 s,
1960 4587 2062 4654 qui
2112 4591 2169 4638 ct
2213 4586 2333 4655 ipse
2385 4589 2502 4640 resi·
2541 4587 2702 4639 navit
2744 4603 2794 4642 a.

295 4641 327 4715 ³⁴)
351 4639 403 4693 Id
440 4651 516 4699 est
556 4652 798 4705 comitiis
846 4670 943 4706 seu
983 4655 1250 4724 capitulis
1291 4674 1454 4726 gene·
1512 4662 1668 4712 1321.
1721 4657 1894 4712 Porro
1924 4657 2229 4711 Gualterus
2258 4659 2422 4728 plura
2451 4677 2507 4711 re
2533 4659 2687 4726 iquit
2711 4658 2793 4709 in-

244 4703 428 4809 ?libuS.
472 4718 548 4771 Ita
576 4723 887 4779 Vallisoleti
916 4730 1070 4781 1593.
1125 4725 1207 4782 Cf.
1236 4727 1331 4780 Eh
1349 4730 1454 4781 rle
1512 4728 1681 4792 edita,
1711 4729 1864 4781 inter
1892 4747 2037 4798 quae
2063 4735 2335 4784 Sunnnam
2367 4734 2646 4797 {bethuliae
2673 4729 2731 4782 ll.
2759 4736 2794 4785 4

246 4773 461 4865 341me
496 4806 590 4845 aus
629 4795 809 4848 Maria
854 4797 1037 4849 Laaeh
1070 4800 1453 4862 1880.XV111‚
1510 4799 1797 4856 distincta.
1828 4802 1908 4854 cf.
1938 4803 2005 4854 de
2030 4805 2219 4854 nostro
2245 4801 2576 4853 seneshoim
2595 4801 2792 4855 ceses.

247 4843 338 4900 293·
1510 4871 1610 4924 der
1636 4872 1792 4926 kath.
1820 4871 2027 4926 Kirche
2055 4872 2116 4925 in
2142 4873 2334 4925 Irland
2365 4875 2403 4936 1,
2430 4877 2550 4927 476.
