3475 5364
652 371 770 423 431
997 356 1367 409 1276—1300.
1394 350 1539 405 nist„
1567 350 1852 404 ordinum.
1880 350 2065 415 corel,
2093 350 2426 415 Gauii-idus,
2451 349 2616 404 Bern.
2644 349 2715 403 de
2741 349 2928 403 Bessa.
3145 366 3258 419 432

648 537 896 596 uastarii
945 537 1301 609 cellerariae,
1354 538 1457 598 sed
1502 540 1707 609 laicus,
1754 538 1928 597 testis
1991 546 2186 606 18973
2233 541 2296 596 et
2329 538 2672 612 Cataloyum
2717 538 3138 595 ministrorum
3175 552 3265 612 92·

648 626 841 685 fidelis
893 622 955 707 (†
1000 635 1098 689 22.
1145 629 1283 703 Apr.
1333 624 1546 709 1295),
1596 630 1928 705 fragmenta
1980 627 2268 685 neralium
2314 623 2404 708 (Ο.
2453 621 2640 705 Min),
2688 644 2868 700 quem
2913 626 3268 701 prosecum

646 719 882 775 tantum
943 717 1040 774 vel
1089 718 1344 793 epitome
1384 722 1618 777 exstant
1665 718 1927 794 primum
1981 718 2071 774 est
2116 715 2325 774 saltem
2375 732 2569 790 usque
2613 715 2688 773 ad
2718 715 3153 790 Bonogratiam
3204 713 3269 771 de

648 804 937 863 editaaC.
958 805 1019 862 F.
1044 805 1217 882 Haug
1247 806 1552 884 Tubingae
1591 806 1924 876 1836in43
1981 823 2026 864 s.
2071 804 2303 864 Joanne
2363 804 2428 863 in
2473 804 2782 863 Perseceto
2834 801 3268 884 (1279—84l-

646 894 805 968 apud
838 894 1127 953 Boehmer
1161 892 1503 977 (1273-94)
1550 897 1615 955 in
1655 896 1925 954 fontibus
1980 895 2075 953 vel
2134 912 2329 969 usque
2388 894 2460 951 ad
2524 892 2965 952 Gundisalvum
3023 889 3270 972 (1304).

648 983 724 1052 11,
761 991 1023 1053 464-72,
1071 984 1471 1044 emendatiora
1514 986 1601 1045 ed.
1654 1005 1688 1043 a
1718 986 1926 1044 Pertz
1981 983 2100 1041 nisi
2121 983 2227 1041 hoc
2247 982 2330 1041 sit
2347 981 2820 1041 additamentum
2855 980 3276 1057 Peregrini

648 1072 711 1130 in
744 1073 869 1131 ΜΟ.
904 1071 998 1131 SS.
1031 1072 1211 1141 XVII,
1249 1082 1496 1138 300·3o
1508 1086 1559 1138 7.
1610 1072 1695 1133 Ea
1725 1074 1926 1151 magni
1981 1073 2053 1131 de
2100 1071 2383 1140 Bononia,
2447 1075 2519 1130 ut
2565 1089 2866 1131 nonnemo
2913 1071 3274 1146 suspicatur.

648 1165 795 1220 sunt
824 1162 1109 1220 momenti
1139 1181 1247 1238 pro
1279 1163 1528 1224 historia
1558 1163 1822 1223 Sueviae.
1841 1197 1928 1207 -
1981 1162 2090 1220 Est
2150 1166 2605 1219 monumentum
2652 1160 3174 1236 pretiosissimum
3220 1164 3278 1215 et

646 1250 873 1310 Ibidem
935 1250 1051 1319 XV,
1120 1260 1175 1320 2,
1250 1262 1589 1317 1033--39
1669 1253 1927 1329 reperies
1981 1251 2111 1309 sons
2148 1249 2325 1325 primi
2358 1249 2586 1308 ordinis
2617 1267 2725 1326 pro
2758 1248 3018 1308 historia
3051 1247 3274 1307 ordinis

646 1358 790 1399 cura
819 1339 1269 1417 Holder-Egger
1310 1341 1665 1418 descriptam
1706 1342 1926 1415 funda—
1955 1378 1958 1381 -
1983 1357 2027 1397 s.
2060 1339 2376 1403 Francisci,
2408 1338 2570 1415 quod
2599 1337 2861 1413 primum
2895 1338 3140 1413 prodiit
3169 1336 3275 1394 Ve-

645 1431 854 1487 tionem
915 1432 1252 1487 monasterii
1298 1430 1596 1490 banzensi-9
1644 1432 1802 1490 OSB.
1854 1431 1928 1489 ab
1982 1427 2165 1487 netiis
2216 1447 2265 1485 a.
2324 1437 2490 1490 1504
2556 1431 2629 1485 ut
2674 1427 3168 1485 additamentum
3210 1424 3276 1482 ad

645 1516 913 1594 ejusdem
933 1517 1145 1576 abbate
1165 1519 1501 1580 Henrico
1534 1518 1613 1601 (fl.
1635 1539 1680 1579 c.
1709 1515 1925 1599 1300),
1984 1517 2304 1594 Speculum
2335 1517 2490 1575 vitae
2523 1534 2568 1580 s.
2601 1515 2898 1574 Francisci
2933 1512 3276 1596 (continna-

644 1607 1005 1681 opusculum
1053 1605 1169 1666 fide
1217 1607 1417 1667 minus
1463 1609 1732 1687 dignum,
1769 1608 1928 1683 quod
1980 1610 2114 1665 tum
2144 1605 2217 1665 ab
2249 1604 2338 1663 ed.
2385 1623 2579 1681 usque
2623 1605 2697 1663 ad
2742 1605 3103 1664 ministrum
3151 1621 3276 1681 gen.

647 1697 949 1771 receperat
993 1696 1058 1753 in
1103 1715 1278 1755 suum
1324 1699 1659 1776 catalogum
1699 1697 1928 1774 episco-
1984 1695 2303 1772 Aegidium
2335 1693 2548 1752 Delfini
2588 1694 2844 1753 electum
2875 1688 3145 1775 (1501).
3179 1691 3278 1751 sed

646 1803 861 1860 porum
890 1784 1408 1862 bambergensium
1450 1790 1498 1845 A
1516 1788 1795 1846 ndreae
1825 1787 1928 1845 ab·
1983 1786 2161 1861 longe
2191 1783 2527 1842 accuratius
2577 1784 2651 1841 ab
2682 1783 2862 1842 Ehrle
2893 1784 2960 1841 in
2993 1782 3279 1841 Zeitschr.

646 1874 752 1932 bas
785 1873 1006 1932 Montis
1054 1891 1098 1931 s.
1133 1875 1437 1935 Michaelis
1486 1874 1546 1957 (†
1597 1872 1807 1957 1502).
1840 1910 1928 1919 —-
1983 1873 2082 1931 fiir
2111 1874 2166 1931 k.
2200 1873 2397 1931 Theol.
2441 1882 2624 1935 1883.
2661 1871 2786 1939 VII,
2812 1882 3156 1937 3:38—52,
3179 1871 3277 1945 qui

649 1963 743 2021 Pe
760 1965 889 2021 tru
906 1980 933 2020 s
967 1963 1007 2020 C
1023 1980 1056 2021 o
1073 1964 1183 2021 ral
1215 1964 1397 2023 abbas
1418 1984 1458 2023 ε.
1481 1966 1722 2025 Martini
1744 1966 1928 2024 lemo-
1983 1966 2187 2021 tamen
2207 1979 2326 2020 non
2346 1961 2528 2019 audet
2546 1979 2683 2020 cum
2713 1961 2889 2036 plena
2909 1960 3280 2021 certitudine

646 2051 898 2110 vicensis
952 2050 1280 2134 (1247—7
1292 2048 1357 2133 6)
1408 2055 1649 2131 scripsit
1684 2055 1930 2113 Chroni-
1984 2051 2159 2119 tueri,
2183 2051 2355 2119 hunc,
2387 2068 2566 2125 quem
2599 2051 2728 2126 ipse
2758 2050 2884 2109 edit
2913 2050 3274 2127 catalogum.

643 2159 772 2198 cam
804 2158 848 2198 s.
865 2139 1104 2199 Martini
1124 2141 1536 2202 lemovicensis
1564 2143 1637 2202 ad
1667 2164 1716 2202 a
1744 2153 1927 2211 1266,
1985 2159 2111 2199 esse
2160 2158 2314 2210 enm,
2376 2158 2552 2213 quem
2615 2140 2934 2215 scriptores
2993 2138 3280 2198 tribuunt

646 2230 819 2305 cujus
883 2229 1283 2306 fragmentum
1343 2232 1583 2291 exhibet
1647 2232 1931 2292 Baluzius
1985 2229 2288 2288 Bernardo
2307 2229 2381 2286 de
2401 2229 2598 2287 Bessa.
2631 2227 2902 2287 Eundem
2934 2229 3274 2304 catalogum

646 2317 887 2377 Miscell.
922 2318 1018 2388 VI,
1043 2328 1200 2389 3693
1232 2321 1509 2395 Bouquet
1522 2322 1760 2381 Recueil
1779 2321 1928 2383 XXI.
1987 2338 2120 2377 cum
2168 2318 2205 2376 l.
2252 2319 2324 2376 de
2366 2318 2636 2376 laudibus
2680 2318 2729 2381 b.
2781 2318 3101 2377 Francisci
3149 2317 3274 2374 hac-

653 2418 684 2470 7
696 2416 773 2470 63
826 2425 900 2465 ss.
950 2408 1305 2485 inscriptum
1357 2409 1678 2469 Chr-<micon
1739 2412 1933 2486 majus
1988 2412 2165 2468 tenus
2211 2407 2438 2466 inedito
2486 2406 2727 2466 exhibet
2772 2406 3206 2466 Hilarinus
3245 2423 3275 2462 a

646 2498 1009 2555 lemovicense
1068 2517 1103 2555 a
1161 2498 1223 2555 P.
1288 2500 1453 2558 Coral
1502 2502 1563 2558 et
1611 2500 1745 2558 aliis
1795 2517 1931 2558 con-
1985 2497 2252 2556 Lucerna
2297 2495 2360 2554 Ο.
2395 2494 2534 2554 Min.
2583 2495 2716 2571 Cap.
2763 2497 2825 2554 in
2872 2496 3187 2555 Analectis
3217 2493 3273 2551 Ο.

649 2586 935 2660 scriptum
983 2603 1116 2643 cum
1165 2589 1597 2663 supplementis
1645 2588 1929 2665 quinque.
1987 2583 3051 2661 Min.Cap.111‚665-693etseorsim
3069 2585 3275 2643 Romae

657 2708 737 2719 --
769 2674 1194 2735 Gaufridus
1238 2676 1310 2736 de
1358 2677 1674 2738 Collone
1722 2675 1930 2760 (Cour-
1995 2686 2177 2740 1897.
2240 2675 2515 2735 Ceterum
2545 2677 2606 2734 et
2667 2674 2771 2733 alii
2815 2673 2934 2734 viri
2975 2673 3180 2734 critici
3210 2672 3274 2730 de

649 2760 776 2848 lon)
824 2764 977 2824 OSB.
1025 2764 1088 2823 in
1132 2767 1492 2826 monasterio
1537 2786 1581 2826 s.
1628 2767 1793 2826 Petri
1840 2786 1929 2826 se·
1987 2766 2168 2840 hujus
2230 2764 2484 2842 catalogi
2543 2764 2923 2842 genuinitate
2976 2764 3276 2839 incipiunt

649 2853 929 2912 nonensis
978 2851 1036 2932 (1·
1092 2851 1285 2936 1281)
1333 2857 1576 2932 scripsit
1623 2858 1932 2915 chronicon
1986 2854 2277 2913 dubitare.

646 2943 743 3001 sui
793 2943 1157 3010 monasterii,
1221 2945 1381 3017 quod
1440 2946 1595 3005 alius
1651 2945 1932 3021 perduxit

644 3031 720 3089 ad
780 3051 830 3090 a.
902 3040 1082 3095 1295.
1164 3033 1457 3108 Excerpta
1517 3035 1806 3111 leguntur
1867 3035 1930 3092 in
2078 3041 2221 3096 228.
2285 3034 2450 3091 Inter
2507 3032 2835 3108 hagioloyos
2895 3031 3100 3105 primo
3152 3031 3268 3088 loco

646 3121 771 3179 MG.
805 3119 1007 3186 XXVI,
1045 3131 1366 3185 613-22,
1430 3123 1650 3182 Nostra
1689 3123 1928 3182 demum
1985 3121 2385 3180 nominandus
2418 3124 2511 3178 est
2542 3121 2578 3179 J
2597 3121 2881 3179 acobus
2916 3120 2990 3178 de
3021 3119 3117 3200 (a)
3152 3118 3272 3176 Vo-

646 3214 840 3269 aetate
911 3209 1137 3285 prodiit
1204 3212 1417 3288 gallice
1481 3212 1804 3289 chronique
1863 3213 1931 3271 de
1988 3211 2260 3287 ragine
2294 3209 2583 3292 (Verane,
2607 3210 2908 3287 Viraggio‚
2932 3202 3267 3287 Varaggio).

645 3299 903 3375 l'abbaye
945 3299 1014 3356 de
1058 3299 1141 3363 St,
1187 3301 1498 3360 Pierre-le-
1518 3302 1627 3377 Vis
1663 3304 1734 3360 de
1764 3303 1928 3370 Sem,
1986 3301 2145 3375 quod
2179 3302 2274 3358 est
2305 3298 2593 3376 oppidum
2626 3298 2786 3357 haud
2819 3298 3028 3375 procul
3045 3298 3269 3357 distans

645 3407 790 3447 cura
834 3388 908 3446 Μ.
961 3389 1023 3446 G.
1075 3388 1309 3458 Julliot‚
1359 3391 1689 3450 Senonibus
1742 3400 1928 3453 1876.
1986 3409 2020 3446 a
2052 3389 2274 3458 Genua,
2315 3388 2669 3465 appellatus,
2715 3407 2833 3446 non
2888 3389 3013 3457 ,ob
3044 3386 3265 3446 divina·

645 3478 753 3537 Est
782 3477 1119 3554 compilatio
1140 3478 1303 3537 arida
1321 3481 1615 3555 etjejuna.
1634 3480 1776 3538 stilo
1794 3480 1931 3538 rudi
1984 3497 2119 3536 rum
2170 3478 2612 3554 Scripturarum
2665 3477 2902 3535 crebras
2966 3476 3267 3554 allegatio-

644 3571 707 3625 et
739 3567 1064 3643 ineleganti
1094 3568 1442 3644 conscripta,
1478 3569 1552 3627 ob
1572 3569 1804 3645 aliquot
1822 3587 1928 3627 no·
1985 3575 2133 3625 nes‘
2167 3570 2236 3625 ut
2268 3569 2473 3625 narrat
2491 3565 2850 3625 Trithemius
2884 3584 2931 3624 c.
2970 3575 3122 3630 500.
3159 3564 3265 3623 Na·

646 3657 814 3715 titias
848 3657 1101 3732 alicujus
1148 3659 1349 3715 tamen
1381 3658 1662 3717 momenti
1696 3677 1805 3734 pro
1838 3657 1926 3715 hi·
1984 3659 2086 3715 tus
2132 3660 2225 3715 est
2255 3656 2516 3719 Jacobus
2551 3673 2597 3713 c.
2639 3665 2824 3725 1130,
2874 3658 2937 3713 et
2967 3654 3265 3733 ingressus

648 3746 833 3805 storia
893 3746 1167 3804 ecclesiae
1216 3747 1568 3806 senonensis.
1620 3782 1708 3791 —
1758 3748 1927 3804 Ber·
1986 3746 2049 3805 Ο.
2085 3744 2289 3803 Praed.
2336 3765 2385 3804 a.
2426 3754 2611 3813 1244,
2663 3744 2727 3803 in
2778 3763 2897 3818 quo
2944 3745 3040 3802 vir
3084 3741 3262 3803 evasit

646 3835 934 3894 nardus
980 3854 1015 3893 a
1059 3836 1289 3894 Bessa
1321 3836 1384 3896 Ο.
1420 3836 1558 3894 Min.
1591 3835 1929 3911 provinciae
1984 3834 2222 3911 pietate,
2277 3834 2597 3910 disciplina
2642 3832 2922 3909 regulari,
2986 3833 3261 3893 doctrina.

646 3924 1019 3998 Aquitaniae,
1054 3943 1095 3982 s.
1116 3925 1569 3984 Bonaventurae
1602 3945 1636 3984 a
1669 3924 1926 3994 secretis,
1985 3923 2195 3982 salutis
2229 3923 2563 3982 animarum
2583 3922 2802 3992 studio,
2835 3923 3158 3998 prudentia
3183 3937 3262 3978 re·

646 4014 984 4088 composuit
997 4009 1043 4093 ¹)
1107 4012 1441 4090 Legendam
1503 4015 1597 4074 vel
1658 4011 1836 4072 vitam
1883 4032 1928 4072 s.
1986 4032 2237 4087 rumque
2271 4012 2632 4089 agendarum
2663 4011 2883 4087 peritia
2915 4012 3139 4071 clarus.
3171 4011 3258 4068 Sa-

647 4103 951 4161 Francisci
982 4102 1306 4161 derivatam
1336 4103 1686 4178 praesertim
1715 4122 1785 4162 ex
1805 4102 1931 4161 vita
1985 4120 2113 4160 cras
2159 4102 2365 4161 literas
2415 4101 2596 4160 variis
2629 4101 2694 4160 in
2734 4099 2878 4160 locis
2925 4101 3090 4178 apud
3137 4115 3260 4159 suos

646 4191 913 4267 ejusdem
978 4191 1165 4249 sancti
1229 4211 1262 4250 a
1311 4192 1531 4250 Thoma
1591 4191 1663 4250 de
1715 4192 1930 4251 Celano
1985 4191 2412 4267 interpretatus
2445 4193 2548 4248 est.
2611 4190 2917 4249 Sermonis
2948 4191 3134 4266 patrii
3163 4207 3257 4265 pu·

648 4280 976 4356 composita
1037 4298 1198 4339 nunc
1256 4281 1513 4355 primum
1582 4281 1804 4339 editam
1867 4280 1930 4338 in
1985 4280 2160 4339 ritate
2193 4283 2253 4337 et
2283 4279 2578 4357 elegantia
2623 4279 2884 4348 emicuit,
2934 4279 3076 4338 hinc
3122 4278 3258 4338 cele-

647 4369 951 4428 Analectis
998 4369 1264 4428 francisc.
1298 4369 1403 4435 111,
1442 4379 1743 4433 666—92
1792 4389 1930 4429 cura
1987 4370 2184 4429 briora
2202 4368 2412 4427 Italiae
2444 4369 2680 4445 pulpita
2710 4369 3028 4443 occupavit
3048 4368 3254 4442 ubique

647 4460 711 4520 P.
745 4458 977 4527 Miiller‚
1012 4459 1084 4516 ad
1107 4460 1303 4518 Clarae
1326 4462 1529 4534 Aquas
1553 4456 1929 4540 (Quaracchi)
1986 4477 2120 4518 cum
2167 4459 2384 4534 plausu
2415 4460 2476 4516 et
2520 4457 2725 4516 fructu
2772 4457 3039 4516 auditus.
3102 4461 3256 4517 Anno

912 4582 964 4588 -
1995 4557 2157 4610 1267
2215 4547 2289 4605 ad
2340 4547 2674 4622 provinciae
2731 4546 3131 4606 lombar-dicae
3174 4561 3253 4604 as·

724 4633 764 4682 ¹l
793 4628 874 4682 Cf.
903 4628 1071 4682 Ehrle
1093 4628 1357 4684 Zeitflcbr.
1377 4630 1468 4682 fiir
1483 4629 1539 4683 k.
1559 4628 1754 4683 Theol.
1775 4633 1931 4686 1383.
1989 4639 2262 4712 Sumptus
2293 4638 2385 4694 est
2412 4635 2677 4713 regimen
2709 4635 2985 4712 illudque
3016 4637 3254 4714 gessisse

650 4685 767 4764 VH*
813 4705 1095 4782 ‚3²3-37’.
1137 4700 1238 4768 qui
1290 4700 1474 4782 susm?
1536 4701 1603 4753 ‘1³³
1656 4699 1932 4754 Bernardi
1989 4725 2227 4785 videtur
2258 4725 2331 4784 ad
2363 4744 2411 4782 a.
2455 4734 2640 4794 1286,
2693 4742 2812 4801 quo
2846 4743 2916 4784 eo
2949 4724 3069 4785 fuit
3112 4726 3253 4785 solu·

645 4776 828 4826 nostri
878 4775 1220 4825 auctoritate
1272 4772 1499 4825 disserit
1547 4775 1605 4825 et
1649 4772 1930 4840 quaedam

648 4845 971 4913 fragmenta
1034 4860 1097 4896 ex
1161 4843 1263 4898 1110
1330 4844 1364 4898 1.
1430 4843 1675 4897 exhibet.
1742 4842 1823 4897 Cf.
1877 4847 1936 4896 et
1989 4818 2106 4873 ¹²¹²&
2171 4817 2224 4873 A
2256 4814 2497 4873 N'100180
2529 4812 2627 4873 IV·
2660 4817 2903 4873 evectus
2947 4819 3045 4875 est
3076 4815 3147 4874 δᾶ
3177 4831 3250 4871 ³0·

649 4935 703 4985 p.
732 4921 836 4972 390
863 4933 934 4974 a:
962 4915 1227 4968 Potthast·
1254 4933 1309 4983 p.
1339 4920 1457 4970 150.
1989 4903 2119 4963 dem
2153 4921 2530 4981 genuensem,
2564 4922 2746 4979 quam
2773 4905 3060 4963 sexennio
3077 4903 3254 4964 tenuat
