3475 5364
384 367 508 420 849
895 346 1093 410 Baius,
1122 346 1291 411 Tirel‚
1319 346 1762 412 Amundesham‚
1791 346 2113 410 Rudborne,
2138 346 2358 399 Bai-bus
2385 349 2487 399 etc.
2874 362 2995 418 850

257 533 268 542 ‘
380 557 428 592 a.
491 543 671 603 1420,
723 532 882 609 apud
937 533 1199 592 Seibertz
1249 533 1497 602 Quellen
1560 532 1666 592 der
1719 534 1893 591 nior
1952 528 2228 611 dictus2),
2307 531 2550 607 scripsit
2612 530 2764 590 circa
2834 542 2995 595 1400

379 623 681 699 westphal.
716 622 1060 681 Geschichte
1093 623 1137 690 Ι,
1187 632 1544 686 165-215.
1581 656 1664 665 -
1721 622 2030 682 historiam
2092 623 2374 696 majorem
2421 620 2494 679 de
2543 619 2892 680 fundatione
2942 624 3000 680 et

382 715 431 770 A
447 712 540 770 nd
556 731 632 771 re
651 730 728 770 as
753 713 798 770 B
813 711 833 769 i
850 712 867 769 l
884 713 902 768 i
919 730 961 771 u
976 730 1003 770 s
1023 705 1122 793 (de
1136 709 1324 788 Biliis)
1342 711 1404 770 Ο.
1425 711 1478 770 S.
1494 716 1662 787 Aug„
1720 712 2089 770 successione
2105 711 2380 776 ecclesiae
2392 709 3000 785 wintoniensisusque

381 801 856 866 mediolanensis,
909 819 1118 876 regens
1168 801 1505 860 studiorum
1553 802 1664 860 Bo·
1721 802 1793 860 ad
1848 821 1897 860 a.
1959 808 2141 869 1138,
2193 819 2343 875 quae
2392 799 2584 860 edidit
2623 797 2910 860 Whart'on
2936 800 3000 857 in

381 890 591 948 noniae
623 894 686 948 et
703 890 955 948 vicarius
970 890 1347 965 provincialis
1365 884 1425 970 (†
1452 888 1662 968 1435),
1726 890 1939 967 Anglia
1984 908 2149 950 sacra
2192 890 2238 959 Ι,
2297 898 2415 951 179
2452 906 2526 946 ss.
2560 922 2648 932 -
2679 888 3001 949 Ludovi-

379 980 633 1054 plurima
693 978 1024 1053 composuit
1072 998 1248 1053 opera
1295 976 1454 1060 (33),
1508 979 1665 1038 inter
1721 997 1853 1038 cus
1903 979 2203 1048 Barbus
2253 977 2469 1037 nobilis
2517 977 2777 1036 Venetus
2823 978 3000 1042 0813..

383 1087 532 1143 quae
565 1069 844 1127 historiae
864 1067 1318 1127 mediolanensis
1338 1069 1663 1127 etlombar-
1719 1089 1791 1127 ex
1821 1069 2034 1127 abbate
2067 1086 2111 1125 s.
2134 1068 2172 1126 J
2177 1068 2410 1126 uetinae
2441 1067 2513 1125 de
2546 1066 2747 1126 Padus
2777 1067 3001 1142 episco-

381 1157 545 1216 dicae
575 1158 636 1215 ll.
674 1167 709 1219 9
743 1158 818 1215 ab
853 1177 901 1215 a.
946 1165 1308 1227 1402—31,
1343 1157 1501 1232 apud
1536 1158 1660 1215 Mu·
1722 1176 1833 1232 pus
1863 1156 2192 1217 tarvisinus
2239 1151 2667 1238 (1437-43),
2715 1155 3000 1215 disseruit

381 1247 562 1306 ratori
595 1247 713 1304 Ser.
748 1264 856 1304 rer.
890 1246 953 1304 it.
988 1246 1136 1315 xlx,
1161 1254 1454 1314 9-158;
1488 1247 1662 1304 Grae·
1719 1248 1792 1305 de
1824 1247 1995 1305 initio
2045 1249 2106 1304 et
2154 1262 2476 1321 progressu
2525 1245 3000 1322 congregationis

381 1336 542 1393 vium
562 1335 762 1410 Antiq.
793 1336 858 1398 it.
892 1333 972 1392 IX
997 1355 1049 1410 p.
1076 1346 1131 1397 6.
1163 1336 1313 1403 Alia,
1334 1335 1492 1394 inter
1512 1354 1664 1411 quae
1721 1336 2129 1395 benedictinae
2179 1353 2224 1393 s.
2259 1334 2298 1393 J
2304 1334 2535 1393 ustinae
2579 1333 2653 1392 de
2685 1334 2902 1402 Padus,
2937 1334 3000 1393 in

381 1425 800 1483 commentaria
862 1424 926 1481 in
980 1425 1272 1494 Genesim,
1324 1424 1661 1500 Evangelia,
1722 1425 1874 1484 Pezii
1924 1426 2071 1483 thes.
2122 1424 2290 1483 aned.
2342 1423 2417 1492 11,
2469 1433 2503 1486 3
2539 1443 2594 1495 p.
2632 1432 2997 1486 267—310.

379 1514 732 1590 magistrum
782 1513 1232 1583 sententiarum,
1281 1514 1465 1572 libros
1501 1513 1661 1571 Aris·
1723 1515 1865 1589 Ejus
1898 1515 2154 1589 formula
2185 1514 2468 1573 orationis
2516 1519 2567 1570 et
2611 1514 3002 1572 meditationis

385 1602 587 1663 totalis
618 1606 746 1671 etc„
778 1607 1134 1666 manserunt
1165 1597 1471 1684 ineditat).
1720 1621 1933 1662 excusa
1963 1607 2055 1661 est
2088 1603 2302 1661 Romae
2342 1611 2541 1671 16053
2587 1604 2649 1659 et
2681 1602 2754 1661 ad
2785 1602 3001 1660 calcem

1720 1693 2161 1751 caeremonialis
2256 1690 2635 1760 benedictini,
2728 1691 3000 1752 Panormi

474 1789 616 1842 421.
651 1780 990 1839 Joannes
1036 1781 1248 1838 'l'irel
1295 1780 1357 1839 Ο.
1393 1781 1470 1840 Οἱ.
1504 1781 1663 1839 vide·
1733 1791 1913 1845 1676.
1950 1816 2031 1824 --
2067 1781 2412 1839 Chronicam
2457 1781 2725 1839 abbatum
2769 1781 2817 1839 b.
2870 1779 2999 1840 Ma·

381 1872 483 1927 tur
528 1870 903 1928 continuasse
952 1870 1026 1928 ad
1058 1890 1106 1928 a.
1153 1878 1312 1932 1426
1358 1872 1665 1929 chronicon
1720 1874 1848 1929 riae
1895 1871 1952 1928 V.
1987 1867 2046 1928 in
2082 1873 2282 1929 Arena
2316 1864 2665 1950 (Sandstift)
2717 1886 2840 1927 can.
2872 1888 2919 1927 r.
2954 1887 2999 1927 s.

382 1959 653 2017 abbatum
688 1959 934 2032 Majoris
973 1959 1311 2018 Mona-§terii
1343 1957 1664 2036 (Μαι-αισα·
1721 1962 1872 2036 Aug.
1908 1959 2320 2019 Wratislaviae
2369 1957 2443 2017 ad
2474 1977 2523 2017 a.
2565 1967 2730 2020 1429
2765 1976 3001 2032 compo-

383 2046 535 2124 tier)‚
571 2047 729 2122 quod
767 2048 915 2106 sorte
946 2048 1294 2106 Joannes
1328 2048 1507 2123 hujus
1541 2068 1665 2107 mo-
1721 2048 2200 2107 suitJodocus
2226 2049 2297 2106 de
2328 2046 2789 2125 Ziegenhals
2823 2047 3001 2105 abbas

380 2137 626 2195 nasterii
659 2136 881 2196 sodalis
912 2138 1276 2213 perduxerat
1303 2137 1376 2195 ad
1397 2157 1444 2195 a.
1480 2147 1661 2207 1227,
1722 2134 1783 2217 (†
1826 2134 2036 2218 1447),
2071 2138 2175 2213 qui
2195 2137 2505 2196 cracoviae
2527 2136 2742 2195 studiis
2762 2156 2998 2211 operam

382 2225 700 2284 sed'I'irel
732 2225 938 2285 omisit
966 2229 1088 2284 tres
1110 2226 1373 2294 abbates,
1397 2227 1501 2301 qui
1531 2231 1666 2301 post
1722 2227 1969 2286 dede-rat
2017 2225 2355 2302 ibidemque
2416 2245 2466 2288 a.
2522 2235 2683 2287 1442
2733 2229 2796 2284 et
2834 2234 2998 2288 1443

381 2334 432 2372 a.
487 2323 645 2377 1227
699 2315 793 2372 illi
842 2315 1246 2390 praefuerunt.
1311 2315 1541 2374 Prodiit
1591 2315 1666 2373 ad
1721 2317 2023 2374 Summam
2057 2314 2387 2391 Raymundi
2430 2318 2797 2389 exposuerat.
2860 2315 3001 2373 Eam

382 2404 596 2462 calcem
662 2403 939 2462 historiae
1001 2404 1336 2463 franeorum
1396 2404 1663 2480 Gregorii
1721 2409 2102 2464 retractatam
2133 2409 2196 2463 et
2226 2404 2632 2462 continuatam
2662 2404 2738 2462 ad
2756 2423 2805 2462 a.
2836 2413 2998 2466 lwo

381 2485 746 2553 turonensis*
787 2492 982 2552 editae
1043 2514 1078 2552 a
1127 2494 1296 2552 Laur.
1364 2493 1661 2562 Bochelin‚
1720 2489 1825 2575 (ab
1891 2493 2027 2552 aliis
2089 2493 2163 2551 ad
2225 2514 2279 2557 a.
2347 2489 2539 2572 1779)
2592 2513 2627 2550 a
2675 2491 3000 2551 Benedicto

383 2581 1153 2652 Parisiis16103in8almon
1169 2582 1664 2641 Recueildechm-
1719 2584 1755 2640 J
1773 2581 2140 2642 onsdorff
2176 2583 2306 2657 ejus
2336 2599 2673 2641 successore
2689 2578 2734 2660 ¹)
2767 2577 3000 2664 (1470-

383 2671 592 2747 niques
617 2671 690 2730 de
713 2671 1035 2733 Tourraine
1075 2682 1238 2735 1954
1267 2680 1375 2747 p.3
1395 2685 1406 2732 1
1429 2681 1662 2742 8-37,
1728 2667 1921 2751 1503)
1972 2671 2228 2749 reperies
2271 2671 2429 2748 apud
2462 2671 2694 2731 Stenzel
2740 2671 2857 2731 Ser.
2890 2689 2999 2729 rer.

383 2778 516 2819 cum
566 2760 1011 2821 continuatione
1062 2762 1135 2819 ad
1182 2782 1232 2822 a.
1278 2772 1437 2824 1617
1493 2762 1570 2819 ib.
1608 2783 1662 2837 p.
1719 2763 1810 2821 sil.
1862 2763 1937 2833 11,
1998 2770 2358 2825 156-286,
2427 2795 2501 2805 -—
2572 2762 3003 2819 Hermanno

387 2859 708 2913 381-90,
740 2882 828 2892 --
860 2850 1201 2909 Josnnes
1251 2852 1661 2910 Amundes-
1721 2852 2030 2911 Zoestio
2064 2851 2127 2910 Ο.
2161 2852 2299 2911 Cist.
2333 2849 2392 2929 (†
2432 2846 2645 2930 14⁸5),
2677 2850 2780 2924 qui
2827 2850 3002 2908 etiam

383 2939 545 2996 ham
578 2938 734 2997 OSB.
787 2940 1025 3016 collegit
1055 2941 1297 2998 annales
1328 2943 1666 3000 monasterii
1718 2941 1914 3000 dictus
1950 2944 2043 2999 est
2064 2940 2542 3000 monasteriensis
2563 2935 2770 3020 (aloco
2789 2939 3004 2999 nat-ivi-

382 3048 423 3085 s.
458 3028 694 3100 Albani,
745 3047 893 3103 quos
944 3028 1129 3087 edidit
1173 3029 1242 3087 H.
1290 3029 1391 3087 Th.
1441 3030 1522 3087 Ri
1545 3032 1662 3105 ley
1719 3026 1912 3109 tatis),
1977 3030 2261 3088 tribuunt
2334 3029 2612 3088 nonnulli
2683 3028 3005 3089 Chronic'en

382 3117 634 3179 Londini
677 3127 863 3181 1870.
903 3127 1057 3181 1871
1103 3126 1144 3175 t.
1183 3126 1254 3187 23
1317 3118 1666 3195 praefigitur
1721 3120 1933 3193 Campi
1988 3139 2035 3177 s.
2099 3120 2331 3178 Mariae
2392 3118 2761 3198 (Marienseld
2823 3135 3004 3193 prope

384 3206 696 3266 chronicon
728 3224 926 3264 rerum
958 3210 1259 3283 gestarum
1278 3204 1440 3288 (aba.
1470 3217 1664 3270 1422-
1723 3206 2170 3288 Harsewinkel),
2222 3208 2383 3283 quod
2432 3206 2621 3265 edidit
2668 3207 2824 3264 Frid.
2860 3206 3002 3264 Zur-

395 3290 582 3374 1431)
617 3315 651 3353 a
681 3296 939 3370 quodam
983 3299 1223 3355 auctore
1270 3297 1474 3371 ignoto
1507 3315 1665 3355 com-
1723 3298 1970 3366 bonsen‚
2023 3298 2365 3356 Paderborn
2424 3306 2585 3359 1884
2638 3296 2700 3354 iu
2750 3305 2803 3358 8.
2867 3296 3003 3369 Ipse

383 3383 653 3457 pilatum.
721 3419 801 3428 —·
864 3384 1182 3444 Thomas
1256 3384 1665 3444 Rudborne
1723 3387 1978 3444 tradidit
1999 3386 2478 3445 Exhortatorium
2512 3385 2760 3443 concilio
2792 3384 3004 3451 basile·

386 3472 723 3553 (Rudbuoii⁹
745 3469 1132 3556 Radburnus)
1147 3474 1306 3533 OSB.
1319 3475 1664 3535 monasterii
1721 3475 1851 3533 ensi
1869 3494 1975 3550 pro
1997 3475 2317 3541 calendarii
2330 3474 2551 3550 juliani
2572 3473 3002 3535 reformatione.

384 3561 642 3620 hidensis
676 3562 736 3620 in
780 3562 1070 3621 suburbio
1117 3563 1513 3629 wintoniensi,
1562 3582 1666 3622 se·
1722 3566 1940 3623 Actum
1972 3564 2044 3621 de
2075 3584 2145 3622 ea
2176 3566 2267 3621 est
2295 3563 2358 3621 in
2390 3581 2530 3621 sess.
2557 3573 2610 3623 6.
2634 3565 2789 3638 Sept.
2822 3569 3002 3627 1437,

417 3724 426 3725 ἶ
501 3723 534 3725 ξ
631 3724 664 3726 v
1723 3652 1826 3711 sed
1858 3652 1931 3710 ad
1963 3653 2188 3711 exitum
2217 3671 2339 3710 non
2360 3652 2646 3727 pervenit.
2680 3646 3003 3731 Reliquitss)

463 3774 496 3817 ι,
527 3768 608 3820 Cf,
655 3768 911 3835 Argelaffi
953 3768 1158 3839 gerim·
1204 3769 1351 3824 med.
1391 3773 1430 3823 t·
1459 3775 1507 3825 1·
1554 3789 1606 3839 p·
1634 3774 1666 3825 2
1725 3742 1899 3816 plura
1933 3741 2159 3817 scripta
2188 3741 2435 3810 inedita,
2468 3744 2539 3798 ut
2569 3740 2642 3798 de
2675 3738 3004 3798 calendario

385 3834 513 3907 pag.
541 3843 645 3895 159
671 3856 740 3893 ss.
1714 3831 1972 3907 judai00‚
2008 3831 2079 3890 de
2112 3831 2353 3890 vocibus
2386 3829 2706 3888 definitivis
2750 3829 2815 3887 in
2865 3847 3003 3887 con-

459 3913 497 3969 2‘2
525 3909 774 3975 Senior
793 3910 975 3969 dictus
1001 3913 1102 3975 est.
1130 3918 1198 3971 ut
1220 3910 1668 3992 distingueretur
1722 3920 1881 3978 ciliis
1916 3920 2293 3997 generalibus
2327 3922 2388 3977 et
2406 3919 2478 3979 de
2498 3922 2794 3993 potestate
2826 3918 3006 3977 eccle-

384 3998 412 4033 a
443 3978 543 4036 Th.
571 3980 671 4045 Ru
690 3981 725 4034 d
748 3983 780 4035 b
797 3999 828 4037 o
847 4001 925 4035 rn
944 4000 974 4036 e
1002 3983 1276 4047 monacho
1305 3987 1667 4036 wintoniensi

384 4051 727 4106 cathedralis
777 4053 1046 4108 ecclesiae
1098 4071 1141 4109 s.
1192 4054 1514 4119 Savsthuni,
1567 4054 1669 4121 qui
1724 4010 1845 4069 Sim
1878 4013 1938 4068 et
1971 4008 2184 4085 papuli’
2218 4009 2281 4081 -in
2313 4009 2534 4085 quibus
2583 4008 2857 4084 ᾶὶθρῑήῦἵ
2903 4007 3005 4068 ῧᾶ·

376 4124 398 4191 j
420 4140 456 4176 u
474 4122 597 4177 nio
615 4141 641 4176 r
680 4126 1119 4194 cognominatus
1146 4128 1261 4179 est:
1296 4124 1493 4179 floruit
1517 4126 1667 4179 euim
1726 4117 1932 4159 vemas
2022 4102 2379 4175 P⁰t⁰⁸¹²a⁴⁶⁰m
2475 4117 2618 4157 rom·
2710 4097 3005 4173 pontifi&S

383 4211 432 4254 a.
451 4199 751 4253 1438-80.
782 4196 969 4266 Hujus
1001 4199 1086 4250 est
1102 4200 1441 4252 Breviorium
1463 4202 1669 4252 chroni-
1724 4192 1834 4247 etc.

382 4285 564 4347 cori-tm
584 4283 618 4321 a.
639 4266 816 4329 Bruto
840 4268 1114 4349 usquead
1136 4285 1186 4349 a.
1209 4272 1293 4325 18.
1321 4268 1553 4349 ficui-ici
1574 4269 1668 4325 111.
1728 4331 1741 4337 ‚

382 4354 557 4461 {effa
574 4340 1668 4491 sslgsgguzicvteanggsffrilzgntxiiggrfflggig
1806 4418 1839 4485 Ι)
1870 4412 2054 4481 Hujus
2094 4413 2180 4465 est
2219 4410 2391 4464 etiam
2434 4414 2738 4465 Bcihmi'sche
2776 4414 3010 4491 (Phi-(mil.-

381 4480 486 4533 hoc
536 4484 789 4550 tempore
847 4481 1043 4535 floruit
1104 4481 1204 4537 Th.
1269 4482 1316 4535 R
1334 4500 1369 4535 u
1388 4482 1525 4536 dbo
1544 4500 1623 4535 rn
1641 4500 1669 4535 e
1725 4485 1799 4538 ad
1826 4503 1875 4537 a.
1904 4489 2059 4547 1470,
2101 4500 2168 4536 ex
2209 4499 2324 4549 qua
2352 4484 2438 4535 Fr.
2467 4481 2684 4535 Wach
2702 4485 2816 4536 ter
2860 4484 3009 4535 inter

383 4551 706 4622 theologiae
734 4553 930 4607 doctor
958 4551 1294 4617 oxoniensis,
1337 4556 1467 4624 post
1491 4553 1670 4607 archi·
1727 4555 1820 4609 88.
1847 4572 1952 4609 rer.
1979 4556 2127 4608 sileS.
2155 4554 2275 4617 ΧΠ,
2305 4558 2549 4610 109-23
2585 4570 2651 4607 ea
2676 4555 2899 4606 tantum
2930 4570 3007 4607 re-

382 4621 655 4677 diaconus
683 4624 1077 4690 sudberiensis,
1114 4624 1343 4679 demum
1372 4624 1672 4694 episcopus
1728 4627 1854 4683 fert.
1883 4642 2126 4694 quorum
2155 4626 2355 4679 auctor
2381 4628 2503 4679 erat
2534 4625 2706 4679 testis,

269 4752 272 4755 ,
383 4693 734 4749 menevensis
761 4698 808 4767 (†
834 4698 966 4748 ante
994 4713 1043 4748 a.
1071 4701 1248 4762 1442),
1276 4697 1366 4749 cui
1396 4696 1673 4750 tribuitur
1804 4707 1841 4761 ²)
1871 4698 1953 4751 Of.
1982 4696 2364 4750 wattenbach
2403 4695 2785 4765 Sitzungsber.
2830 4694 2929 4748 der
2956 4696 3007 4748 k.

382 4768 680 4820 chronicon.
701 4767 873 4820 Estne
891 4767 1035 4822 forte
1052 4768 1199 4822 idem
1218 4786 1345 4821 cum
1363 4767 1491 4821 Rud
1501 4769 1671 4822 borne
1730 4786 1813 4838 pr.
1841 4769 1947 4823 Ak.
1975 4770 2074 4822 der
2100 4767 2190 4819 W.
2218 4786 2287 4820 zu
2305 4765 2500 4820 Berlin
2518 4771 2656 4824 1884
2674 4786 2727 4836 p.
2744 4770 3006 4840 935—109:

383 4838 641 4891 seniore?
693 4837 987 4892 Fabricius
1035 4840 1126 4899 VI.
1171 4843 1305 4897 552:
1359 4838 1549 4892 Oudiu
1603 4839 1670 4902 ΙΙ,
1727 4839 2052 4894 Zurbonsen
2078 4838 2508 4892 Westdeutsche
2537 4838 2741 4891 Ztsclir.
2761 4837 3008 4889 fideseh.

383 4912 540 4963 2722.
1729 4912 1845 4963 und
1878 4911 2061 4964 Kiiiist
2090 4915 2227 4966 1899
2256 4928 2381 4979 pag.
2414 4912 2711 4964 iic-im.
