3475 5364
540 324 702 378 1411
776 309 1148 363 1541—1563.
1188 303 1384 359 Theol.
1413 302 1691 374 polemica
1717 307 1916 359 contra
1945 306 2342 373 protestantes.
2372 304 2558 367 Kretz‚
2590 303 2914 358 Marstaller
2982 321 3154 375 1412

536 492 675 552 dein
708 492 1030 568 Tubingae‚
1065 490 1169 550 ubi
1193 494 1252 549 et
1272 492 1544 569 magistri
1560 491 1812 568 gradum
1870 490 2205 561 Franconia‚
2241 490 2344 548 ubi
2377 494 2554 548 natus
2575 494 2665 549 est
2694 503 2786 554 10.
2805 491 2844 549 J
2848 511 2936 549 an.
2962 499 3155 553 1479.

533 582 599 640 in
629 581 822 640 literis
855 580 1303 639 humanioribus
1335 584 1426 640 est
1458 583 1813 640 consecutus
1871 580 2078 638 Literis
2108 584 2288 655 atque
2320 580 2570 639 mathesi
2602 579 2860 655 primum
2911 598 3152 656 operam

535 675 597 729 et
625 670 802 729 etiam
837 669 1491 744 aliquamdiuexercuit
1504 666 1570 751 ²).
1603 671 1811 729 Alten-
1869 668 2032 727 dedit
2078 669 2502 745 Norimbergae
2549 672 2610 726 et
2638 669 2931 739 Coloniae,
2983 670 3154 744 post-

536 760 709 836 staig,
743 778 918 817 suum
943 758 1240 834 quondam
1273 760 1624 836 magistrum
1644 778 1810 818 secu—

534 853 635 908 tus
695 850 788 907 est
837 849 900 906 in
948 848 1294 926 magisterio
1342 849 1407 906 in
1455 848 1812 908 monasterio

532 937 877 1014 pollingano
920 947 1280 1001 1512—16.
1345 938 1551 997 Postea
1585 937 1810 996 theolo-

535 1028 664 1104 giae
696 1026 933 1085 studuit
964 1028 1025 1084 et
1055 1048 1088 1084 a
1120 1026 1213 1085 J0.
1238 1027 1417 1084 Eckio
1450 1027 1655 1085 doctor
1688 1045 1811 1085 cre-

536 1120 671 1174 atus
704 1118 797 1174 est
843 1137 889 1173 a.
932 1125 1113 1177 1519.
1178 1116 1322 1173 Cum
1354 1117 1686 1174 Aventinus
1718 1116 1811 1173 in·-

535 1205 830 1263 stituisset
846 1204 1214 1262 sodalitatem
1233 1205 1555 1263 literariam
1571 1204 1808 1281 angelo-

533 1294 906 1363 stadiensem,
940 1294 1069 1368 ipse
1095 1313 1230 1352 mox
1248 1293 1472 1352 electus
1494 1293 1668 1352 estin
1683 1294 1812 1369 ejus

533 1383 879 1459 praesidem.
914 1383 1127 1441 Factus
1148 1386 1241 1440 est
1258 1401 1471 1459 regens
1496 1383 1811 1458 Georgiani

533 1472 862 1545 seminarii:
897 1470 998 1529 sed
1018 1490 1153 1529 mox
1173 1490 1304 1529 eum
1327 1472 1654 1547 reperimus
1672 1491 1810 1530 con·

531 1563 889 1620 cionatorem
957 1560 1300 1629 Eiehst-adii,
1361 1565 1422 1619 et
1462 1562 1586 1636 jam
1643 1570 1801 1624 1521

534 1653 872 1728 Augustae:
906 1649 1010 1708 ubi
1042 1654 1356 1708 novatores
1394 1650 1642 1708 rebelles
1676 1650 1809 1708 nul-

534 1740 661 1797 lum
710 1758 830 1798 non
878 1742 1190 1797 moverunt
1238 1738 1512 1813 lapidem,
1560 1741 1631 1796 ut
1674 1758 1810 1796 eum

534 1828 811 1887 cathedra
841 1831 1143 1886 moverent
1174 1828 1459 1886 adhibitis
1511 1828 1687 1886 etiam
1721 1828 1811 1886 in-

534 1916 787 1976 conditis
837 1917 902 1976 in
945 1916 1189 1975 ecclesia
1232 1916 1604 1975 clamoribus.
1668 1917 1812 1975 Eam

533 2010 732 2065 tamen
780 2005 976 2064 tenuit
1024 2005 1096 2064 ad
1156 2015 1310 2068 1531
1374 2009 1613 2064 strenue
1674 2024 1809 2080 pro-

538 2114 809 2172 pugnans
824 2096 885 2153 in
903 2095 1027 2153 suis
1044 2095 1427 2153 concionibus
1453 2095 1586 2153 fidei
1611 2095 1809 2153 catho-

533 2184 681 2243 licae
731 2184 1019 2261 dogmata.
1083 2184 1133 2240 A
1186 2183 1475 2242 Guilelmo
1527 2184 1812 2243 Bavariae

535 2274 682 2332 duce
712 2273 1087 2332 Monachium
1127 2272 1243 2330 fuit
1274 2273 1498 2331 accitus
1531 2273 1812 2331 ecclesiae

536 2363 815 2438 principis
829 2362 1084 2420 decanus
1100 2366 1161 2419 et
1173 2362 1548 2420 concionator
1565 2357 1620 2443 (1
1639 2372 1671 2424 5
1685 2371 1717 2424 3
1729 2358 1810 2441 3).

534 2451 819 2509 Fructum
865 2470 1105 2509 suarum
1150 2450 1495 2509 concionum
1538 2450 1814 2509 exhibuit

533 2541 664 2599 inl.
698 2541 903 2599 Brevis
955 2542 1015 2597 et
1059 2540 1235 2614 plana
1280 2541 1580 2597 elucidatio
1610 2558 1811 2597 sacra·

531 2631 785 2689 tissimae
814 2631 1040 2705 missae,
1074 2647 1117 2690 s.
1151 2629 1187 2687 1.
1229 2638 1411 2692 1535.
1458 2628 1527 2686 In
1560 2628 1813 2687 comitiis

532 2719 886 2796 augustanis
930 2736 1088 2779 unus
1136 2717 1253 2776 fuit
1300 2718 1541 2776 illorum
1588 2718 1812 2777 theolo-

531 2828 761 2884 gorum,
797 2808 1018 2882 quibus
1066 2825 1285 2865 munus
1331 2806 1675 2881 impositum
1721 2810 1815 2865 est

533 2893 834 2955 refutandi
868 2895 1292 2954 confessionem
1325 2899 1718 2971 augustanam
1753 2900 1813 2953 et

532 2985 719 3043 etiam
795 2984 868 3042 ad
947 2984 1310 3058 colloquium
1401 2985 1813 3043 wormatiense

531 3069 757 3155 (1540)
793 3074 1012 3132 missus
1047 3073 1162 3131 fuit
1198 3070 1258 3154 (†
1286 3069 1496 3154 1543).
1532 3072 1810 3132 —Leo-

534 3162 828 3222 nardus
892 3160 1406 3238 Marstaller2)
1469 3162 1810 3221 Norimber-

530 3253 727 3329 gensis
741 3272 796 3310 n.
821 3264 846 3314 1
862 3261 941 3314 48
952 3260 1004 3319 8,
1017 3251 1379 3327 professoria
1386 3251 1810 3327 golstadiensis

532 3338 763 3422 (15192
810 3338 845 3409 †
886 3335 1078 3422 1546)
1126 3341 1338 3399 statuit
1387 3344 1623 3399 eentum
1672 3360 1809 3401 con-

528 3431 828 3490 clusiones
873 3431 942 3488 de
986 3448 1121 3489 vera
1166 3431 1421 3489 libertate
1469 3431 1806 3507 christiana,

1867 757 2108 817 modum
2141 758 2544 834 philosophiae
2565 762 2626 815 et
2644 758 2992 834 theologiae.
3025 757 3154 815 Ma-

1868 847 2057 922 gister
2088 851 2319 905 creatus
2350 849 2635 905 rectorem
2669 847 2899 905 scholae
2930 846 3154 905 latinae

1868 936 1992 1013 egit
2007 937 2428 1013 Norimbergae
2461 939 2521 994 et
2538 936 2600 993 in
2620 936 2973 994 scholarium
2994 953 3154 994 com-

1868 1026 2110 1084 modum
2143 1026 2344 1100 plures
2394 1025 2772 1083 concinnavit
2805 1025 2991 1084 libros
3024 1044 3151 1082 ma-

1869 1115 2075 1172 nuales
2104 1113 2271 1172 valde
2304 1114 2503 1184 utiles,
2539 1114 2642 1189 qui
2665 1113 2977 1172 admodum
3011 1113 3179 1171 vul··

1867 1203 1990 1279 gati
2024 1203 2207 1261 fuere.
2253 1204 2325 1260 In
2354 1202 2582 1261 Italiam
2613 1202 2915 1278 profectus
2948 1201 3150 1261 docto-

1867 1295 2064 1350 ratum
2136 1291 2465 1368 promeruit
2525 1291 2824 1350 Ferrariae
2889 1286 3150 1373 (1517);

1869 1380 2051 1438 redux
2083 1381 2145 1439 in
2167 1380 2536 1439 Germaniam
2570 1380 2760 1439 factus
2781 1383 2873 1439 est
2893 1380 3150 1439 decanus

1870 1470 1943 1527 ad
1996 1488 2040 1528 s.
2093 1470 2336 1528 Mariam
2387 1469 2776 1527 Francofurti.
2842 1468 3148 1528 Genuinae

1867 1558 2303 1617 reformationis
2322 1558 2609 1618 desiderio
2629 1558 2879 1617 Lutheri
2899 1562 3146 1617 conatus

1868 1647 2037 1705 initio
2070 1648 2310 1723 quidem
2359 1666 2479 1706 non
2510 1647 2861 1723 reprobasse
2890 1647 3146 1716 videtur,

1868 1754 2001 1794 mox
2033 1740 2231 1795 tamen
2261 1736 2500 1795 illorum
2535 1736 2797 1812 periculo
2831 1740 2892 1794 et
2921 1754 3148 1795 veneno

1867 1828 2174 1900 perspecto
2205 1843 2326 1884 non
2359 1825 2550 1883 defuit
2580 1826 2854 1901 partibus
2876 1826 3019 1895 suis,
3043 1824 3145 1883 sed

1868 1918 2102 1989 arrepto
2115 1914 2414 1973 doctrinae
2425 1914 2624 1990 gladio
2638 1914 3147 1973 adversusLuthe-

1867 2022 2001 2061 rum
2064 2004 2313 2079 ejusque
2375 2003 2790 2062 innovationes
2850 2001 3144 2079 intrepide

1867 2092 2136 2150 surrexit.
2170 2093 2552 2150 Rusticorum
2585 2092 2875 2152 seditione
2907 2095 3147 2151 coactus

1868 2183 1959 2238 est
1988 2181 2398 2240 Francofordia
2445 2181 2712 2240 secedere
2757 2185 2820 2240 et
2850 2180 3149 2239 Coloniam

1869 2270 2201 2347 confugere,
2250 2271 2354 2328 ubi
2399 2270 2650 2329 Eckium
2698 2270 2921 2346 reperit
2967 2273 3147 2344 atque

1871 2359 2195 2417 scribendis
2230 2359 2395 2417 libris
2427 2359 2717 2418 incubuit.
2751 2357 2997 2417 Interim
3029 2358 3148 2416 fac·

1869 2451 1969 2505 tus
2003 2451 2094 2506 est
2124 2449 2441 2506 canonicus
2491 2448 2884 2525 moguntinus
2953 2443 3142 2525 1526)

1871 2539 1931 2594 et
1975 2547 2113 2611 post
2159 2537 2315 2595 Hier.
2362 2537 2566 2595 Emser
2618 2541 2869 2596 mortem
2919 2444 3145 2619 (1529)

1871 2625 2119 2703 Georgio
2166 2626 2446 2686 Saxoniae
2492 2625 2629 2696 duci
2673 2626 2789 2685 fuit
2821 2647 2854 2684 a
2888 2625 3146 2685 secretis.

1869 2715 1940 2773 In
1973 2716 2228 2775 comitiis
2261 2716 2612 2792 augustanis
2635 2711 2864 2798 (1530)
2898 2734 3057 2773 unus
3078 2734 3149 2774 ex

1868 2805 2201 2880 praecipuis
2216 2804 2511 2881 theologis
2527 2804 2644 2863 fuit
2663 2805 2728 2862 in
2745 2804 3147 2864 confutatione

1869 2892 2250 2951 confessionis
2299 2896 2685 2970 augustanae,
2737 2897 2945 2954 contra
2975 2894 3148 2968 cujus

1868 2986 2164 3040 auctorem
2228 2982 2376 3040 Phil.
2441 2982 2817 3042 Melanchton
2878 2982 3150 3059 vulgavit

1867 3070 2100 3146 Lipsiae
2145 3081 2310 3134 1734
2342 3071 2599 3130 LCarolo
2621 3071 2688 3130 V.
2705 3072 3058 3147 inscriptum
3077 3067 3145 3152 1),

1868 3160 1964 3218 cui
2011 3161 2264 3218 titulus:
2300 3161 2659 3236 Philippicae
2692 3156 2805 3242 (4).
2858 3160 3146 3219 Defuncto

1869 3248 2148 3308 Saxoniae
2209 3249 2357 3308 duce
2410 3250 2659 3327 Georgio
2712 3245 2955 3332 (1539),
3012 3268 3146 3308 cum

1867 3338 2046 3413 hujus
2095 3339 2278 3397 frater
2307 3339 2598 3398 Henricus
2643 3338 3012 3397 innovationi
3041 3357 3146 3413 pa-

1865 3427 2276 3496 trocinaretur,
2343 3427 2779 3487 wratislaviam
2849 3427 3143 3504 confugit:

537 3529 738 3591 15243
792 3521 944 3578 duae
989 3539 1084 3595 qq.
1128 3521 1196 3577 de
1243 3520 1529 3593 sacrificio
1578 3520 1806 3592 missae,
1851 3515 2004 3574 —inde
2053 3536 2087 3574 a
2133 3516 2409 3575 Mauritio
2459 3517 2531 3575 de
2580 3517 2808 3576 Hutten
2870 3516 3144 3592 episcopo

527 3609 880 3687 Ingolstadii
921 3619 1083 3672 1543
1119 3613 1227 3667 etc.

1864 3605 2273 3664 eichstettensi
2307 3605 2529 3665 accitus
2564 3608 2669 3675 est,
2692 3610 2763 3672 ut
2784 3605 2898 3664 sibi
2922 3608 3079 3665 esset
3111 3625 3144 3662 a

1865 3694 2127 3764 consili0‚
2176 3699 2237 3753 et
2282 3695 2632 3754 canonicatu
2663 3695 2930 3753 donatus.
2998 3694 3142 3752 Con-

621 3797 764 3851 650.
827 3787 1348 3846 Laboriosissimus
1361 3782 1410 3867 3)
1459 3786 1610 3844 forte
1672 3789 1809 3860 post
1862 3784 2054 3842 silium
2087 3784 2216 3858 ejus
2238 3803 2417 3859 super
2437 3793 2514 3847 28
2541 3789 2650 3845 art.
2673 3784 3142 3861 augustensibus

527 3877 777 3936 Eckium
807 3875 945 3934 fidei
976 3876 1293 3934 catholicae
1334 3876 1647 3951 apologeta
1692 3875 1810 3932 fuit
1864 3873 1989 3948 regi
2010 3874 2404 3931 Romanorum
2418 3873 2964 3943 exhibitum,habes
2985 3872 3146 3948 apud

526 3965 868 4024 Joannes

946 3965 1323 4033 Dobneck,
1377 3964 1806 4023 Cochlaeus
1863 3962 2232 4036 Raynaldum
2281 3963 2354 4020 ad
2407 3982 2455 4021 a.
2505 3973 2669 4025 1540
2724 3981 2783 4020 n.
2818 3971 2919 4030 49,
2972 3965 3033 4019 et
3064 3960 3144 4018 Le

525 4054 725 4112 dictus
789 4075 821 4111 a
883 4054 1008 4112 loco
1054 4054 1246 4129 patrio
1292 4053 1697 4111 Wendelstein
1746 4053 1808 4110 in
1863 4050 1993 4107 Plat
2021 4050 2096 4116 ΙΙ,
2135 4059 2456 4113 657-70.
2520 4051 2802 4109 Interfuit
2852 4050 3143 4125 colloquio

607 4301 640 4360 ¹)
670 4293 751 4349 Cf.
781 4295 848 4347 de
877 4310 940 4346 eo
969 4295 1295 4346 accuratam
1323 4292 1723 4362 biographiam
1745 4293 1806 4345 in

526 4365 801 4500 gilstxppll'.
820 4365 1083 4493 fflggtern
1113 4369 1269 4421 1894.
1301 4364 1364 4430 ΙΙ,
1396 4368 1551 4424 1-19ς
1580 4363 1807 4417 Strcber

1863 4139 2256 4198 ratisbonensi
2288 4161 2336 4198 a.
2381 4150 2575 4210 15463
2629 4145 2700 4199 ut
2730 4158 2869 4198 vero
2902 4158 3079 4215 opera
3111 4159 3142 4196 a

1863 4228 2027 4286 Conr.
2079 4230 2333 4287 Braun
2382 4224 2483 4310 (de
2534 4247 2651 4305 quo
2699 4225 2876 4309 infra)
2940 4227 3142 4287 relicta

1862 4318 2023 4394 typis
2055 4317 2194 4376 dare
2228 4322 2441 4393 posset,
2475 4317 2805 4395 resignavit
2836 4317 3141 4376 canonica·

1861 4410 1990 4464 tum
2055 4411 2115 4465 et
2165 4409 2533 4483 Moguntiam
2587 4407 2847 4476 secessit,
2901 4406 3141 4465 demum

601 4513 639 4568 '²1
668 4508 749 4563 Cf.
778 4508 848 4564 N.
878 4507 1091 4561 Paulus
1122 4506 1399 4560 Katholik
1428 4510 1585 4564 1892.
1614 4506 1653 4571 1,
1683 4511 1804 4563 555.
1864 4495 2315 4565 wratislaviam,
2360 4496 2464 4555 ubi
2519 4507 2612 4560 10.
2646 4496 2684 4554 J
2689 4515 2782 4554 an.
2823 4507 2848 4559 l
2868 4505 2987 4559 552
3040 4494 3139 4553 de—

598 4588 640 4646 ³)
670 4582 865 4649 ὃ1381111
916 4596 1007 4649 ΟΡ·
1059 4578 1211 4631 infra
1262 4578 1490 4632 citando
1543 4580 1807 4630 numerat
1862 4579 3137 4667 cessit.Innumerareliquitscripta(c.202)‚

524 4657 628 4710 202
655 4653 828 4707 libros
856 4651 946 4705 vel
974 4650 1199 4703 libellos
1228 4665 1371 4716 quos
1399 4649 1608 4704 edidit:
1637 4649 1804 4702 annis

525 4728 878 4781 1528—1536
956 4738 1151 4776 eorum
1215 4726 1282 4778 76
1355 4720 1631 4790 vulgavit.
1720 4719 1802 4780 Cf,

524 4795 799 4851 Katholik
839 4798 978 4854 1898
1019 4793 1058 4855 I,
1099 4797 1365 4850 453—69.
1418 4792 1497 4845 Dc
1540 4791 1804 4860 pluribus

523 4868 728 4921 horum
757 4885 846 4936 op.
874 4868 943 4921 cf.
974 4864 1168 4933 Dupin
1196 4863 1344 4926 XIV,
1372 4866 1671 4920 185—194.

1941 4795 1974 4862 ¹)
2005 4791 2086 4847 Cf.
2103 4792 2396 4845 Laemmer
2411 4790 2501 4843 die
2519 4790 2751 4845 vortrid.
2769 4789 2926 4846 kath.
2943 4789 3138 4843 Theol.

1861 4862 2072 4917 inti-od.
2099 4881 2157 4917 n.
2185 4868 2270 4918 124.
2298 4867 2382 4918 25.
2411 4867 2496 4918 29.
