3475 5364
598 388 758 444 1287
1011 375 1382 427 1521—1540.
1410 370 1462 424 S.
1491 370 1799 439 Scriptura.
1826 370 2199 424 introductio,
2228 369 2352 425 Ael.
2380 368 2430 421 N
2436 366 2781 432 ebrissensis‚

3050 386 3072 437 1
3091 385 3123 437 2
3136 385 3218 440 88

588 558 828 634 linguae
863 558 1079 616 latinae
1112 557 1530 632 componendis
1567 556 1775 617 sedulo
1809 575 1872 615 se
1927 559 2128 615 torum
2189 556 2397 631 hymni
2458 575 2492 612 a
2554 555 2726 613 Petro
2789 555 2841 612 N
2848 554 2990 613 unio
3056 556 3151 612 De
3169 555 3220 611 l-

588 646 898 722 impendit.
931 645 1147 705 Docuit
1179 649 1239 704 et
1267 646 1469 704 literas
1490 646 1870 704 humaniores
1929 645 2110 721 gado
2130 645 2477 721 presbytero
2498 643 2825 713 dilucidati‚
2852 653 3048 712 1554;
3072 646 3217 702 Gra-

590 735 834 811 Hispali,
881 739 1013 793 tum
1058 739 1120 794 et
1150 734 1557 796 Salmanticae.
1621 735 1870 793 Interim
1929 739 2100 793 natae
2121 733 3217 811 15413SeymentaexexpistolisPauli‚

590 826 843 883 selectus
858 827 950 882 est
969 844 1155 901 arege
1170 824 1543 884 Ferdinando
1556 823 1870 894 Catholico‚
1929 822 2107 891 Petri,
2144 822 2354 882 Jacobi
2387 827 2447 881 et
2477 822 2726 881 Joannis
2758 840 2988 881 necnon
3006 827 3067 880 et
3080 842 3218 898 pro-

590 914 695 989 qui
739 917 1043 990 gestorum
1092 932 1338 972 suorum
1389 914 1700 972 historiam
1735 932 1872 972 con·
1928 913 2141 988 phetis,
2180 932 2329 987 quae
2359 912 2422 970 in
2455 931 2517 969 re
2550 911 2758 970 divina
2789 913 3079 988 leguntur
3107 932 3220 999 per

591 1003 876 1062 scriberet
925 998 1169 1083 (1504).
1232 1003 1443 1061 Postea
1503 1004 1632 1078 ejus
1696 1021 1874 1078 opera
1931 1002 2072 1060 anni
2105 1003 2414 1070 circulum,
2448 1001 2742 1059 Granatae
2781 1010 2976 1069 15163
3018 1011 3216 1071 15453

592 1089 754 1172 (cum
785 1092 915 1150 aliis
950 1091 1093 1150 viris
1129 1088 1407 1169 eruditis)
1443 1093 1535 1149 uti
1573 1091 1768 1150 voluit
1797 1092 1872 1149 li-

588 1185 850 1240 terarum
914 1181 1218 1239 Maecenas
1271 1181 1540 1240 Ximenes
1585 1181 1872 1257 archiepi-

592 1287 805 1345 scopus
822 1271 1119 1329 t-oletanus
1136 1288 1242 1343 pro
1257 1270 1519 1329 editione
1536 1289 1677 1329 suae
1693 1271 1870 1346 Poly-

590 1360 816 1436 glottae
864 1356 928 1440 (†
965 1369 1018 1421 2.
1050 1359 1171 1418 Jul.
1211 1355 1423 1439 1522).
1487 1360 1722 1436 Magnis
1770 1378 1870 1418 en·

592 1448 794 1507 comiis
856 1468 989 1507 eum
1054 1448 1353 1523 prosecuti
1432 1454 1575 1506 sunt
1635 1449 1873 1507 eruditi.

592 1537 857 1595 Plurima
880 1537 1128 1612 reliquit
1146 1555 1326 1612 opera
1341 1534 1414 1617 ¹):
1446 1538 1874 1613 praetermissis

592 1626 995 1703 grammaticis
1058 1630 1118 1684 et
1167 1626 1564 1703 philologieis,
1617 1646 1768 1701 quae
1818 1628 1872 1685 ei

594 1734 886 1774 summam
901 1718 1261 1790 pepererunt
1275 1716 1532 1774 nominis
1554 1716 1764 1774 famam
1787 1749 1875 1759 —

590 1804 857 1880 poeticis,
892 1804 1208 1871 historiciS‚
1245 1805 1402 1863 inter
1432 1824 1583 1879 quae
1617 1806 1875 1863 Dec-ades

592 1893 745 1952 duae
773 1912 973 1951 rerum
1003 1912 1037 1951 a
1054 1893 1419 1951 Ferdinando
1450 1898 1511 1952 et
1538 1894 1872 1953 Elisabetha

593 1982 1019 2058 Hispaniarum
1068 1982 1305 2058 regibus
1354 1986 1675 2058 gestarum,
1723 2002 1872 2058 opus

591 2071 996 2147 posthumum,
1049 2072 1337 2129 Granatae
1381 2082 1577 2143 15453
1624 2076 1686 2130 et
1714 2072 1875 2131 inter

593 2180 795 2219 rerum
815 2160 967 2236 hisp.
990 2160 1085 2218 SS.
1107 2160 1484 2220 Francofurti
1514 2172 1539 2221 l
1556 2169 1633 2223 57
1647 2172 1702 2232 9,
1724 2181 1873 2237 opus

592 2249 793 2326 magni
824 2249 1003 2324 pretii
1036 2282 1121 2292 —
1147 2250 1422 2325 juridicis
1444 2253 1503 2308 et
1522 2251 1765 2309 medicis
1789 2285 1874 2294 -—-

595 2340 709 2396 huc
742 2337 979 2397 videtur
1010 2339 1425 2397 memorandus
1458 2343 1703 2414 propter
1734 2359 1873 2415 ope·

593 2447 718 2486 ram
752 2427 1024 2486 collatam
1056 2428 1120 2485 in
1152 2428 1314 2485 illam
1347 2428 1722 2505 Polyglottae
1749 2429 1874 2487 edi-

595 2517 836 2575 tionem.
870 2518 1215 2591 Composuit
1244 2525 1360 2574 tres
1390 2520 1641 2576 locorum
1674 2519 1872 2593 Serip-

594 2613 762 2664 turae
839 2608 1292 2682 quinquaqenas,
1370 2626 1489 2664 non
1550 2607 1868 2684 vulgariter

596 2699 1019 2766 enarraturum,
1052 2714 1306 2769 quarum
1339 2695 1489 2754 duae
1512 2701 1759 2772 propter
1784 2697 1875 2755 ni-

594 2785 775 2842 miam
807 2784 1144 2842 libertatem
1188 2784 1254 2841 in
1285 2784 1578 2860 carpenda
1608 2786 1876 2843 versione

596 2874 840 2950 vulgata
871 2891 1217 2948 suppressae
1250 2872 1414 2934 fuere
1434 2894 1539 2949 per
1569 2893 1876 2932 censuram

596 2960 803 3019 Didaci
838 2962 1019 3019 Dezae
1054 2961 1118 3020 Ο.
1152 2963 1245 3020 Pr.
1286 2962 1679 3037 inquisitoris,
1713 2963 1875 3023 ideo-

595 3069 713 3125 que
760 3051 1006 3125 periisse
1055 3050 1351 3120 videntur,
1402 3052 1579 3110 tertia
1638 3056 1875 3111 tantum

595 3140 1029 3198 interveniente
1061 3140 1284 3197 mitiori
1316 3158 1565 3200 censura
1596 3140 1874 3212 Ximeni8‚

596 3229 798 3288 Didaci
834 3230 895 3287 in
928 3248 993 3287 eo
1018 3248 1263 3288 munere
1284 3230 1636 3292 successoris
1656 3235 1716 3289 et
1735 3250 1874 3289 auc-

594 3318 744 3377 toris
795 3318 984 3377 nostri
1033 3319 1298 3388 fautoris,
1351 3319 1721 3394 alphabetice
1754 3321 1874 3378 dis-

596 3407 805 3482 posita,
840 3407 1060 3483 prodiit
1090 3408 1332 3466 Parisiis
1375 3419 1557 3480 1520,
1600 3428 1750 3485 opus
1784 3411 1874 3468 in-

595 3497 790 3574 gentis
851 3496 1204 3556 eruditionis
1253 3498 1673 3556 curiosissimis
1737 3518 1872 3574 pro-

595 3587 863 3645 fanorum
898 3587 1255 3661 scriptorum
1289 3587 1673 3646 citationibus
1694 3588 1875 3647 refer-

1928 1086 2223 1149 Homiliae
2243 1091 2615 1150 diversorum
2631 1094 2941 1149 auctorum
2955 1090 3021 1148 in
3035 1110 3217 1149 evan-

1931 1180 2107 1257 gelia,
2142 1199 2292 1254 quae
2323 1180 2536 1238 diebus
2555 1178 2872 1238 dominicis
2893 1179 3216 1239 decantan-

1930 1276 2047 1339 tur,
2081 1270 2308 1329 revisae
2342 1288 2477 1327 cum
2508 1268 2896 1344 expositione,
2918 1269 2997 1326 ib.
3029 1278 3217 1331 1549:

1932 1358 2275 1418 Sanctorum
2327 1366 2457 1416 acta
2504 1375 2608 1416 seu
2658 1358 2815 1416 vitae
2865 1376 3000 1417 cum
3048 1357 3216 1416 addi-

1929 1448 2194 1507 tionibus
2226 1446 2670 1524 marginalibus,
2726 1446 3004 1506 Lucronii
3044 1457 3210 1510 1527

1931 1540 2039 1596 etc.

2024 1725 2058 1777 6
2067 1727 2101 1778 Ο
2112 1724 2145 1777 3
2155 1759 2168 1773 .
2184 1715 2540 1773 Mentionem
2553 1732 2790 1788 quoque
2802 1718 2989 1773 meret
3003 1713 3041 1772 J
3055 1733 3089 1773 o
3100 1736 3133 1772 a
3146 1734 3216 1773 n-

1929 1823 2059 1862 nes
2092 1803 2471 1863 Reuchlin
2501 1803 2742 1863 nomine
2773 1821 2982 1880 graeco
3014 1803 3217 1862 dictus

1930 1894 2168 1968 Capni
2187 1912 2253 1952 o:
2301 1893 2415 1951 etsi
2463 1892 2621 1951 enim
2651 1892 2993 1951 immediate
3025 1893 3090 1951 in
3119 1912 3214 1950 re-

1930 1983 2042 2040 bus
2075 1983 2426 2059 theologicis
2456 2001 2576 2039 non
2609 1982 2689 2040 sit
2722 1986 3010 2047 versatus.
3054 1981 3215 2040 haud

1930 2091 2142 2146 parum
2189 2071 2448 2130 contulit
2491 2070 2566 2128 ad
2609 2071 3065 2146 promovendam
3111 2090 3216 2147 ge-

1929 2161 2179 2219 nuinam
2240 2179 2284 2219 s.
2350 2160 2689 2235 Scripturae
2749 2159 3215 2236 intelligentiam

1930 2251 2168 2308 cultura
2197 2250 2440 2326 linguae
2459 2249 2778 2319 hebraicae,
2814 2268 2992 2324 quam
3014 2248 3215 2308 studio

1930 2338 2219 2398 laudabili
2249 2339 2518 2413 impense
2560 2337 3009 2408 commendavit,
3044 2339 3213 2408 fovit,

1933 2428 2197 2486 diffudit:
2248 2428 2387 2486 hinc
2430 2432 2601 2503 pater
2643 2428 3060 2504 grammaticae
3111 2427 3215 2486 he-

1934 2518 2164 2576 braicae
2184 2516 2343 2575 inter
2363 2516 2722 2575 Christianos
2739 2517 2953 2575 merito
2985 2516 3214 2576 saluta-

1930 2610 2049 2665 tur.
2112 2606 2245 2665 Huc
2287 2609 2561 2681 spectant
2591 2606 2943 2664 Rudimenta
2986 2607 3218 2684 linquae

1930 2697 2229 2754 hebraicae
2247 2698 2304 2754 ll.
2328 2698 2386 2771 3,
2420 2696 2673 2754 Phorcae
2703 2706 2899 2765 15063
2933 2715 3215 2754 commen-

1932 2786 2175 2843 tariolus
2207 2785 2278 2843 ad
2307 2785 2647 2843 discendam
2681 2785 2944 2862 linguam
2978 2784 3214 2843 hebrai·

1933 2893 2074 2942 cam,
2108 2874 2413 2951 Tubingae
2457 2883 2653 2943 15123
2717 2875 2785 2931 de
2818 2874 3132 2932 accentibus
3163 2882 3218 2932 et

1932 2964 2347 3039 orthoyraphia
2392 2964 2621 3038 linquae
2651 2963 2964 3038 hebraicae,
3018 2963 3217 3040 Hage-

1931 3070 2076 3110 noae
2118 3061 2281 3115 1518
2307 3051 2436 3120 etc„
2473 3071 2622 3126 quae
2643 3053 2943 3111 modernis
2974 3070 3218 3128 quoque

1931 3141 2330 3217 grammaticis
2387 3141 2671 3200 hebraicis
2715 3141 2855 3200 usui
2900 3159 3030 3200 esse
3077 3161 3218 3216 pos-

1933 3234 2079 3288 sunt
2094 3225 2156 3311 ι).
2176 3231 2427 3289 Natusis
2445 3233 2537 3289 est
2545 3230 2915 3289 Pforzheimii
2932 3239 2964 3291 2
2978 3239 3030 3292 2.
3044 3231 3217 3289 Febr.

1940 3328 2124 3382 1455.
2159 3319 2387 3378 Studiis
2419 3321 2654 3379 vacavit
2668 3319 3220 3388 ParisiiS,Basileae

1932 3408 2181 3484 aliisque
2227 3411 2288 3467 in
2336 3409 2685 3468 civitatibus
2731 3408 3073 3468 illustribus
3106 3408 3214 3467 ad-

1932 3498 2226 3556 discendis
2258 3498 2483 3574 linguis
2529 3516 2769 3575 graecae
2815 3503 2877 3556 et
2908 3498 3217 3556 hebraicae

1932 3587 2181 3646 maxime
2227 3588 2516 3645 intentus.
2578 3588 2671 3645 Ab
2702 3587 3003 3646 Eberardo
3037 3586 3217 3645 Wiir-

594 3679 742 3745 tum‚
794 3677 854 3734 in
904 3694 1022 3751 quo
1069 3676 1408 3735 testimonia
1454 3695 1498 3734 a.
1533 3677 1876 3752 Scripturae
1931 3678 2266 3753 tembergae
2329 3677 2539 3735 comite
2599 3677 2671 3734 ad
2722 3676 2927 3752 gravia
2974 3677 3219 3752 negotia

594 3784 889 3840 exponens
928 3766 1217 3824 rationem
1252 3765 1431 3824 habet
1461 3769 1658 3826 textus
1692 3767 1873 3843 origi·
1931 3766 2189 3843 gerenda
2221 3784 2393 3840 saepe
2424 3764 2545 3823 fuit
2576 3765 2879 3824 adhibitus
2912 3768 2974 3823 et
3003 3766 3075 3824 ab
3100 3764 3214 3822 im-

594 3855 779 3925 nalis;
816 3854 1077 3912 Basileae
1118 3863 1320 3925 15433
1355 3873 1489 3913 cum
1509 3856 1726 3930 Angeli
1750 3856 1873 3914 Ca·
1933 3858 2201 3930 peratore
2264 3855 2458 3912 (lictus
2519 3873 2709 3913 comes
2771 3855 3096 3929 palatinus.
3160 3858 3216 3912 A

595 3942 762 4001 nini
796 3943 938 4001 locis
974 3943 1261 4001 hebraicis
1295 3944 1364 4004 N.
1398 3944 1477 4014 T„
1513 3944 1875 4020 Antverpiae
1932 3945 2206 4019 Philippo
2253 3944 2505 4002 electore
2550 3943 2818 4019 palatino
2865 3944 3087 4003 electus
3121 3948 3220 4002 est

606 4042 767 4094 1600
803 4033 866 4089 in
903 4039 976 4100 8.,
1012 4034 1071 4090 et
1105 4037 1409 4106 receptum
1450 4033 1608 4091 inter
1639 4034 1875 4093 criticos
1931 4034 1992 4091 in
2026 4034 2436 4109 paedagogum
2465 4032 2725 4091 filiorum
2755 4051 3015 4094 suorum.
3049 4027 3216 4109 Mag-

595 4139 791 4178 sacros
842 4119 1047 4196 anglos
1080 4121 1349 4192 Londini,
1396 4122 1765 4181 Francofurti
1817 4127 1878 4181 et
1931 4141 2069 4182 nam
2106 4141 2341 4197 quoque
2362 4141 2600 4198 operam
2622 4121 2915 4197 impendit
2935 4121 3216 4180 eruendis

596 4210 1017 4267 Amstelodami
1050 4227 1295 4268 excusos
1329 4217 1370 4267 t..
1408 4220 1462 4272 8.
1508 4211 1870 4286 Hymnorum
2237 4204 2246 4213 ’

593 4300 899 4375 recoquitio
949 4317 1081 4356 cum
1127 4317 1304 4357 aurea
1349 4299 1591 4357 illorum
1642 4302 1866 4376 exposi-

595 4387 789 4445 tione:
824 4388 1111 4446 accedunt
1144 4389 1418 4446 nonnulli
1447 4390 1677 4464 proprii
1709 4410 1872 4449 sanc-

2012 4371 2022 4403 ¹
2077 4364 2160 4417 Cf.
2196 4363 2438 4432 Cornely
2477 4363 2605 4417 hist.
2654 4365 2712 4416 et
2749 4364 2873 4418 crit.
2913 4364 3122 4418 introd.
3149 4365 3213 4418 in

1936 4436 1998 4488 V.
2077 4436 2387 4490 .11.saeros
2429 4438 2469 4488 t.
2512 4441 2556 4492 1.
2601 4453 2655 4489 n.
2683 4441 2804 4492 250.
2849 4435 3088 4490 Janssen
3117 4438 3211 4501 1¹³,

1933 4511 2067 4564 118:
2114 4506 2395 4562 Reuchlin
2421 4507 2524 4559 hat
2549 4507 2658 4560 deu
2688 4507 3213 4577 unvergiinglichen

679 4584 710 4640 ¹)
743 4574 819 4628 Ea
846 4579 1106 4630 accurate
1144 4581 1398 4630 recenset
1438 4576 1563 4630 Nic.
1592 4579 1876 4631 Antonius
1932 4578 2117 4632 Ruhm
2183 4579 2243 4631 in
2290 4577 2677 4633 Deutschland
2741 4579 2840 4632 das
2903 4579 3214 4648 eigentlich

595 4646 739 4702 Bibl.
781 4647 868 4700 his
892 4671 926 4702 J.
968 4666 1022 4703 n.
1064 4650 1104 4712 1,
1142 4653 1405 4706 132—39.
1457 4648 1539 4704 Cf.
1581 4649 1876 4703 Fabricius
1932 4650 2473 4704 wissenschaftliche
2524 4649 2792 4704 Studium
2845 4650 2942 4703 des
2984 4650 3212 4704 Hebrai-

595 4719 663 4783 V,
689 4725 786 4781 91;
886 4721 1025 4774 efele
1068 4719 1209 4774 ΚΙΛ.2
1250 4726 1297 4786 1,
1327 4724 1459 4780 9892
1503 4719 1697 4789 Dupin
1726 4721 1871 4784 XIV,
1931 4722 2102 4775 schen
2153 4723 2475 4792 begrfindet
2523 4739 2592 4773 zu
2643 4722 2848 4780 haben,
2901 4721 3067 4775 Seine
3117 4722 3214 4776 he·

595 4795 716 4847 120.
743 4790 794 4846 J.
821 4791 881 4844 B.
908 4792 1113 4846 Mur'ioz
1159 4791 1361 4862 Elogio
1404 4791 1472 4843 de
1500 4794 1562 4843 A.
1605 4792 1672 4844 de
1718 4790 1774 4846 L.
1813 4792 1874 4845 in
1929 4792 2186 4847 braische
2229 4797 2397 4846 Graiu
2425 4793 2585 4845 uatik
2626 4795 2793 4847 nebst
2831 4792 3215 4847 WOrterbuch

596 4861 896 4916 Memoriae
936 4863 1005 4917 de
1046 4866 1179 4917 real.
1226 4863 1382 4915 acad.
1424 4863 1493 4914 de
1534 4862 1590 4914 la.
1616 4862 1749 4916 hist.
1781 4864 1872 4929 111,
1928 4865 2005 4917 ist
2044 4864 2143 4917 das
2189 4869 2332 4917 erste
2384 4864 2764 4934 vollstandige
2807 4865 3214 4934 Lehrgebaude

597 4938 789 4989 1-30.

1929 4936 2114 4987 dieser
2140 4934 2405 5004 Sprache.
