3475 5364
365 329 525 381 1485

354 497 705 558 eruditionis
735 501 1025 572 apparatu
1065 499 1127 554 et
1156 495 1295 554 stilo
1328 495 1634 569 eloquenti

354 588 572 646 nititur
603 587 910 645 ostendere
950 585 1338 660 philosophos
1376 584 1636 660 gentiles

354 676 641 752 mysteria
663 676 787 750 jam
820 675 1181 751 praesagisse
1210 673 1517 750 religionis
1547 692 1636 731 re-

355 767 600 843 velatae.
635 765 847 823 Contra
877 763 1270 822 Laurentium
1300 762 1522 820 Vallam
1544 780 1638 821 co-

354 862 532 914 natus
565 858 658 912 est
673 853 1050 913 Constantini
1066 852 1446 911 donationem
1461 851 1636 909 tueri.

354 945 602 1018 Utrique
635 942 774 1001 huic
804 942 968 1017 operi
1000 942 1167 1000 deest
1185 942 1328 999 lima
1351 941 1557 998 critica
1570 936 1638 1019 1).

362 1034 441 1092 De
494 1034 695 1091 mundi
743 1034 914 1090 exitio
963 1035 1070 1090 etc.
1136 1063 1220 1074 —-
1284 1029 1636 1089 Prolixiores

354 1126 499 1182 sunt
530 1140 707 1180 curae
725 1121 786 1178 in
803 1120 1272 1179 Pentateuchum
1289 1119 1636 1194 Hieronymi

356 1212 401 1270 Ο
417 1212 436 1269 l
454 1230 486 1269 e
504 1231 538 1269 a
555 1229 580 1268 s
598 1216 624 1268 t
639 1210 722 1279 ri,
757 1210 834 1268 da
865 1210 1196 1268 Azambusa
1210 1208 1423 1284 lingua
1442 1208 1638 1283 patria

354 1301 515 1369 dicti,
536 1300 598 1358 Ο.
624 1298 823 1358 Praed.
858 1298 1142 1367 Lusitani,
1166 1298 1270 1373 qui
1292 1298 1637 1373 linguarum

355 1408 670 1457 sacrarum,
735 1388 1043 1446 hebraicae
1105 1388 1168 1445 in
1218 1387 1441 1463 primi8‚
1522 1386 1639 1444 fuit

354 1479 596 1553 peritus.
659 1479 713 1535 A
742 1478 973 1536 ,Ioanne
1004 1477 1107 1534 ΙΙΙ.
1159 1477 1373 1535 missus
1423 1479 1516 1533 est
1565 1475 1639 1533 ad

354 1568 668 1626 concilium
700 1566 1098 1624 tridentinum
1130 1561 1375 1647 (1545),
1422 1566 1485 1622 in
1517 1583 1635 1639 quo

354 1657 553 1732 magni
586 1656 662 1714 ob
693 1675 862 1714 suam
894 1656 1084 1714 factus
1114 1657 1206 1713 est
1225 1655 1636 1713 eruditionem.

356 1746 654 1821 Suspenso
687 1744 933 1803 concilio
964 1744 1144 1803 rediit
1174 1745 1236 1801 in
1266 1744 1514 1818 patriam
1547 1761 1636 1800 sa-

355 1853 590 1893 crorum
623 1834 914 1892 librorum
946 1833 1426 1908 interpretationi
1470 1836 1636 1890 totus

355 1924 609 1993 deditus,
657 1943 691 1980 a
731 1942 852 1998 qua
881 1941 957 1981 ne
986 1926 1349 1990 avocaretur,
1383 1920 1637 1980 infulam

354 2013 466 2071 sibi
481 2013 740 2071 oblatam
755 2012 1070 2073 recusavit.
1100 2012 1314 2069 Factus
1329 2015 1422 2069 est
1437 2014 1638 2068 tamen

354 2102 519 2177 prior
580 2100 846 2159 coenobii
910 2100 1325 2176 olisiponensis
1377 2102 1438 2158 et
1498 2097 1636 2157 fidei

355 2209 561 2249 censor
621 2193 683 2248 et
733 2210 781 2247 a.
842 2200 1005 2252 1560
1071 2193 1412 2264 assumptus
1477 2188 1638 2263 prior

354 2279 754 2354 provincialia,
803 2297 921 2352 quo
970 2279 1031 2335 in
1074 2297 1318 2336 munere
1365 2277 1637 2335 obeundo

355 2372 601 2426 mortem
634 2368 865 2426 invenit
902 2376 1086 2429 1563.
1119 2367 1275 2425 Haec
1293 2368 1422 2441 ejus
1443 2384 1636 2441 opera:

357 2457 786 2516 Commentaria
828 2459 890 2514 in
938 2457 1157 2532 Moysis
1195 2455 1637 2514 Pentateuchum

345 2547 520 2621 juxta
565 2546 617 2603 S.
652 2546 746 2603 Pa
760 2545 983 2622 gnini
1026 2545 1305 2604 Lucensis
1345 2545 1636 2619 interpre-

355 2635 659 2705 tationem,
694 2635 911 2710 quibus
964 2635 1233 2694 hebraica
1272 2635 1493 2693 veritas
1538 2652 1635 2691 ex-

354 2726 644 2788 actissime
676 2726 1009 2801 explicatur
1028 2730 1088 2783 et
1108 2744 1257 2800 quae
1295 2724 1368 2783 ad
1404 2742 1633 2782 morum

354 2814 834 2890 compositionem
852 2815 1044 2889 aptari
1060 2817 1333 2889 possunt,
1353 2833 1421 2872 ex
1442 2813 1635 2888 ipsius

352 2893 563 2962 literae
623 2904 1030 2978 penetralibus
1094 2923 1358 2963 seorsum
1423 2920 1634 2961 annec-

351 2997 583 3060 tuntur,
649 2992 946 3068 Olisipone
1019 3000 1358 3055 1556—58
1412 3011 1507 3066 pp.
1563 3000 1636 3061 43

353 3082 711 3155 Antverpiae
767 3092 928 3144 1569
980 3079 1069 3162 (in
1102 3082 1406 3156 aliquibus
1441 3099 1635 3138 exem·

352 3169 620 3244 plaribus
668 3165 889 3252 1568);
921 3169 1204 3246 Lugduni
1233 3178 1430 3233 1586:
1467 3188 1635 3244 prae-

357 3258 577 3317 cedunt
628 3276 877 3316 canones
925 3259 997 3317 ad
1032 3277 1106 3316 ss.
1161 3260 1468 3317 literarum
1519 3258 1635 3315 lec·

351 3349 569 3406 tionem
604 3366 670 3405 ac
700 3347 1046 3406 lucidiorem
1069 3348 1467 3424 cognitionem
1500 3365 1635 3422 per-

350 3437 563 3502 utiles;
614 3441 676 3494 et
701 3436 1027 3494 Hebraismi
1058 3437 1267 3496 ordine
1323 3437 1633 3494 literarum

352 3525 586 3602 digesti,
629 3526 808 3583 etiam
842 3526 1083 3584 seorsim
1113 3525 1395 3602 Lugduni
1436 3533 1635 3591 1566;

362 3623 559 3683 1588;
592 3616 657 3671 in
690 3613 912 3673 Isaiam
943 3616 1280 3690 prophetam
1311 3633 1451 3672 cura
1471 3612 1633 3670 Petri

353 3703 514 3761 Calvi
563 3703 625 3761 Ο.
661 3703 863 3761 Praed.
897 3704 1167 3762 Lutetiae
1209 3712 1406 3773 16223
1467 3712 1629 3764 1656

353 3794 416 3851 in
437 3793 475 3850 f.
508 3794 593 3851 De
627 3797 882 3867 utroque
915 3793 1125 3851 scribit
1145 3793 1425 3868 Cornely:
1449 3791 1625 3860 ,Sen-

356 3901 488 3941 sum
553 3882 843 3940 literalem
906 3882 1227 3958 diligenter
1289 3880 1633 3955 investigat,

356 3971 777 4029 vocabulorum
809 3972 1195 4047 etymologias
1244 3975 1306 4029 et
1337 3969 1634 4046 significa-

354 4061 546 4118 tiones
580 4063 807 4118 attente
824 4064 1142 4130 scrutatur,
1177 4064 1408 4136 patrum
1434 4061 1634 4117 autem

357 4149 781 4223 explicationes
813 4149 935 4208 fere
967 4150 1279 4226 negligit‘
1344 4149 1505 4205 Rich.
1542 4146 1634 4205 Si-

356 4233 553 4316 mon2)
589 4238 795 4296 laudat
828 4238 1084 4313 quidem,
1135 4238 1329 4297 varias
1360 4257 1495 4295 eum
1528 4236 1632 4294 he-

353 4327 535 4384 braici
564 4330 765 4385 textus
795 4328 1091 4387 versiones
1140 4327 1213 4385 ad
1247 4326 1514 4402 singulas
1546 4330 1635 4383 at-

356 4416 565 4474 tulisse
598 4432 786 4485 voces,
838 4416 1086 4476 invicem
1140 4416 1460 4475 contulisse
1495 4433 1634 4473 con-

434 4663 467 4726 ¹)
497 4657 580 4713 Cf.
609 4658 776 4726 plura
802 4658 869 4710 de
897 4675 960 4712 eo
989 4657 1144 4726 apud
1167 4655 1496 4711 Tiraboschi
1517 4655 1557 4707 Y
1568 4656 1634 4707 11.

356 4747 409 4798 p.
439 4734 486 4784 1.
514 4728 551 4783 l.
578 4735 610 4784 2
638 4745 683 4781 e.
712 4735 760 4785 1.
790 4746 844 4781 n.
871 4733 969 4786 38:
998 4730 1226 4799 Hoberg
1254 4728 1366 4781 KL.
1392 4727 1486 4792 Xl,
1515 4732 1636 4783 783.

429 4807 467 4870 2)
496 4800 639 4854 Hist.
667 4801 790 4853 crit.
818 4801 915 4854 des
941 4807 1240 4855 comment.
1269 4803 1460 4870 p.473;
1490 4798 1635 4851 Hist.

355 4873 476 4925 crit.
505 4873 582 4925 du
610 4876 675 4926 V.
704 4872 764 4925 T.
796 4873 886 4936 ill,
916 4877 1001 4928 12.

1415 310 1682 376 Oleaster‚
1711 309 1904 365 Ferus.

2807 321 2969 377 1486

1695 495 2243 568 venientioremque
2261 493 2529 569 elegisse,
2564 491 2678 550 etsi
2697 510 2816 548 non
2835 490 2970 549 ubi·

1693 604 1810 659 que
1842 584 2109 653 feliciter,
2156 582 2374 658 inquit,
2422 585 2483 639 et
2528 581 2600 639 ad
2630 599 2838 638 verum
2873 580 2971 638 he-

1694 674 1880 732 braici
1911 677 2109 731 textus
2134 691 2394 741 sensum,
2415 673 2643 728 sectans
2665 669 2972 744 opiniones

1695 768 1790 822 sat
1823 763 2172 838 singulares.
2225 759 2643 819 Commentarii
2673 758 2735 815 in
2767 758 2827 819 ll.
2861 758 2971 815 Re-

1692 871 1855 928 gum,
1878 851 2159 920 Psalmos‚
2195 850 2553 908 Hieremiam
2574 850 2634 906 et
2653 848 2972 922 prophetas

1693 941 1955 999 minores
1989 941 2190 1015 praelo
2223 945 2291 996 ut
2326 938 2611 996 dicuntur
2626 936 2836 1011 parati,
2854 955 2972 994 non

1693 1030 2044 1105 prodierunt
2059 1025 2122 1108 1).

1789 1182 1932 1234 680.
1965 1171 2310 1229 «Ioannes
2345 1168 2544 1226 Wild
2590 1186 2695 1225 seu
2740 1167 2975 1225 Ferus

1696 1262 2034 1337 appellatus
2070 1278 2317 1327 ,revera
2347 1258 2591 1317 unicum
2626 1256 2974 1315 Germaniae

1694 1369 1760 1408 ac
1811 1349 2112 1426 singulare
2159 1350 2614 1406 ornamentum‘
2663 1364 2731 1403 ex
2765 1344 2975 1403 Suevia

1695 1443 1861 1499 ortus
1909 1442 2002 1496 est
2037 1448 2136 1500 24.
2168 1436 2309 1495 Jun.
2351 1446 2536 1498 1495.
2602 1433 2880 1493 Ordinem
2929 1453 2974 1491 s.

1694 1529 1896 1586 Franc.
1929 1547 2051 1603 reg.
2085 1527 2203 1585 obs.
2238 1526 2544 1603 ingressus
2594 1527 2685 1582 est
2716 1543 2765 1581 a.
2809 1532 2969 1585 1515

1693 1621 1755 1675 et
1774 1617 2044 1676 absoluto
2066 1614 2402 1674 studiorum
2427 1613 2739 1681 curriculo,
2771 1612 2842 1670 de
2857 1631 2976 1685 quo

1693 1707 1783 1764 nil
1799 1707 2052 1764 relatum
2067 1704 2309 1781 legitur,
2327 1703 2693 1780 Moguntiam
2711 1700 2978 1759 mittitur

1694 1795 2069 1854 concionator
2100 1814 2147 1851 a.
2190 1802 2376 1861 1528,
2411 1799 2472 1849 et
2493 1790 2702 1851 exinde
2725 1791 2796 1849 ad
2820 1809 2975 1848 mor-

1692 1888 1816 1942 tem
1848 1903 2039 1958 usque
2074 1881 2458 1941 concionibus
2492 1881 2615 1938 suis
2645 1878 2977 1938 illustravit

1694 1977 2064 2050 suggestum.
2111 1972 2298 2040 ,Cum
2331 1975 2489 2028 esset
2518 1971 2736 2027 natura
2766 1968 2974 2027 facun-

1693 2062 1826 2133 duS,
1862 2061 2236 2136 eloquentiae
2255 2060 2598 2118 facultatem
2620 2057 2810 2116 nativi
2828 2056 2974 2114 idio-

1696 2151 1867 2209 matis
1901 2151 2259 2226 expolitione
2294 2148 2437 2206 mire
2458 2147 2798 2216 exornabat,
2833 2146 2975 2204 adeo

1694 2244 1767 2299 ut
1798 2241 2072 2315 superius
2104 2236 2426 2315 germanici
2471 2236 2729 2295 nominis
2761 2235 2978 2293 idioma

1696 2328 2067 2405 splendorem
2103 2346 2278 2386 suum
2310 2326 2449 2385 huic
2481 2344 2601 2383 non
2634 2324 2876 2383 minima
2908 2343 2976 2382 ex

1694 2421 1862 2494 parte
1875 2413 2166 2496 debeat2).
2184 2425 2209 2453 ‘
2239 2414 2607 2491 Quapropter
2622 2414 2839 2490 dignus
2850 2416 2978 2471 erat

1693 2507 1746 2565 H
1759 2508 1823 2566 el
1838 2508 1902 2566 di
1919 2527 1959 2564 n
1970 2507 2037 2583 gi
2070 2505 2336 2582 episcopi
2356 2504 2657 2563 auxiliaris
2673 2502 2894 2579 collega
2905 2497 2975 2585 3),

1694 2616 1870 2671 quem
1907 2595 2109 2653 nimiis
2145 2594 2634 2671 occupationibus
2667 2593 2977 2651 detentum

1694 2705 1863 2762 saepe
1898 2685 2243 2761 supplebat:
2296 2682 2456 2742 unde
2489 2682 2974 2759 moguntinorum

1691 2775 1753 2833 in
1803 2775 1919 2834 fide
1967 2774 2299 2833 constantia
2347 2774 2465 2848 ipsi
2498 2772 2673 2831 etiam
2707 2771 2973 2829 debetur.

1692 2864 2095 2940 Reprehendit
2145 2862 2384 2939 quidem
2427 2861 2669 2930 abusus,
2722 2861 2826 2935 qui
2873 2879 2975 2918 cu-

1691 2952 1839 3011 riam
1871 2955 2230 3029 irrepserant
2261 2970 2581 3020 romanam,
2629 2950 2746 3008 fuit
2776 2953 2976 3008 tamen

1692 3043 1884 3101 fidelis
1918 3042 2208 3101 Ecclesiae
2243 3041 2563 3099 catholicae
2593 3039 2782 3097 filius:
2817 3038 2976 3097 unde

1692 3132 1897 3207 inepte
1974 3135 2219 3207 propter
2280 3129 2616 3188 liberiorem
2681 3127 2974 3203 quandam

1691 3221 1929 3279 dicendi
1974 3221 2263 3279 rationem
2300 3240 2334 3277 a
2365 3217 2836 3293 protestantibus
2882 3218 2974 3273 in-

1691 3313 1785 3367 ter
1834 3309 2183 3367 defectionis
2230 3309 2490 3365 fautores
2538 3301 2973 3385 numeratur-1).

1690 3397 2070 3456 Irruentibus
2102 3397 2279 3474 gallis
2313 3396 2582 3453 excitatis
2614 3399 2676 3452 et
2705 3394 2976 3452 invitatis

1691 3507 1725 3543 a
1757 3486 2245 3561 protestantibus,
2293 3484 2525 3542 miseris
2571 3484 2703 3541 istis
2746 3483 2974 3558 patriae

1773 3660 1808 3726 ¹)
1837 3656 1920 3711 Cf.
1950 3655 2172 3708 Echard
2200 3655 2266 3719 II,
2299 3658 2430 3713 182;
2464 3653 2690 3723 Hoberg
2716 3652 2828 3707 KL.
2857 3653 2974 3718 IX²‚

1724 3733 1807 3881 Οἳ)
1837 3798 1921 3851 Ita
1974 3799 2137 3851 Corn.
2189 3797 2333 3851 Loos
2378 3795 2436 3849 in
2489 3795 2573 3850 ill.
2639 3795 2974 3849 Germaniae

1694 3872 1887 3941 saript.
1914 3869 2176 3938 cata-logo
2205 3867 2540 3938 Moguntiae
2567 3870 2724 3924 1581.

1766 3949 1809 4012 ⁸)
1838 3942 1919 3994 Cf.
1949 3957 2096 4008 quae
2137 3956 2310 4008 supra
2355 3956 2486 4009 pag.
2514 3943 2654 3995 1419
2681 3940 2877 3991 annot.
2904 3937 2974 3991 de

1695 4016 1938 4080 utroque
1965 4011 2309 4080 scripsimus

1766 4089 1807 4156 ⁴)
1837 4083 2083 4137 Koehler
2123 4082 2184 4135 in
2230 4081 2362 4136 diss.
2408 4079 2708 4136 historica:
2769 4080 2836 4132 de
2886 4083 2912 4135 J
2923 4097 2973 4132 0.

1691 4154 1831 4210 Fero
1861 4197 1872 4210 .
1903 4195 1914 4207 .
1943 4196 1956 4209 .
1999 4156 2139 4208 teste
2178 4154 2436 4207 veritatis
2476 4151 2838 4220 evangelicae
2866 4150 2974 4204 dis-

1734 4227 1986 4280 utabunt
2024 4226 2085 4278 in
2125 4224 2416 4278 academia
2457 4224 2723 4277 altorfina
2748 4239 2973 4292 praeses

1755 4340 1767 4353 .
1797 4297 1952 4351 Elias
1994 4296 2249 4350 Gottlieb
2292 4295 2578 4350 Dieterich
2619 4294 2891 4347 ulmensis
2917 4298 2975 4347 et

1689 4370 2089 4495 ἒῗέἶέἓᾶίἓῗ..
2110 4365 2974 4518 ὖὲἑαθῗθῖῗῗὲζρἷζὲῗὲξηὲἷέἓξ

1734 4511 1812 4565 sit.
1837 4512 1907 4567 N.
1935 4511 2147 4564 Paulus
2176 4511 2659 4564 accuratissimam
2687 4509 2818 4562 diss.
2845 4508 2973 4562 Joh.

1717 4582 1868 4649 Vim,
1934 4583 2026 4636 ein
2090 4582 2340 4635 Mainzer
2400 4580 2814 4651 Domprediger
2876 4579 2974 4631 des

1692 4661 1775 4712 16.
1802 4655 2015 4720 Jahrb„
2043 4653 2194 4707 Koln
2222 4657 2360 4710 1893
2388 4652 2535 4705 inter
2565 4651 2847 4704 Schriften
2877 4649 2975 4702 der

1693 4725 2013 4796 Gorresges.
2043 4729 2182 4782 1893
2209 4725 2303 4788 111,
2345 4723 2446 4778 ubi
2490 4723 2625 4776 data
2653 4738 2824 4791 opera
2851 4722 2974 4790 ejus

1691 4796 2087 4852 orthodoxiam
2119 4799 2328 4849 tuetur.
2381 4795 2462 4850 Cf.
2504 4795 2674 4849 etiam
2715 4793 2971 4844 Janssen-

1691 4869 1892 4924 Pastor
1927 4868 2102 4932 VHW,
2128 4873 2235 4924 454
2262 4885 2330 4922 ss,
2358 4872 2481 4924 577.
