3475 5364
502 362 664 415 1427

891 349 1259 402 1541—1563.
1286 344 1480 399 Theol.
1506 346 1712 415 polem.
1739 345 1800 398 in
1828 345 1959 401 Ord.
1985 345 2182 399 Praed.
2206 345 2414 412 Rauch‚
2443 344 2709 416 Smeling,

2944 363 3114 419 1428

502 530 693 609 1529)
725 532 788 589 in
825 544 855 593 4
879 555 892 602 ;
941 531 1347 608 Vbrmeldunye
1365 534 1469 591 der
1490 535 1763 591 unwahr-
1823 532 1858 590 S
1885 552 1944 589 m
1969 550 2000 591 e
2027 533 2048 589 l
2072 532 2093 590 i
2117 552 2159 590 n
2185 552 2224 607 g
2294 534 2357 592 in
2431 534 2633 592 Monte
2695 552 2738 591 s.
2804 532 3109 591 Michaelis

492 622 606 681 heit
655 621 1038 680 Lutherscher
1086 623 1259 699 claye,
1322 622 1415 680 die
1464 640 1537 679 zu
1585 640 1766 697 eyner
1825 617 2215 702 (Segenberg)
2261 626 2430 681 ortus
2463 624 2625 698 prior
2656 621 3013 680 coloniensis
3045 624 3112 680 et

491 711 907 787 beschonunge
955 728 1092 787 yres
1142 710 1606 786 Ungehorsams:
1658 731 1765 787 yre

490 801 799 877 gewissen‚
876 800 1269 874 Evangelium
1358 801 1482 858 und
1560 801 1765 859 Gottes

490 892 641 948 wort
672 934 683 946 .
718 934 731 945 .
765 934 777 946 .
808 889 1175 958 furwenden‚
1206 890 1316 947 mit
1337 892 1765 966 antzeygunge‚

492 979 602 1036 wie
634 978 725 1037 die
770 979 1064 1036 weltliche
1111 978 1391 1037 Oberkeit
1432 997 1514 1054 yn
1555 980 1768 1038 sachen

491 1068 586 1125 die
647 1067 904 1143 religion
965 1067 1272 1143 belangen,
1337 1087 1452 1143 eyn
1516 1069 1766 1127 aussehn

490 1156 684 1215 haben
701 1156 830 1226 soll,
850 1156 1218 1215 Francoturti
1249 1167 1268 1217 1
1286 1168 1319 1220 5
1332 1167 1365 1219 3
1377 1166 1429 1218 2.
1464 1156 1765 1216 Adversus

489 1245 872 1303 confessionis
932 1248 1300 1322 augustanae
1351 1245 1681 1321 apologiam
1732 1267 1768 1305 a

489 1334 897 1393 Melanchtone
973 1335 1211 1403 editam,
1289 1334 1395 1409 qui
1461 1335 1767 1412 theologos

489 1420 673 1504 (inter
734 1442 882 1497 quos
939 1423 1135 1481 fuerat
1184 1427 1246 1481 et
1289 1420 1586 1503 Mensing)
1635 1426 1764 1500 ejus

488 1513 929 1587 impugnatores
1012 1512 1358 1588 gravissime
1448 1518 1763 1589 carpserat,

488 1602 820 1676 composuit
838 1597 881 1680 ¹)
915 1601 1145 1660 doctam
1189 1605 1250 1659 et
1296 1602 1546 1660 solidam
1577 1604 1765 1662 Anta-

479 1691 770 1766 poloqiam
802 1709 899 1765 pp.
938 1699 993 1759 2,
1030 1708 1074 1747 s.
1108 1691 1144 1747 l.
1178 1693 1239 1749 et
1270 1711 1317 1749 a.
1363 1688 1545 1771 (intra
1577 1711 1764 1750 annos

498 1775 976 1861 1533—1535).
1009 1780 1272 1838 Praefuit
1302 1780 1640 1856 provinciae
1672 1800 1763 1839 sa-

485 1869 726 1926 xonicae
771 1867 1045 1926 minister
1084 1869 1461 1944 provincialis
1513 1865 1762 1952 (1534),

487 1957 560 2014 ab
592 1957 839 2015 Alberto
885 1957 1167 2015 cardinali
1216 1961 1276 2016 et
1325 1957 1763 2033 archiepiscopo

484 2046 837 2122 moguntino
869 2047 1093 2104 electus
1125 2050 1217 2105 est
1251 2047 1562 2123 episcopus
1594 2048 1762 2105 auxi-

484 2135 647 2193 liaris
693 2135 1214 2193 halberstadiensis
1259 2130 1505 2218 (1539).
1569 2138 1762 2194 Inter-

485 2224 601 2282 fuit
649 2225 942 2299 colloquio
993 2225 1390 2282 wormatiensi
1445 2244 1578 2283 cum
1628 2226 1761 2283 aliis

482 2313 775 2389 theologis
827 2334 875 2370 a.
938 2323 1118 2383 1540,
1171 2317 1232 2372 et
1280 2332 1434 2372 anno
1485 2314 1760 2388 sequenti

483 2402 896 2471 ratisbonensi,
959 2402 1022 2460 in
1061 2422 1180 2477 qua
1210 2403 1521 2478 apoplexia
1563 2405 1759 2462 tactus

481 2510 600 2549 non
637 2491 741 2549 diu
773 2495 978 2566 postea
1009 2491 1328 2550 decessisse
1360 2489 1676 2573 videtur2).

577 2678 719 2732 656.
752 2668 1028 2744 Ejusdem
1080 2669 1305 2728 ordinis
1350 2670 1515 2729 fuere
1548 2671 1758 2729 Petrus

480 2759 736 2817 Rauch
783 2759 855 2816 de
903 2759 1177 2833 Anspach
1209 2760 1504 2836 Mensingi
1532 2760 1593 2818 in
1628 2779 1759 2817 mu-

480 2867 621 2906 nere
653 2847 1039 2905 concionandi
1086 2850 1206 2905 tam
1241 2848 1547 2907 Dessaviae
1581 2868 1758 2924 quam

479 2937 735 2994 Francos
736 2935 853 2993 urti
870 2954 1186 3005 successor,
1221 2938 1325 3011 qui
1341 2941 1573 3012 praeter
1589 2938 1756 2995 chro-

480 3026 674 3083 nicam
728 3025 1132 3083 anhaltensem
1182 3025 1468 3085 ineditam
1518 3027 1759 3102 scripsit

479 3114 822 3171 Antithesim
836 3113 938 3172 cles
968 3114 1396 3173 Lutherischen
1427 3116 1754 3175 Bekenntt-

477 3203 599 3260 11133
611 3202 792 3260 odder
802 3202 1025 3272 Beicht,
1039 3221 1103 3262 so
1116 3204 1199 3261 sie
1212 3207 1308 3262 tzu
1321 3206 1685 3282 Angspurgk
1706 3249 1719 3262 .
1743 3250 1756 3262 .

478 3291 837 3368 angegeben‚
902 3293 1274 3351 Francofurti
1335 3294 1408 3352 ad
1471 3293 1535 3352 Ο.
1599 3313 1643 3352 3.
1706 3315 1757 3356 a.

480 3377 725 3460 (1533),
773 3381 835 3439 111
875 3399 993 3455 qno
1034 3382 1247 3441 merito
1287 3384 1757 3458 protestantibus

479 3471 939 3528 inconstantiam
955 3472 1020 3529 in
1036 3489 1143 3529 sua
1161 3472 1526 3531 confessione
1547 3491 1755 3547 expro-

476 3558 626 3617 brat.
660 3560 709 3617 A
742 3560 1028 3637 Weigand
1048 3561 1322 3637 episcopo
1342 3561 1756 3638 bambergensi

475 3649 737 3707 adlectus
771 3655 862 3707 est
878 3650 1193 3724 episcopus
1211 3650 1511 3708 auxiliaris
1535 3647 1754 3730 (15463

476 3735 510 3802 †
547 3747 600 3799 2.
655 3739 799 3796 Nov.
874 3735 1083 3820 1555).
1150 3773 1231 3782 —
1296 3739 1756 3798 Tilmannus

553 3913 588 3970 ι)
618 3909 700 3961 Cf.
752 3907 1040 3962 Laemmer
1084 3906 1176 3962 die
1222 3908 1755 3962 vortridentinische

476 3979 634 4032 kath.
664 3978 966 4048 Theologie
993 3979 1202 4033 introd.
1231 3998 1287 4034 n.
1313 3985 1397 4036 23.

549 4053 587 4120 2)
618 4049 701 4105 Cf.
744 4050 812 4105 N.
854 4049 1067 4103 Paulus
1110 4050 1171 4103 in
1196 4049 1474 4106 Katholik
1500 4054 1657 4108 1893.
1686 4050 1752 4115 ΙΙ,

473 4125 954 4180 21-36;120-139:
993 4125 1049 4174 et
1087 4121 1149 4174 in
1191 4138 1282 4191 op.
1325 4122 1415 4177 die
1443 4123 1754 4176 deutschen

1823 710 2146 769 haereticae
2178 711 2488 785 pravitatis
2507 711 2832 787 inquisitor
2847 708 2908 787 ¹),
2932 711 3107 785 cujus

1823 801 1962 858 sunt
1992 801 2061 857 de
2090 807 2300 872 septem
2342 802 2720 858 sacramentis
2765 799 2917 857 liber
2948 818 3110 858 unus

1824 889 2093 947 Coloniae
2162 899 2359 959 15:383
2434 898 2596 952 1546
2662 889 2751 947 ed.
2803 889 3106 966 recognita

1822 981 1884 1036 et
1931 977 2322 1052 locupletata;
2375 978 2616 1036 Parisiis
2676 988 2837 1041 1550
2863 999 2876 1047 ;
2937 987 3105 1040 1590

1822 1069 2027 1126 contra
2057 1066 2304 1126 Lutheii
2334 1086 2561 1126 errores
2594 1067 2730 1125 stilo
2754 1067 3106 1125 scholastico

1822 1157 1966 1214 satis
2029 1161 2265 1231 compto
2329 1161 2390 1214 et
2450 1156 2641 1214 nitido
2693 1156 3106 1230 conscriptus;

1823 1245 2204 1303 Euchiridion
2265 1246 2519 1303 locorum
2580 1247 2964 1303 communium
3011 1244 3109 1303 J0.

1823 1334 1868 1391 E
1884 1352 1914 1390 0
1931 1333 1969 1390 k
1986 1332 2044 1391 ii
2076 1334 2308 1408 aliquot
2328 1333 2649 1392 adauctum
2677 1334 2960 1403 materiis,
2995 1334 3104 1392 Co-

1821 1422 2017 1480 loniae
2049 1431 2231 1485 1532.
2266 1422 2430 1480 Obiit
2459 1432 2643 1485 1557.
2674 1456 2760 1467 —
2793 1423 3104 1482 Ambro-

1821 1511 1986 1569 sius
2033 1511 2410 1586 Pelargus
2460 1507 2719 1591 (Storch)
2767 1511 2996 1570 Niddae
3040 1512 3106 1569 in

1822 1600 2031 1658 Hassia
2062 1618 2107 1658 c.
2142 1619 2190 1658 a.
2233 1610 2395 1662 1493
2432 1604 2629 1671 natus,
2677 1619 2835 1659 unus
2884 1618 2953 1658 ex
2998 1619 3107 1676 po-

1820 1689 2076 1748 tioribus
2121 1689 2414 1765 theologis
2461 1689 2557 1748 sui
2608 1690 2831 1749 ordinis
2863 1689 2928 1747 in
2961 1690 3105 1747 Ger—

1820 1775 2099 1857 mania2),
2133 1778 2559 1854 Heidelbergae
2609 1779 2832 1837 studiis
2864 1798 3104 1854 operam

1820 1866 2075 1925 dederat.
2099 1867 2480 1942 Aliquamdiu
2501 1868 2768 1926 Basileae
2794 1867 3106 1927 conciona-

1820 1959 2010 2013 torem
2043 1956 2183 2032 egit,
2231 1956 2338 2013 ubi
2383 1974 2576 2014 acrem
2621 1957 2833 2015 habuit
2865 1961 3103 2016 contro-

1821 2045 2074 2103 versiam
2124 2045 2196 2101 de
2242 2045 2525 2104 sacrificio
2571 2046 2787 2104 missae
2820 2064 2955 2127 cum
2990 2046 3101 2104 Oe·

1820 2132 2264 2215 colampadio³)‚
2300 2135 2474 2209 cujus
2504 2134 2735 2193 fructus
2756 2134 2920 2193 fuere
2944 2136 3104 2209 Apo·

1818 2220 1971 2298 loqia
2006 2219 2216 2305 (solida
2260 2227 2322 2281 et
2365 2218 2652 2304 dilucida)
2698 2224 2975 2297 sacrificii
3004 2243 3103 2281 eu-

1817 2312 2126 2369 charistiae
2185 2312 2477 2377 rationem
2540 2312 2813 2388 exigente
2875 2312 3106 2389 inclyto

1818 2404 2029 2459 senatu
2049 2401 2400 2470 basilieemi,
2425 2402 2691 2459 Basileae
2722 2409 2906 2471 15283
2924 2401 3105 2459 Vien-

1819 2509 1929 2548 nae
1955 2498 2116 2552 1528
2135 2512 2148 2560 ς
2170 2495 2351 2564 atque
2369 2491 2407 2552 l.
2429 2490 2501 2549 de
2521 2492 2726 2549 eodem
2744 2494 3104 2565 argumento

1895 2702 1929 2762 1)
1959 2695 2043 2751 Cf.
2071 2695 2285 2750 Paulus
2313 2713 2404 2765 op.
2435 2696 2528 2750 cit.
2559 2700 2715 2753 1553.

1890 2774 1930 2832 ²)
1949 2766 2240 2848 ‘Nonnihil
2279 2771 2685 2849 exaggeratum
2733 2767 2962 2849 videtur
3007 2783 3102 2821 en·

1816 2839 2705 2975 313ζὲἀξὲὶὲᾼῑεξέωῗέἓὲῑᾏξ,
2715 2837 3100 2967 Μῗέῗρέἳὸἶὲἶ

1815 2981 1909 3045 IV,
1924 2985 2031 3038 440
2053 3003 2063 3034 ε
2080 2981 2424 3034 Schwerlich
2439 2981 2594 3034 kann
2611 2982 2730 3034 ihm
2747 2981 2840 3034 0111
2858 2980 3098 3034 Ordens-

1815 3069 2050 3122 genosse
2076 3068 2147 3104 an
2174 3053 2265 3105 die
2293 3053 2444 3107 Seite
2472 3052 2701 3122 gestellt
2726 3053 2969 3114 werden,
2998 3053 3101 3106 der

1815 3124 1876 3176 in
1905 3123 2360 3178 Gelehrsamkeit
2402 3124 2522 3178 und
2551 3124 2925 3178 Verdieneten
2975 3124 3098 3177 sich

1819 3194 1926 3249 mit
1950 3195 2070 3248 ihm
2101 3212 2318 3250 messen
2341 3196 2576 3255 konnte.

1888 3271 1929 3337 3)
1955 3267 2263 3321 Strenuum
2313 3268 2420 3321 hac
2471 3265 2530 3319 in
2582 3265 2966 3320 controversia
3015 3284 3100 3321 so·

1813 3336 1964 3391 cium
1993 3338 2200 3391 habuit
2237 3337 2745 3406 Augustinum
2791 3336 3099 3391 Marium

1814 3409 1882 3462 de
1912 3408 2164 3478 Usingen
2207 3425 2327 3463 can.
2356 3426 2470 3478 reg.
2513 3426 2554 3464 s.
2585 3410 2732 3478 Aug.
2760 3408 3094 3473 ulmensem,

1813 3481 2136 3550 theologiae
2182 3480 2469 3534 doctorem
2498 3481 2864 3533 viennensem
2892 3483 3092 3550 (1520),

1814 3551 2268 3606 concionatorem
2285 3552 2626 3605 cathedralis
2645 3551 3098 3605 ratisbonensem

1813 3623 1872 3675 et
1919 3622 2248 3692 episcopum
2301 3622 2632 3676 auxiliarem
2695 3622 3096 3692 frisinganum,

1814 3694 1914 3760 qui
1943 3694 2256 3763 plurimum
2303 3695 2602 3758 laboravit,
2646 3697 2711 3746 ut
2751 3695 2898 3747 hanc
2924 3692 3096 3747 eccle·

1813 3765 1952 3818 siam
2003 3765 2318 3818 immunem
2369 3769 2619 3819 servaret
2667 3765 2738 3817 ab
2787 3764 3098 3818 infectione

1812 3837 2130 3891 lutherana.
2159 3836 2411 3890 Transiit
2434 3837 2568 3890 inde
2597 3834 2872 3890 Basileam
2896 3839 3097 3906 (1526).

1812 3907 1894 3960 De
1945 3907 2344 3974 controversia,
2411 3925 2584 3975 qnam
2634 3907 2843 3962 ibidem
2889 3907 3099 3961 habuit

1813 3996 1941 4032 cum
1989 3978 2428 4047 Oeeolampadio
2475 3979 2543 4032 de
2589 3977 2864 4051 sacrificio
2893 3978 3098 4032 missae

1813 4051 1882 4104 cf.
1912 4049 2184 4119 hist-pol.
2202 4049 2287 4104 Bl.
2308 4054 2465 4107 1892.
2490 4051 2555 4117 ΙΙ,
2573 4055 2692 4106 433.
2722 4049 3092 4103 Praevalente

1813 4137 1943 4175 vero
1971 4121 2424 4175 adversariorum
2445 4121 2692 4176 factione
2714 4121 2847 4174 inde
2867 4123 3099 4175 recessit

472 4191 885 4244 Dominikaner
911 4192 988 4246 im
1016 4193 1259 4263 Kampfe
1311 4211 1494 4263 gegen
1524 4194 1754 4258 Luther,
1811 4196 2067 4246 eti'actus
2085 4193 2480 4262 eateniscopus
2493 4193 2785 4246 auxiliaris
2799 4192 3097 4247 wircebur-

472 4263 750 4333 Freiburg
776 4268 916 4320 1903
939 4270 1190 4334 p.16-45‚
1221 4264 1322 4333 qui
1340 4268 1672 4335 etexcerpta
1690 4282 1755 4319 ex
1810 4265 2015 4333 gensis.
2092 4263 2360 4318 Interfuit
2409 4264 2652 4319 comitiis
2704 4263 2934 4334 imperii
2982 4267 3092 4317 Au·

472 4337 594 4406 ejus
622 4335 891 4404 operibus
917 4336 1173 4395 exhibet:
1201 4337 1426 4391 Streber
1443 4337 1554 4390 KL.
1582 4336 1752 4402 V11[²‚
1811 4338 2013 4404 gnatae
2057 4335 2269 4388 habitis
2312 4337 2486 4404 atque
2531 4338 2748 4404 partem
2788 4335 2995 4388 habuit
3032 4335 3096 4388 in

473 4410 626 4472 1286,
658 4407 757 4474 qui
785 4407 932 4461 inter
971 4408 1085 4462 alia
1124 4408 1193 4462 de
1234 4425 1298 4461 eo
1327 4408 1550 4461 scribit:
1602 4408 1754 4460 Men-
1810 4407 2158 4460 refutatione
2175 4407 2546 4461 confessionis
2571 4408 2927 4476 augustanae
2943 4409 2990 4477 (†
3006 4411 3098 4463 25.

471 4479 626 4548 sings
666 4479 881 4532 reiches
922 4479 1334 4547 theologisches
1371 4479 1609 4543 Wissen,
1653 4480 1755 4533 das
1812 4477 1954 4532 Nov.
2008 4482 2183 4548 1543).
2235 4478 2571 4547 Disputavit
2617 4481 2679 4531 de
2721 4481 3093 4546 praedestina-

470 4549 530 4602 in
559 4552 753 4604 seinen
782 4550 1068 4604 Schriften
1095 4550 1277 4603 durch
1297 4550 1490 4604 reinen
1508 4551 1753 4604 Stilund
1809 4554 1964 4612 tione,
2010 4555 2181 4608 1542:
2222 4555 2286 4603 de
2333 4556 2546 4604 veritate
2592 4555 2833 4618 corporis
2875 4558 2924 4603 et
2963 4569 3098 4604 san-

468 4622 792 4691 gliickliche
846 4622 1250 4690 Handhabung
1293 4621 1393 4674 der
1438 4622 1752 4677 deutschen
1805 4626 1987 4688 ‚quinis
2014 4625 2219 4676 Christi
2238 4622 2299 4674 in
2322 4620 2672 4683 ,eucharistia
2715 4624 2826 4674 tres
2852 4619 3094 4690 insignis

470 4694 718 4763 Sprache
747 4696 1096 4748 unterstfitzt
1136 4692 1347 4756 wurde,
1395 4695 1620 4748 machte
1649 4693 1752 4747 ihn
1810 4692 2147 4746 eruditionis
2170 4693 2342 4746 libros
2360 4695 2613 4746 vetustos
2631 4692 2813 4746 edidit
2831 4692 3095 4761 Friburgi

469 4783 538 4817 zu
567 4767 747 4819 eincm
778 4765 1173 4819 bedentenden
1196 4763 1750 4826 Polemiker‚dessen
1811 4768 1950 4820 1530
2000 4764 2057 4816 in
2111 4769 2159 4819 8.
2233 4764 2314 4818 Cf.
2367 4763 2695 4832 Renninger
2757 4764 2847 4816 die
2900 4762 3094 4817 Weih-

468 4836 629 4889 Wert
655 4836 876 4889 freilich
904 4837 1074 4890 heute
1102 4854 1169 4888 zu
1191 4836 1377 4906 wenig
1394 4836 1755 4907 gewiirdiget
1814 4835 2062 4888 bischofe
2092 4853 2203 4889 von
2224 4836 2564 4904 Wiirzburg‚
2592 4835 3094 4904 Wiirzburg18653

467 4907 559 4960 ist.
610 4906 1073 4960 Janssen-Pastor
1101 4907 1220 4970 VII,
1244 4912 1367 4967 465.

1808 4906 2275 4961 hussen-Pastor
2307 4908 2476 4970 vim,
2501 4911 2624 4963 450.
