3475 5364
437 338 561 390 919

1019 324 1388 376 1451—1475.
1417 319 1470 375 S.
1499 319 1810 388 Scriptura.
1838 319 2165 388 Alphonsus
2195 317 2476 371 Tostatus.

2927 335 3050 390 920

437 504 786 579 Hispaniam
836 506 1055 565 ascitus
1107 506 1220 564 snit
1249 525 1284 564 a
1314 505 1545 567 Joanne
1576 524 1714 582 rege
1772 506 2055 564 fusissimi
2087 505 2274 581 igitur
2306 514 2450 563 sunt
2478 507 2606 580 ejus
2625 506 3049 572 commentarii,

436 594 497 651 in
531 592 845 652 consilium
880 613 1055 655 suum
1091 597 1398 670 majorque
1431 594 1713 654 cancella·
1771 598 1833 653 et
1862 594 2166 653 fatendum
2198 598 2286 653 est
2304 613 2440 652 eum
2472 593 2808 669 saepissime
2835 598 3052 653 atextu

434 684 561 742 rius
592 686 653 742 et
684 682 865 742 abbas
897 684 1206 759 pincianae
1252 684 1591 760 collegiatae
1622 701 1714 743 ec·
1771 684 2115 759 explicando
2166 682 2430 757 divagari
2482 684 2944 759 innumeraeque
2992 684 3051 742 in

436 771 650 829 clesiae
682 770 874 830 factus
904 775 1011 832 est.
1045 772 1222 849 Regis
1243 772 1482 831 demum
1502 775 1715 849 rogatu
1773 774 1899 832 suis
1948 772 2441 848 explicationibus
2485 774 2867 848 quaestiones
2908 773 3055 849 dog-

436 860 519 918 ah
557 860 822 936 Eugenio
867 861 963 920 1v.
1016 861 1207 921 factus
1258 867 1351 920 est
1401 863 1715 938 episcopus
1773 863 2015 921 maticas
2048 862 2330 940 (quadam
2352 862 2655 921 occasione
2689 862 2843 921 circa
2881 858 3052 941 170),

437 949 742 1010 abulensis
775 945 837 1030 (†
878 946 1087 1031 1449),
1136 951 1272 1009 hinc
1318 970 1487 1026 saepe
1520 951 1715 1010 dictus
1772 970 1923 1026 quae
1955 950 2028 1010 ad
2060 970 2185 1009 rem
2216 969 2336 1009 non
2356 951 2679 1025 pertinent,
2701 951 3054 1010 scholastica

435 1038 1317 1113 estsimpliciterAbulensis.
1333 1038 1458 1108 Quo
1472 1060 1716 1100 munere
1774 1040 2048 1100 methodo
2080 1043 2457 1115 pertractare.
2490 1040 2687 1099 Trium
2711 1040 3053 1117 linguarum

438 1146 542 1201 per
574 1127 920 1187 sexennium
953 1129 1215 1204 piissime
1247 1134 1428 1204 atque
1459 1130 1716 1206 integer-

436 1215 585 1274 rime
619 1216 861 1276 functus
894 1222 1003 1286 est,
1056 1217 1426 1293 decessitque
1466 1229 1519 1281 3.
1558 1219 1715 1294 Sept.

451 1314 629 1376 1455,
662 1306 783 1364 divi
801 1307 897 1365 vel
913 1307 1072 1366 beati
1106 1307 1481 1382 praenomine
1515 1328 1549 1367 a
1580 1308 1716 1383 plu-

435 1395 604 1453 ribus
651 1395 1089 1455 condecoratus.
1142 1396 1357 1455 Mirum
1389 1398 1545 1471 quod
1582 1397 1715 1456 bre-

437 1484 586 1542 viori
620 1483 775 1544 vitae
808 1485 1004 1560 spatio
1051 1481 1353 1566 (pervenit
1397 1485 1553 1543 enim
1583 1489 1714 1544 tan-

435 1583 564 1630 tum
618 1573 692 1631 ad
725 1593 773 1631 a.
812 1583 909 1635 56.
961 1575 1173 1634 aetatis
1225 1569 1391 1653 suae)
1443 1577 1535 1634 tot
1581 1593 1719 1633 con-

439 1661 698 1720 scribere
728 1662 911 1723 libros
943 1665 1232 1739 potuerit:
1266 1667 1360 1722 tot
1390 1664 1546 1722 enim
1567 1668 1716 1722 tam·

439 1769 554 1826 que
588 1770 801 1827 magna
820 1771 998 1828 opera
1017 1752 1371 1828 composuit,
1407 1755 1477 1811 ιιι
1510 1753 1718 1830 singu·

439 1840 512 1898 lis
575 1840 890 1900 adultioris
952 1840 1111 1900 vit-ae
1174 1841 1384 1900 diebus
1446 1841 1721 1901 debuerit

440 1929 697 1988 scribere
760 1929 1026 2004 quinque
1088 1930 1181 1989 vel
1261 1949 1359 1989 sex
1428 1949 1719 2006 expansae

439 2018 675 2078 chartae
707 2018 862 2077 folia.
897 2018 1169 2079 Memoria
1215 2020 1359 2079 item
1408 2020 1606 2095 viguit
1637 2019 1720 2078 fe-

439 2107 683 2165 licitatis
734 2109 1197 2184 tenacitatisque
1247 2108 1342 2166 vix
1396 2108 1718 2178 credibilis,

440 2195 584 2257 adeo
618 2200 688 2254 ut
718 2215 1107 2273 quaecunque
1131 2197 1313 2256 semel
1334 2197 1598 2274 legisset,
1621 2217 1720 2257 ve·

438 2285 552 2344 luti
603 2304 634 2344 e
682 2285 1031 2346 fidelissimo
1095 2286 1360 2361 deposito
1409 2287 1610 2345 statim
1661 2289 1724 2346 et

439 2375 914 2450 quandocunque
955 2375 1308 2435 reddiderit:
1357 2376 1496 2434 hinc
1541 2376 1723 2434 etiam

439 2464 513 2521 de
558 2463 770 2540 quovis
823 2467 1172 2546 argumento
1220 2465 1422 2539 potuit
1468 2466 1722 2524 scribere

440 2553 535 2611 vel
566 2553 900 2628 disputare:
934 2554 997 2613 in
1036 2553 1344 2613 scribendo
1382 2557 1584 2613 tamen
1616 2573 1720 2612 ne·

438 2643 627 2719 glexit
643 2643 871 2703 stilum.
894 2642 1259 2702 Prodierunt
1270 2644 1399 2719 ejus
1410 2660 1588 2717 opera
1602 2644 1720 2703 col-

438 2733 593 2791 lecta
654 2732 918 2793 Venetiis
989 2744 1148 2795 1507
1215 2735 1258 2791 ι.
1332 2742 1442 2801 13;
1526 2744 1721 2803 15473

461 2831 615 2884 1596
634 2824 676 2879 ι.
706 2833 804 2892 17;
834 2821 1172 2897 plenissime
1192 2821 1426 2881 demum
1448 2822 1525 2880 ib.
1563 2832 1718 2885 1615

439 2915 481 2967 ι.
520 2920 600 2971 24
637 2911 698 2969 in
732 2911 805 2979 f.;
846 2920 1009 2974 1728
1044 2914 1087 2967 t.
1124 2920 1201 2974 27
1238 2912 1301 2969 in
1332 2911 1403 2981 f.;
1451 2911 1723 2970 Coloniae

451 3008 612 3061 1613
650 3003 691 3057 ι.
721 3007 816 3062 13.
849 2999 1117 3076 Reliquit
1146 2999 1269 3059 scil.
1301 3003 1724 3060 commentaria

441 3089 505 3146 in
537 3088 719 3147 libros
758 3088 1070 3147 historicos
1106 3089 1169 3146 V.
1206 3088 1271 3146 Τ.
1305 3109 1339 3148 a
1367 3089 1577 3148 Genesi
1614 3109 1722 3149 us·

441 3195 558 3251 que
620 3176 696 3235 ad
744 3177 780 3235 1.
853 3186 906 3239 2.
970 3177 1493 3253 Paralipomenon;
1557 3184 1619 3237 et
1678 3184 1720 3237 t.

443 3266 652 3324 saltem
692 3278 722 3329 7
760 3261 1055 3348 (venetiis
1101 3278 1259 3330 1596
1309 3272 1351 3326 ι.
1387 3264 1451 3347 4)
1507 3268 1569 3326 in
1618 3268 1721 3326 Ev.

441 3373 484 3416 s,
539 3356 822 3416 Matthaei
890 3353 988 3435 (ad
1047 3358 1218 3431 cujus
1283 3376 1328 3417 c.
1387 3369 1478 3419 19.
1544 3358 1724 3416 habet

441 3444 741 3521 integrum
791 3449 853 3504 et
896 3445 1207 3521 pulchrum
1251 3449 1325 3504 tr.
1380 3447 1450 3505 de
1482 3446 1720 3524 gratia),

439 3533 511 3592 de
544 3535 764 3609 quibus
798 3535 885 3594 ita
918 3539 1121 3594 censet
1153 3536 1405 3613 Cornely
1421 3531 1500 3617 ¹):
1556 3536 1720 3604 ,Dif-

440 3828 605 3863 neam
633 3813 692 3864 et
718 3810 1058 3864 haereticam
1087 3826 1120 3862 a.
1147 3810 1520 3879 deputatione
1547 3809 1719 3863 trium

440 3881 817 3935 cardinalium
849 3881 1209 3950 aliorumque
1256 3881 1507 3935 virorum
1535 3880 1718 3935 docto-

440 3971 568 4005 rum
597 3953 769 4005 fuisse
798 3952 1059 4009 confixas,

523 4032 555 4083 ¹)
587 4023 727 4078 Hist.
769 4027 828 4077 ct
852 4024 975 4077 crit.
1005 4024 1214 4077 introd.
1243 4023 1303 4076 in
1329 4024 1390 4076 11.
1420 4041 1488 4078 ss.
1517 4042 1571 4077 n.
1599 4028 1721 4079 250.

441 4096 701 4149 (reserum
742 4094 811 4147 de
855 4097 1047 4148 nostro
1090 4097 1316 4148 auctore
1358 4095 1430 4149 cf.
1457 4094 1580 4149 Nic.
1611 4098 1721 4147 An·

441 4165 634 4219 tonius
685 4164 959 4221 Biblioth.
1013 4171 1121 4220 vet.
1172 4166 1318 4237 hisp.
1364 4165 1398 4220 1.
1444 4172 1526 4224 10.
1581 4185 1624 4221 c.
1671 4172 1720 4222 7.

441 4236 659 4291 Tostati
678 4237 846 4307 proli*
862 4236 1056 4290 issima
1079 4238 1489 4292 commentaria
1502 4238 1563 4291 in
1582 4238 1719 4291 Mat-

442 4309 671 4363 thaeum
701 4308 986 4362 contraxit
1001 4308 1072 4362 ad
1091 4310 1200 4363 vol.
1220 4316 1251 4365 2
1269 4311 1328 4362 et
1342 4308 1566 4378 Hispali
1584 4314 1716 4366 1491

440 4381 502 4433 in
548 4381 585 4436 f.
631 4379 814 4434 edidit
855 4382 1130 4450 inscripta¹
1184 4384 1454 4435 Floretum
1522 4380 1721 4433 Petrus

443 4451 781 4506 Ximenes
808 4451 877 4505 de
907 4452 1232 4506 Prexano
1274 4452 1722 4523 (Prcxa1n0)exi-

443 4523 588 4578 mius
619 4523 719 4587 vir,
749 4541 971 4578 morum
1014 4525 1326 4586 honestate,
1370 4523 1549 4577 literis
1594 4542 1717 4595 pru·

1775 1149 2075 1188 sacrarum
2107 1129 2336 1205 peritus
2368 1148 2612 1188 sensum
2643 1130 2935 1189 literalem
2960 1148 3051 1188 so·

1779 1220 1900 1278 lum
1933 1237 2222 1293 exponere
2255 1237 2317 1277 se
2349 1218 2500 1277 velle
2533 1218 2760 1289 asserit,
2794 1222 2856 1277 at
2875 1237 3053 1295 quam

1774 1307 2064 1383 plurimas
2079 1307 2424 1383 allegoricas
2440 1308 2840 1383 expositiones
2872 1308 3055 1367 simul

1777 1398 1837 1455 in
1869 1397 2130 1455 medium
2152 1396 2338 1454 affert.
2376 1397 2678 1458 postillam
2698 1397 2918 1474 Lyrani
2938 1396 3054 1456 fre·

1776 1489 2027 1561 quenter
2071 1485 2329 1554 adhibet,
2376 1486 2677 1546 interdum
2723 1487 3053 1563 impugnat.

1779 1575 1912 1633 Non
1973 1576 2102 1634 sine
2155 1576 2355 1634 fructu
2405 1575 2577 1633 hodie
2627 1593 2866 1650 quoque
2925 1576 3056 1650 ejus

1775 1683 1955 1739 opera
1984 1664 2288 1722 interdum
2335 1663 2756 1724 adhibentur.‘
2826 1664 3056 1740 ,Major

1777 1753 1840 1812 in
1872 1772 1958 1823 e0,
2011 1752 2215 1829 inquit
2246 1753 2543 1825 calmetus
2592 1754 2653 1812 in
2696 1753 2837 1812 bibl.
2872 1771 3053 1820 sacra,

1778 1842 2165 1918 disceptandi,
2229 1841 2534 1918 productis
2611 1843 2676 1901 in
2738 1847 3055 1919 utramque

1777 1934 2008 2006 partem
2070 1931 2427 2000 rationibus,
2492 1931 2733 1990 ubertas
2777 1934 2839 1989 et
2889 1949 3054 1992 usus.

1779 2039 1960 2094 quam
2013 2020 2197 2078 solida
2246 2020 2505 2079 eruditio
2550 2024 2613 2078 et
2644 2038 2845 2095 sapor:
2896 2020 3053 2095 quod

1778 2113 1980 2167 tamen
2056 2108 2240 2168 seculi
2302 2110 2497 2184 potius
2575 2127 2753 2183 quam
2829 2109 3055 2186 ingenii

1778 2199 1927 2256 vitio
1974 2198 2361 2257 tribuendum
2407 2206 2559 2257 est.‘
2622 2197 2783 2256 Rich.
2835 2198 3056 2268 Simon,

1781 2288 2052 2361 quamvis
2114 2291 2318 2362 carpat
2380 2288 2794 2362 quaestionum
2847 2305 3056 2363 super-

1777 2377 2032 2435 fluarum
2094 2376 2339 2451 copiam,
2391 2395 2525 2434 eum
2572 2375 2808 2436 laudat:
2860 2375 2913 2435 Il
2962 2380 3059 2435 est

1779 2465 2146 2535 neanmoins‚
2193 2466 2394 2541 inquit
2437 2464 2591 2527 Hist.
2623 2465 2749 2524 crit.
2783 2465 2864 2525 du
2897 2464 2963 2526 V.
2995 2466 3056 2524 T.

1778 2555 1885 2624 111,
1928 2564 2003 2616 12
2030 2573 2086 2628 p.
2110 2563 2255 2624 313,
2278 2555 2539 2613 heureux
2559 2555 2705 2613 dans
2724 2572 2815 2613 ses
2830 2554 3058 2632 digres-

1780 2644 1971 2704 sions:
2016 2642 2090 2704 de
2122 2647 2277 2703 sorte
2309 2662 2427 2719 que
2459 2643 2518 2702 la
2550 2644 2777 2704 lecture
2808 2662 2884 2703 en
2913 2649 3059 2720 peut

1780 2737 1904 2793 etre
1964 2733 2128 2803 utile,
2177 2751 2350 2809 parce
2398 2733 2547 2808 qu'il
2593 2737 2687 2792 est
2726 2737 2969 2810 scavant
2997 2737 3060 2794 et

1780 2824 1980 2881 exerce
2013 2822 2157 2882 dans
2188 2823 2243 2882 le
2277 2823 2432 2898 style
2463 2822 2536 2881 de
2568 2823 2626 2880 la
2658 2822 2841 2881 Bible.
2888 2823 3055 2882 Post-

1781 2912 1960 2971 remis
1991 2912 2170 2971 tomis
2204 2911 2586 2970 continentur
2648 2912 3053 2986 Defensor-ium

1779 3001 1963 3059 trium
1975 3000 2470 3076 propositionum,
2481 3004 2727 3076 propter
2735 3019 2885 3076 quas
2898 3001 3059 3076 apud

1779 3090 2116 3167 Eugenium
2136 3089 2231 3149 IV.
2265 3094 2576 3149 accusatus
2606 3089 2740 3158 fuit,
2773 3093 2845 3149 ut
2877 3109 3059 3165 supra

1778 3178 2069 3246 diximum
2121 3197 2239 3253 quo
2285 3179 2347 3238 in
2394 3197 2485 3254 op.
2538 3179 2785 3238 liberius
2818 3180 2882 3238 in
2912 3199 3057 3255 pon-

1778 3268 2025 3327 tificiam
2073 3268 2491 3327 auctoritatem
2535 3268 2857 3338 invehitur,
2900 3269 3059 3345 quod

1778 3360 2117 3432 temporum
2148 3356 2383 3417 illorum
2437 3356 2690 3433 injuriae
2722 3358 3058 3417 adscriben-

1780 3447 1920 3505 dum
1940 3446 2192 3504 videtur.
2224 3445 2294 3503 L.
2310 3447 2379 3505 de
2402 3449 2652 3523 quinque
2662 3448 2936 3524 fiquratis
2944 3467 3057 3522 pa-

1778 3536 2042 3610 radooeis,
2075 3535 2139 3594 in
2171 3553 2429 3610 quorum
2471 3547 2521 3598 l.
2551 3538 2782 3610 poetice
2802 3535 3055 3610 quidem,

1781 3624 1884 3683 sed
1901 3625 2071 3683 ‹locte
2087 3626 2148 3683 et
2164 3624 2469 3700 ingeniose
2485 3625 2723 3683 disserit
2740 3624 2810 3683 de
2826 3624 3058 3684 Christo

1779 3718 1840 3772 et
1871 3713 1925 3770 b.
1962 3714 2234 3791 Virgine;
2288 3713 2351 3771 in
2406 3723 2459 3775 2.
2511 3718 2573 3772 et
2622 3722 2679 3776 3.
2711 3714 2956 3790 pulchre
2987 3714 3059 3772 de

1777 3802 2182 3861 incarnatione
2228 3806 2289 3861 et
2334 3802 2406 3861 de
2437 3802 2562 3861 vita
2597 3802 2859 3871 Domini3
2905 3804 2968 3861 in
3003 3812 3057 3866 4.

1778 3897 1839 3950 et
1896 3902 1947 3955 5.
2004 3891 2229 3968 prolixe
2294 3891 2367 3950 de
2419 3892 2708 3967 serpentis
2770 3894 3056 3969 imagine;

1778 3982 1847 4039 de
1897 4001 1975 4040 ss.
2035 3982 2357 4054 Trinitate;
2403 3980 2640 4040 libellus
2692 3999 2871 4057 super
2918 3981 3061 4041 Ecce

1780 4072 1937 4148 viryo
1969 4072 2241 4150 concipiet
2272 4071 2352 4132 Ia.
2391 4079 2445 4131 7.
2489 4081 2599 4139 143
2647 4072 2715 4128 de
2745 4078 2901 4129 statu
2932 4074 3060 4129 ani-

1780 4179 2015 4218 marum
2058 4167 2191 4235 post
2242 4167 2477 4218 mortem
2530 4156 2642 4241 (ed.
2691 4178 2825 4218 cum
2858 4159 3060 4218 Barth.

1779 4249 2141 4326 Sibyllae
2187 4255 2247 4307 et
2291 4248 2706 4308 Trithemii
2756 4250 2825 4307 de
2859 4248 2977 4307 Deo
3009 4256 3062 4307 et

1781 4459 1920 4512 1489
1948 4454 2261 4508 cauriensis
2303 4459 2348 4525 (t
2376 4460 2555 4521 1495).
2608 4454 2847 4525 Scripsit
2890 4454 3061 4508 etiam

1779 4532 1975 4579 contra
2004 4526 2233 4579 Petrum
2257 4543 2633 4591 oxumcnsem,
2660 4530 2725 4579 ut
2742 4526 2893 4578 infra
2919 4526 3063 4580 dice·

440 4596 750 4663 ‹lentiaque
771 4596 829 4649 iu
851 4595 1273 4650 salmanticensi
1298 4596 1474 4664 lyceo,
1503 4595 1720 4649 Tostati
1782 4616 1924 4661 mus,
1954 4600 2011 4650 et
2038 4602 2244 4652 Luem-o
2270 4601 2333 4651 de
2357 4601 2409 4652 la
2438 4603 2560 4652 vida
2590 4601 2918 4662 (Ἰινίιειίαηα,
2948 4598 3064 4649 Sal·

439 4668 772 4737 ·'liscipulua,
822 4668 955 4721 dein
1002 4672 1058 4721 et
1098 4668 1333 4737 collega,
1374 4667 1722 4736 segoviensis
1782 4670 2065 4723 manticae
2120 4674 2276 4732 1495,
2328 4669 2679 4738 prohibitum
2729 4669 2960 4737 quidem
3001 4668 3063 4720 in

439 4738 695 4809 episcopi
746 4739 990 4793 vicarius
1039 4739 1322 4810 generalis
1375 4741 1546 4805 atquc
1587 4739 1721 4792 inde
1785 4740 1850 4793 Ei
1869 4740 2203 4810 purgatorio
2230 4740 2418 4794 indice
2447 4742 2708 4811 hispano,
2734 4740 2830 4793 sed
2859 4756 2973 4807 qua
2994 4740 3063 4793 de

439 4811 622 4866 'Polcti
651 4811 959 4866 canonicus
989 4811 1334 4881 magistralis
1373 4813 1431 4863 et
1455 4810 1720 4875 decanus,
1779 4828 1953 4866 causa
1980 4829 2037 4866 se
2069 4813 2338 4881 ignorare
2379 4814 2595 4868 fatetur
2626 4813 2748 4866 Nic.
2778 4811 3064 4865 Antonius

439 4883 668 4937 demum
713 4883 1012 4954 episcopus
1061 4882 1316 4951 pacensis
1362 4885 1542 4951 (1487›
1589 4884 1647 4935 et
1671 4900 1719 4935 a.
1782 4887 1820 4937 t.
1853 4883 1983 4940 11.l.
2014 4884 2079 4936 X.
2107 4906 2149 4938 c.
2184 4889 2322 4939 1511.
2353 4888 2474 4941 838.
