3475 5364
518 348 636 398 107
649 348 681 399 5
858 335 1229 388 1476—1500.
1257 330 1452 389 Theol.
1476 331 1707 385 moralis
1732 333 1791 383 et
1814 330 2135 401 pastoralis.
2162 330 2334 395 Wolf,
2362 330 2639 384 Barianus
2665 332 2772 385 etc.
2958 349 3029 401 10
3044 346 3121 399 7ss

507 534 741 574 marum
772 516 1113 590 pastoribus
1144 517 1311 585 utile,
1345 516 1578 576 Brixiae
1619 528 1775 580 1511
1846 518 1991 576 male
2040 519 2100 575 et
2149 517 2494 593 quodlibeta
2546 526 2624 580 77
2678 536 2777 592 qq.
2824 516 3124 592 praedica·

508 622 652 663 cura
680 606 832 682 Aug.
880 604 1197 664 Passirani.
1259 605 1558 682 Expendit
1604 607 1668 663 in
1718 624 1788 665 eo
1843 606 2075 673 bilium,
2107 607 2411 666 Bononiae
2450 616 2603 668 1501
2637 605 2700 663 in
2723 616 2777 668 4.
2802 602 2883 686 (fl.
2911 602 3129 679 1494).

510 711 680 752 casus
712 694 866 753 clrca
898 694 1134 770 negotia
1150 694 1580 771 religiosorum,
1615 713 1785 754 cura·
1846 729 1931 740 —-
1965 696 2302 772 Stephanus
2354 695 2683 753 Nottius
2749 690 2847 774 (de
2895 694 2947 753 N
2953 691 3123 773 ottis)

509 786 708 841 torum
759 801 867 841 seu
915 784 1325 859 plebanorum,
1358 784 1786 860 episcoporum,
1846 785 1910 845 Ο.
1944 784 2120 843 Hum.
2140 784 2617 852 Mediolanensis,
2651 783 2823 858 cujus
2844 783 3133 842 laudatur

507 872 939 939 usurariorum,
962 872 1403 949 negotiatorum
1421 879 1529 931 etc.
1557 908 1624 917 —
1650 875 1787 932 An·
1845 878 1918 931 tr.
1981 874 2049 931 de
2094 874 2348 948 jubilaeo
2409 891 2514 931 seu
2562 891 2711 949 opus
2765 872 3124 932 remissionis

508 960 780 1019 tonius
831 961 903 1020 de
963 961 1300 1020 Balocho
1364 962 1427 1019 Ο.
1480 962 1534 1020 S.
1587 963 1787 1021 Franc.
1846 982 1881 1020 a
1910 981 2102 1038 poena
2131 966 2193 1021 et
2224 964 2415 1038 culpa,
2466 962 2780 1020 Mediolani
2821 971 3003 1025 1500.
3036 994 3125 1005 —

505 1050 936 1109 famosissimus
997 1050 1364 1126 praedicator
1408 1048 1470 1132 (†
1518 1060 1616 1113 22.
1661 1052 1787 1111 Oct.
1845 1046 2922 1133 JacobusLoup‘(LeLoup†1498),
2952 1050 3124 1126 cujus

520 1134 711 1219 1483)
757 1138 1003 1215 reliquit
1051 1147 1123 1197 tr.
1175 1141 1244 1198 de
1273 1140 1596 1216 virtutibus,
1631 1141 1789 1217 Lug·
1846 1145 2083 1199 exstant
2098 1144 2173 1199 tr.
2207 1142 2274 1200 de
2300 1142 2531 1215 justitia
2563 1142 2981 1209 commutatico,
3016 1139 3129 1197 Pa-

508 1228 655 1286 duni
694 1238 894 1299 15043
945 1228 1207 1287 Venetiis
1261 1239 1424 1292 1505
1474 1247 1609 1288 cum
1641 1248 1786 1304 qua·
1847 1230 2003 1289 risiis
2044 1240 2244 1300 14963
2296 1231 2331 1288 l.
2382 1231 2768 1289 assertionum
2817 1230 3123 1288 craholica-

507 1316 888 1393 dragesimali
950 1318 1022 1376 de
1092 1327 1164 1380 12
1235 1316 1597 1376 mirabilibus
1653 1319 1790 1392 fidei
1846 1337 1981 1377 rum
2013 1320 2259 1395 apostoli
2307 1319 2585 1379 omnibus
2616 1318 3124 1394 praedicatoribus

505 1407 858 1465 christianae
888 1408 1243 1477 excellentiis,
1261 1408 1421 1482 quod
1451 1411 1683 1467 constat
1705 1418 1778 1471 71
1845 1408 2523 1474 accommodissimus,in
2539 1425 2657 1481 quo
2669 1426 2873 1466 omnes
2886 1407 3129 1466 conclu-

507 1496 897 1564 sermonibus,
952 1495 1215 1555 Venetiis
1274 1507 1437 1559 1492
1487 1496 1575 1554 ed.
1624 1516 1788 1556 men·
1847 1497 2040 1556 siones
2088 1498 2340 1573 apostoli
2386 1501 2449 1556 et
2496 1516 2698 1555 earum
2747 1496 3133 1571 probationes*

505 1584 680 1656 dosa;
730 1590 802 1643 tr.
850 1586 917 1643 de
953 1588 1036 1643 12
1079 1587 1415 1645 excellentiis
1442 1588 1792 1645 sacramenti
1849 1589 2231 1655 annotantur,
2284 1587 2360 1644 ib.
2418 1595 2602 1649 1497.
2657 1618 2736 1628 -
2784 1585 2822 1643 J
2839 1602 3125 1644 oannes

506 1674 889 1746 confessionis,
909 1675 1177 1734 Mutinae
1208 1684 1364 1736 1491
1393 1696 1406 1743 ;
1439 1677 1512 1733 tr.
1536 1675 1790 1734 diffusus
1853 1675 2070 1734 Faber
2089 1676 2161 1734 de
2182 1676 2453 1735 Carvinio
2478 1671 2744 1758 (Epinois
2761 1675 2825 1732 in
2844 1675 3125 1750 Burgun-

506 1765 574 1820 de
609 1764 692 1821 13
723 1765 976 1822 conciliis
1005 1764 1159 1823 circa
1178 1765 1432 1823 salutem
1447 1764 1786 1839 peccatoris,
1847 1762 1967 1834 dia)
2005 1765 2067 1823 Ο.
2089 1765 2293 1824 Praed.
2326 1765 2389 1823 in
2407 1765 2829 1839 compendiosa,
2856 1781 2926 1821 ex
2944 1762 3123 1822 variis

507 1852 774 1911 Mutinae
812 1861 977 1916 1492
1013 1853 1154 1913 in4.
1177 1853 1407 1929 aliaque
1438 1853 1789 1911 inedita.—-
1847 1854 2019 1913 libris
2081 1856 2469 1913 exhortatione
2529 1853 2603 1912 ad
2651 1871 2856 1911 omnes
2905 1851 3125 1910 Christi

506 1941 684 1999 Haud
716 1960 925 2017 parum
971 1941 1181 2001 laudat
1211 1942 1249 2000 J
1251 1961 1465 2001 anssen
1494 1942 1533 1999 J
1536 1960 1789 2001 oannem
1845 1942 2108 2002 fidelium
2155 1947 2352 2003 status
2396 1942 2652 2018 propriis
2701 1960 2965 2017 quosque
2996 1960 3124 2000 ora·

507 2030 627 2088 Wo
652 2030 719 2088 lf
745 2026 968 2111 (Lupi),
1002 2031 1239 2106 quihoc
1269 2034 1531 2106 tempore
1563 2031 1784 2099 floruit,
1845 2032 2114 2091 tionibus
2178 2033 2545 2099 adhortatur,
2609 2048 2911 2089 summum
2970 2048 3125 2105 pon-

506 2119 878 2195 capellanum
956 2120 1029 2178 ad
1090 2140 1133 2181 s.
1181 2121 1338 2179 Petri
1414 2121 1788 2178 Francofurti
1844 2121 2079 2189 filicem,
2114 2121 2456 2180 cardinales,
2509 2121 2833 2196 episcopos,
2867 2120 3123 2195 impera·

507 2206 566 2287 (†
605 2206 822 2288 1468),
875 2209 980 2283 qui
1025 2211 1433 2285 confessionale
1477 2228 1583 2268 seu
1613 2228 1785 2285 egre-
1843 2213 2021 2279 toreS,
2044 2228 2230 2287 reges,
2254 2210 2551 2286 principes
2566 2214 2693 2277 etc„
2723 2208 2938 2267 deinde
2953 2209 3123 2267 theo-

503 2298 663 2374 giam
695 2298 1109 2356 catecheticam
1141 2298 1596 2358 instructionem
1628 2317 1785 2357 com-
1845 2300 2032 2375 logice
2063 2300 2346 2373 quasdam
2381 2319 2476 2374 qq.
2508 2297 2779 2375 (minoris
2811 2293 3122 2376 momenti)

504 2387 720 2462 posuit,
755 2387 819 2445 in
849 2406 967 2461 quo
1013 2388 1191 2445 etiam
1234 2388 1350 2446 alia
1397 2388 1646 2464 attingit
1691 2407 1785 2446 ar·
1843 2389 2139 2463 expendit.
2161 2422 2248 2433 -—
2280 2389 2681 2447 'l'ussanus
2715 2387 3055 2445 Caverus
3089 2406 3124 2444 a

505 2479 789 2552 gumenta
803 2473 866 2555 ¹).
919 2476 1152 2534 Prodiit
1191 2487 1307 2539 147
1319 2488 1373 2537 8.
1429 2478 1562 2535 Non
1595 2477 1784 2535 mino·
1827 2477 2004 2552 ‚Villa
2079 2496 2235 2537 nova
2296 2478 2359 2536 O.
2411 2478 2595 2537 Carm.
2672 2474 3129 2545 Avenionensis,

505 2583 630 2623 rem
662 2565 901 2623 laudem
933 2572 1161 2623 merent
1192 2567 1321 2641 ejus
1355 2565 1570 2624 libelli:
1623 2565 1788 2642 Eyne
1847 2586 1891 2624 s,
1927 2566 2264 2643 Scripturae
2296 2570 2356 2625 et
2386 2565 2717 2641 theologiae
2748 2564 3125 2624 scholasticae

506 2654 685 2713 sehon
717 2653 996 2732 g'eistlike
1028 2654 1146 2714 lere
1165 2655 1289 2713 und
1305 2654 1788 2731 unterweysinge
1844 2656 2047 2724 lector,
2095 2656 2406 2732 episcopus
2456 2654 2857 2714 cavellicensis
2889 2650 3123 2734 (1466;

509 2762 612 2802 ron
641 2745 746 2802 der
776 2745 966 2819 byrhte
981 2763 1009 2814 ,·
1040 2747 1101 2802 et
1135 2744 1251 2802 Von
1283 2747 1409 2801 dem
1440 2744 1789 2802 sterbendem
1844 2744 1879 2812 †
1920 2744 2114 2826 1492)
2147 2747 2474 2821 composuit
2504 2747 2876 2803 directorium
2909 2746 3123 2802 consci-

507 2834 810 2907 mynschen
841 2833 965 2891 und
997 2832 1131 2890 dem
1163 2833 1383 2909 giilden
1402 2833 1784 2902 Seelentrost,
1844 2838 2046 2910 entiae,
2081 2835 2362 2912 Lugduni
2394 2843 2584 2902 14883
2618 2833 3042 2892 commentaria
3059 2832 3127 2890 in

507 2922 874 2998 Magdeburg
914 2930 1094 2984 1486.
1130 2920 1199 2979 In
1232 2922 1534 2997 epitaphio
1566 2922 1788 2980 dicitur
1844 2943 1888 2981 s.
1937 2925 2294 2999 Scriptura..
2324 2924 2550 2982 inedita
2610 2929 2680 2981 ut
2735 2922 2985 2980 videtur.
3036 2955 3125 2965 —

509 3010 752 3078 „doctor
785 3010 981 3068 decem
1017 3015 1525 3085 praeceptorum<
1562 3045 1646 3054 —-
1681 3011 1788 3069 His
1844 3013 2187 3072 Joannes
2233 3013 2724 3072 Varenacker
2774 3012 2957 3088 Belga
2987 3029 3125 3069 nas-

505 3099 802 3157 addantur
832 3100 1052 3174 plureS,
1099 3118 1248 3174 quos
1294 3100 1629 3159 nominasse
1661 3101 1786 3158 suf·
1843 3106 2015 3161 cente
2033 3101 2675 3161 academialovaniensi
2690 3099 3124 3176 philosophiam

507 3189 696 3246 ficiet:
750 3188 803 3246 N
825 3189 1128 3247 icolaus
1179 3189 1566 3248 Barianus
1619 3189 1683 3250 Ο.
1732 3190 1786 3247 S.
1845 3191 1909 3250 in
1970 3192 2276 3268 gymnasio
2326 3191 2547 3250 liliensi
2597 3190 2816 3256 docuit,
2869 3189 3131 3263 indeque

506 3279 658 3353 Aug.
693 3278 1094 3346 Placentinus,
1148 3278 1254 3353 qui
1305 3297 1367 3336 se
1418 3279 1786 3338 institutioni
1844 3281 2092 3357 gradum
2126 3280 2266 3340 fecit
2296 3281 2369 3338 ad
2402 3299 2447 3339 s.
2479 3279 2810 3355 theologiae
2842 3278 3123 3355 magiste-

507 3366 803 3424 montium
818 3368 1059 3443 pietatis
1077 3367 1372 3443 opposuit,
1389 3386 1538 3442 quos
1554 3371 1786 3427 montes
1844 3371 2017 3431 rium.
2063 3371 2236 3429 Anno
2278 3380 2440 3432 1443
2474 3368 2815 3428 nominatus
2848 3367 2967 3424 fuit
2997 3367 3123 3442 ple-

509 3457 919 3532 ,impietatis‘
952 3457 1289 3532 appellabat
1320 3456 1384 3515 in
1404 3458 1440 3515 l.
1462 3461 1668 3516 contra
1686 3476 1784 3516 eos
1844 3460 2035 3518 banus
2086 3460 2140 3520 d.
2173 3460 2335 3518 Petri
2382 3477 2448 3517 ac
2478 3459 2776 3534 professor
2809 3455 2869 3538 (†
2910 3455 3123 3528 1475).

506 3546 728 3622 scripto
751 3543 772 3616 s
776 3565 895 3621 quo
918 3550 1116 3604 tamen
1129 3547 1520 3605 incertamine
1540 3548 1786 3606 adverso
1844 3549 2023 3607 solvit
2054 3568 2141 3626 qq.
2174 3549 2578 3625 quodlibeticas
2614 3559 2665 3608 1.
2688 3549 2895 3605 utrum
2925 3544 3125 3603 clerici

503 3639 692 3694 marte
766 3632 1115 3715 pugnabat).
1198 3636 1514 3696 Cremonae
1585 3646 1783 3704 14943
1842 3642 1903 3695 et
1934 3638 2309 3696 ecclesiarum
2343 3637 2594 3712 praelati
2614 3639 2873 3712 peccent,
2891 3634 2943 3692 si
2964 3633 3129 3709 quod

515 3735 711 3794 [4963
758 3743 890 3783 cum
937 3725 1074 3783 aliis
1117 3726 1418 3800 opusculis
1448 3725 1519 3783 de
1552 3726 1662 3783 hoc
1691 3744 1785 3782 ar·
1842 3727 1926 3785 eis
1957 3727 2029 3785 de
2051 3726 2400 3802 praebendis
2423 3727 2698 3802 superest
2716 3726 2780 3782 in
2802 3725 3123 3799 eleemosy-

503 3817 787 3890 gumento
851 3814 1079 3889 Lipsiae
1150 3826 1312 3876 1670
1377 3816 1441 3872 in
1504 3814 1788 3873 Dorothei
1841 3834 1978 3874 nam
2039 3834 2156 3873 non
2217 3815 2614 3892 elargiantur3
2683 3824 2736 3876 ⁴2.
2787 3818 2993 3871 utrum
3046 3812 3119 3871 ab

505 3904 742 3961 Asciani
773 3904 812 3961 i.
845 3923 891 3961 e.
928 3903 1208 3961 Matthiae
1243 3903 1682 3962 Zimmermann
1713 3903 1785 3960 de
1843 3905 2080 3963 'nomine
2110 3906 2307 3980 possit
2337 3905 2670 3981 dispensari
2701 3905 2764 3961 in
2796 3902 3126 3977 praeceptis

504 3993 809 4051 montibus
863 3993 1100 4067 pietatis
1148 4011 1201 4065 p.
1242 4003 1366 4054 064
1421 4011 1526 4060 ss.;
1580 3996 1786 4050 contra
1834 3994 1990 4068 juris
2023 3995 2313 4053 naturalis
2364 3998 2469 4052 aut
2501 3993 2705 4054 divini,
2752 4001 2945 4060 1512;
3011 3992 3121 4049 Pa·

504 4083 664 4155 quod
728 4081 967 4156 scripsit
1011 4081 1498 4139 Bernardinus
1531 4081 1601 4138 de
1633 4082 1782 4140 Bus-
1843 4083 2003 4142 risiis
2066 4092 2249 4145 1544.
2312 4084 2446 4141 Alia
2508 4082 2776 4159 ejusdem
2827 4099 3005 4156 opera
3054 4084 3127 4138 ut

503 4172 599 4240 tis,
635 4175 704 4229 ut
734 4190 790 4246 p.
835 4179 996 4232 1002
1026 4169 1358 4227 retulimus
1397 4170 1783 4246 Quadraqesi-
1842 4173 2286 4232 Monotessaron
2349 4176 2699 4231 manserunt
2747 4170 2988 4229 inedita.
3036 4201 3121 4213 —-

1842 4263 2072 4320 Statum
2120 4263 2425 4334 synodalia
2477 4266 2540 4320 et
2587 4259 2974 4336 provincialia
3014 4303 3026 4315 .
3060 4303 3073 4316 .
3108 4303 3121 4316 .

1841 4351 1887 4409 E
1903 4371 1942 4427 g
1956 4370 1987 4409 e
2003 4371 2035 4408 r
2048 4351 2086 4410 d
2102 4353 2120 4408 i
2138 4346 2532 4432 (Eggerhard)
2551 4350 2854 4425 Diirrkopf
2859 4348 3126 4424 episcopi

584 4472 616 4526 Ι)
655 4464 991 4518 Geschichte
1055 4465 1152 4518 des
1215 4467 1525 4522 deutschen
1573 4468 1784 4522 Volkes
1842 4439 2211 4500 ⁸103Vi00¹²⁸is
2260 4437 2460 4522 (¹4⁸9
2495 4473 2579 4484 ““““
2618 4450 2671 4502 6·
2720 4439 2869 4496 NOV·
2932 4435 3123 4512 ¹499)

503 4539 545 4600 I,
571 4542 642 4594 59
682 4537 768 4590 ed.
796 4541 897 4592 18:
945 4537 1058 4618 Der
1096 4537 1371 4593 schlichte
1407 4538 1784 4594 Frankfurter
1840 4530 2190 4605 prodierunt
2220 4531 2486 4588 Lubecae
2529 4539 2710 4590 1496-

502 4608 1784 4761 ἴιῗέἒῖᾒζῑεὲξίῗκνῖζῖθέὒζῗέΟθωὲθέρῖἱῖξὲἓ

503 4751 878 4806 Verstandms
905 4754 1003 4806 der
1024 4751 1391 4823 praktischen
1419 4753 1783 4808 Bedfirfnisse

501 4824 600 4878 des
626 4823 855 4878 Volkes.
895 4823 1105 4878 ibidem
1134 4824 1305 4879 etiam
1331 4829 1594 4896 excerpta
1621 4842 1688 4879 ex
1717 4844 1783 4879 eo
1934 4809 1965 4860 5
1986 4808 2002 4857 1
2023 4809 2077 4860 6·
2130 4797 2455 4873 specialem
2517 4797 2881 4898 {mentionata
2929 4795 3123 4854 adhuc

501 4896 745 4948 exhibet.
1841 4891 2070 4944 merent
2119 4887 2238 4945 duo
2289 4906 2357 4945 ex
2408 4888 2610 4946 ordine
2645 4886 3123 4945 Praedicatorum
