3475 5364
373 320 529 375 1357

360 489 666 564 eidemque
700 496 1038 565 praesentes
1072 494 1341 557 utantur,
1384 491 1636 567 collegit.

360 580 638 638 Diarium
683 581 882 637 curiae
926 598 1220 655 romanae,
1269 580 1439 655 cujus
1480 580 1638 656 frag-

359 674 627 726 mentum
659 668 782 726 scil.
817 667 891 726 ab
925 687 972 725 a.
1014 678 1445 732 1504--1513
1481 660 1634 727 com·

360 757 622 832 plectens
665 757 818 815 Julii
864 756 937 813 11.
992 758 1400 831 pontificatum
1453 758 1639 817 edidit

362 846 667 923 Dollinger
711 846 773 903 in
807 846 1082 922 Beitrssge
1125 846 1230 917 111,
1268 857 1637 917 :363—433,

359 936 519 993 aliud
555 935 630 993 ab
677 956 726 993 a.
773 944 932 997 1518
988 954 1174 1009 usque
1233 944 1395 998 1522
1449 935 1640 995 edidit

359 1025 455 1082 Ch.
509 1024 571 1081 G.
620 1023 1036 1082 Hoffmann
1085 1026 1145 1082 in
1191 1042 1345 1084 nova
1389 1026 1638 1100 scripto·

361 1132 494 1172 rum
557 1131 622 1170 ac
683 1132 943 1171 monum.
995 1114 1353 1185 collectione,
1405 1115 1638 1190 Lipsiae

370 1212 527 1264 1731
589 1222 643 1277 p.
699 1213 1064 1265 401—500.
1099 1236 1182 1245 ——
1217 1204 1638 1263 Gualterus

361 1291 693 1349 Gravius
727 1310 760 1348 a
793 1291 1011 1349 Gravia
1042 1292 1105 1351 in
1137 1292 1357 1350 finibus
1379 1293 1637 1352 Braban-

362 1380 483 1437 tiae
518 1385 579 1437 et
612 1379 881 1437 Geldriae
930 1380 1163 1456 oppidO,
1214 1382 1556 1458 Ruysius
1606 1403 1640 1439 a

363 1468 583 1526 familia
614 1468 1082 1545 cognominatus,
1135 1470 1433 1529 O..Praed.
1480 1471 1640 1546 prior

358 1557 832 1633 noviomagensis
877 1555 939 1639 (†
975 1568 1072 1621 30.
1107 1560 1238 1635 Maj.
1281 1555 1470 1639 1534)
1519 1560 1634 1618 dis-

364 1646 554 1705 seruit
584 1648 653 1705 de
685 1647 895 1705 ritibus
925 1654 974 1705 et
1006 1644 1496 1707 observationibus
1529 1669 1637 1707 an-

358 1738 534 1812 tiquis
564 1737 707 1794 olim
740 1736 892 1794 circa
922 1737 1253 1811 baptizatos
1271 1744 1331 1796 et
1352 1738 1636 1797 confiten-

358 1832 450 1882 tes
471 1842 707 1899 eosque,
730 1825 835 1902 qui
866 1845 971 1900 pro
1003 1826 1237 1884 delictis
1272 1828 1344 1884 ab
1381 1828 1637 1886 Ecclesia

359 1914 464 1972 Dei
497 1913 846 1971 eliminandi
866 1919 1080 1986 essent,
1105 1916 1458 1985 observati&
1492 1917 1634 1975 item

366 2012 482 2065 113
505 2002 898 2078 praefationes
917 2023 1025 2078 per
1042 2008 1237 2064 totum
1261 2025 1482 2063 annum
1499 2024 1634 2063 can-

356 2091 475 2149 tari
509 2091 649 2149 olim
682 2092 909 2164 solitae,
948 2094 1213 2153 Coloniae
1254 2104 1439 2159 15303
1473 2096 1634 2168 Apo-

357 2182 505 2257 loqia
556 2180 630 2237 ad
682 2180 907 2239 Erasmi
944 2184 1003 2239 R.
1038 2183 1075 2240 l.
1128 2183 1199 2241 de
1249 2184 1635 2253 confessione,

357 2279 418 2325 et
449 2271 745 2342 appendix
788 2270 850 2326 in
898 2270 934 2325 1.
985 2271 1250 2346 ejusdem
1290 2272 1521 2330 Erasmi
1566 2273 1637 2330 de

356 2376 463 2416 esu
495 2358 777 2426 carnium,
803 2360 1162 2435 Antverpiae
1190 2371 1375 2429 1525,
1416 2362 1636 2436 quibus

358 2466 572 2506 nomen
647 2448 914 2521 praefixit
991 2449 1287 2508 Godefridi
1365 2451 1640 2526 Buysii

355 2535 760 2595 Taxandri.
808 2569 894 2579 —
940 2538 1376 2598 Gaufredus
1410 2540 1633 2598 Bous-

356 2626 531 2684 sard
580 2625 1004 2689 Cenomannus.
1054 2628 1487 2704 philosophiam
1535 2628 1637 2688 do-

356 2717 478 2773 cuit
532 2715 595 2773 in
645 2715 889 2792 collegio
941 2735 1241 2788 nevar-rec,
1295 2718 1431 2776 dein
1483 2724 1543 2777 et
1576 2720 1635 2776 11.

356 2805 782 2862 sententiarum
817 2807 1103 2881 exposuit.
1138 2809 1489 2867 Doctoratus
1511 2809 1635 2866 lau·

356 2913 452 2952 rea
484 2893 811 2969 insignitus
854 2904 1040 2962 1489,
1092 2896 1425 2955 academiae
1458 2898 1638 2955 etiam

355 2982 724 3056 aliquamdiu
744 2983 1088 3056 parisiensis
1114 2989 1401 3043 rectorem
1424 2989 1484 3044 et
1499 3005 1634 3044 can-

356 3071 658 3129 cellarium
695 3071 819 3146 egit
852 3068 1098 3153 (1517).
1164 3077 1215 3132 A
1247 3074 1533 3133 cardinali
1565 3075 1635 3133 de

356 3159 737 3235 Luxemburg
768 3161 1041 3237 episcopo
1075 3165 1488 3221 cenomanensi
1520 3164 1635 3221 fac·

355 3253 454 3306 tus
487 3253 578 3305 est
630 3249 950 3307 canonicus
1000 3251 1388 3320 scholasticus
1431 3256 1491 3309 et
1536 3253 1631 3310 ad·

357 3337 587 3394 hibitus
634 3337 694 3394 in
746 3337 1252 3398 administratione
1288 3340 1635 3399 dioeceseos

356 3426 448 3484 Ab
488 3425 879 3484 universitate
911 3427 1235 3501 deputatus
1268 3432 1361 3487 est
1393 3428 1463 3485 ad
1499 3448 1636 3487 con·

357 3514 706 3573 ciliabulum
773 3515 1211 3574 schismaticum
1262 3518 1537 3592 pisanum
1588 3538 1636 3576 a.

369 3613 554 3670 1511,
592 3605 762 3678 cujus
797 3605 1033 3663 nomine
1068 3607 1426 3682 Cajetani
1459 3610 1531 3664 tr.
1567 3607 1637 3665 de

356 3693 705 3751 auctoritate
752 3713 937 3768 papae
984 3697 1045 3752 et
1089 3696 1318 3753 concilii
1362 3696 1432 3753 acl
1481 3697 1636 3770 pari-

356 3782 609 3840 siensem
641 3783 895 3840 scholam
930 3783 1370 3842 discutiendum
1402 3785 1636 3843 detulit.

356 3871 460 3929 Vir
495 3875 624 3929 erat
657 3891 796 3929 sane
842 3872 1114 3930 eruditus
1162 3867 1224 3953 (†
1261 3883 1422 3935 1524
1461 3894 1511 3932 a.
1544 3893 1637 3931 ae-

356 3961 505 4019 tatis
543 3956 651 4041 81)
686 3961 996 4035 ediditque
1028 3967 1261 4036 praeter
1307 3964 1421 4020 alia
1466 3965 1636 4020 hisio-

357 4053 509 4105 νιάυι
544 4051 975 4106 ecclesia-stimma
1009 4051 1119 4108 sub
1142 4051 1381 4110 nomine
1400 4052 1636 4109 Eusebii

357 4138 531 4204 Caes„
587 4157 737 4210 quae
788 4143 879 4196 est
929 4139 1049 4195 scil.
1100 4141 1289 4197 versio
1352 4141 1634 4209 Rufini,

368 4236 565 4296 14953
620 4234 806 4294 1497,
872 4227 1150 4303 Lugduni
1211 4238 1390 4291 1526.
1453 4238 1634 4296 1533;

358 4314 420 4372 V.
476 4317 520 4372 B
538 4334 567 4373 e
586 4315 621 4372 d
640 4336 672 4371 a
691 4335 722 4372 e
755 4318 1155 4387 expositionem
1188 4320 1249 4375 in
1270 4336 1354 4390 ep.
1379 4318 1550 4376 Paula·
1569 4337 1633 4375 ex

356 4422 402 4466 s.
435 4405 774 4480 Augustino
809 4405 1130 4474 collectam,
1167 4407 1406 4465 Parisiis
1438 4417 1635 4476 14993

358 4493 908 4567 interpretationem
928 4494 987 4551 in
1013 4503 1221 4568 septem
1228 4498 1489 4570 psalmos
1495 4514 1633 4568 poe-

357 4583 687 4656 nitentiale3‚
725 4583 863 4640 ibid.
895 4593 967 4644 15
992 4594 1079 4653 193
1109 4593 1224 4647 152
1245 4598 1291 4651 1;
1314 4587 1383 4642 de
1397 4587 1635 4642 divinis-

352 4672 496 4728 simo
548 4674 752 4729 missae
812 4673 1096 4744 sacrificio
1164 4675 1636 4750 compendiosam

360 4764 418 4817 et
450 4760 687 4818 brevem
721 4761 1164 4835 expositionem,
1218 4782 1283 4820 ex
1319 4763 1469 4821 Guil.
1506 4763 1635 4820 Du-

1026 305 1267 359 Gravius
1294 302 1556 372 Ruyeius,
1584 302 1883 368 Boussard,
1911 303 2312 359 Blomevenna.

2801 320 2967 375 1358

1694 492 1759 549 in
1795 502 1866 560 4;
1910 499 2108 559 1520;
2142 493 2210 549 de
2228 493 2573 549 concinentia
2591 490 2965 564 sacerdotum,

1694 581 1770 639 ib.
1800 591 1998 647 1505;
2031 580 2337 656 Rotomagi
2371 589 2550 649 1513,
2585 580 2621 637 1.
2654 578 2971 637 admodum

1695 687 1882 737 raruS‚
1916 670 1978 728 in
2010 688 2127 744 quo
2147 670 2458 728 historiam
2477 669 2628 727 texit
2647 667 2970 728 coelibatus

1695 762 1755 817 et
1787 778 1842 833 q.
1873 761 2105 825 tractat,
2156 778 2302 817 num
2350 758 2412 816 in
2464 758 2787 816 coelibatus
2838 758 2970 833 lege

1693 847 1957 924 pontifex
1990 847 2332 923 dispensare
2364 847 2548 921 possit
2578 850 2638 905 et
2668 865 2802 905 cum
2836 847 2970 920 qui-

1695 934 1889 1018 bus1).
1943 971 2025 979 --
2078 937 2288 995 Petrus
2337 936 2850 994 Blomevenna
2912 932 2971 1015 (a

1695 1026 1975 1102 Leydis
2025 1026 2239 1089 dictus,
2303 1025 2444 1100 quia
2494 1024 2713 1083 ibidem
2763 1020 2968 1103 natus)

1696 1115 1844 1174 dura
1873 1115 2072 1173 infans
2123 1115 2197 1173 ob
2249 1118 2628 1190 cognatorum
2663 1113 2971 1171 avaritiam

1694 1210 1757 1263 et
1787 1204 2170 1279 cupiditatem
2191 1221 2421 1278 passus,
2444 1202 2548 1260 sed
2564 1202 2755 1277 gratia
2770 1201 2973 1260 divina

1694 1294 1754 1352 in
1790 1293 2127 1352 innocentia
2147 1296 2529 1351 conservatus
2549 1291 2888 1350 adolescens
2909 1291 2972 1348 in

1694 1382 1901 1442 ordine
1943 1382 2471 1440 Carthusianorum
2505 1381 2622 1438 Deo
2674 1399 2736 1438 se
2768 1398 2973 1438 conse-

1696 1473 1884 1530 cravit
1936 1467 2181 1552 (1489),
2232 1470 2292 1529 in
2344 1489 2462 1545 quo
2507 1469 2802 1544 exemplar
2846 1473 2972 1537 erat

1693 1561 1954 1636 pietatis,
2007 1560 2253 1618 virtutis
2303 1562 2363 1617 et
2411 1559 2568 1617 vitae
2618 1558 2681 1616 in
2714 1560 2834 1617 Deo
2867 1559 2972 1616 ab-

1695 1654 1947 1726 sorptae.
1982 1650 2151 1707 Prior
2182 1654 2275 1706 est
2305 1648 2525 1706 electus
2556 1667 2605 1704 a.
2648 1657 2807 1710 1507
2844 1665 2969 1705 car·

1693 1740 1928 1798 thusiae
1961 1738 2327 1806 coloniensis,
2360 1756 2535 1811 quam
2565 1736 2639 1795 ad
2671 1755 2972 1795 summum

1694 1829 1852 1887 vitae
1884 1828 2193 1903 religiosae
2227 1828 2429 1884 florem
2477 1826 2787 1901 promovit,
2833 1844 2970 1883 nec-

1693 1936 1812 1976 non
1845 1923 1905 1975 et
1937 1917 2262 1975 visitatoris
2293 1915 2628 1989 provinciae
2679 1914 2972 1973 rhenanae

1695 2025 1936 2064 munere
1968 2025 2016 2064 a.
2053 2013 2132 2067 28
2169 2010 2260 2063 est
2289 2006 2531 2062 functus
2585 2000 2646 2085 (†
2681 2014 2777 2066 30.
2814 2003 2971 2078 Sept.

1701 2106 1866 2157 1536
1903 2115 1950 2152 a.
1985 2094 2198 2152 aetatis
2237 2106 2335 2162 70,
2372 2092 2672 2168 prioratus
2712 2086 2837 2170 29).
2887 2093 2971 2150 Ex

1693 2204 1810 2252 ore,
1845 2185 2096 2251 incessU‚
2130 2186 2255 2241 tota
2287 2182 2410 2239 vita
2441 2184 2502 2240 et
2533 2181 2769 2257 scriptis
2803 2181 2973 2240 facile

1693 2273 1906 2348 conjici
1937 2275 2187 2347 poterat,
2222 2271 2387 2329 nulla
2418 2270 2584 2347 gravi
2617 2270 2848 2329 macula
2878 2289 2972 2328 ac-

1694 2365 1924 2438 ceptam
1955 2362 2016 2420 in
2050 2361 2341 2435 baptismo
2360 2360 2755 2418 innocentiam
2787 2360 2972 2417 fuisse

1695 2455 2062 2509 temeratam.
2096 2450 2285 2507 Multa
2299 2449 2545 2522 reliquit
2563 2449 2788 2524 scripta
2817 2466 2972 2506 asce-

1693 2540 1810 2598 tica
1841 2543 1901 2597 et
1932 2534 2297 2617 polemica2),
2347 2538 2506 2596 inter
2554 2556 2704 2612 quae
2749 2556 2833 2596 ex.
2883 2557 2970 2613 gr.

1693 2629 2076 2688 Euchiridion
2094 2627 2471 2703 sacerdotum,
2496 2627 2555 2686 in
2581 2645 2698 2702 quo
2719 2645 2802 2696 ea,
2822 2645 2971 2701 quae

1694 2719 1769 2777 ad
1801 2718 2234 2778 divinissimam
2267 2717 2686 2775 eucharistiam
2703 2721 2761 2774 et
2777 2734 2971 2775 sacra-

1694 2809 1995 2866 tissimum
2015 2807 2226 2865 missae
2243 2806 2502 2864 officium
2521 2806 2794 2875 attinent,
2810 2805 2971 2864 facili

1695 2917 1758 2955 ac
1791 2898 1966 2972 plane
2000 2896 2253 2971 quodam
2284 2898 2621 2952 tractantur
2654 2895 2812 2964 stilo,
2835 2913 2970 2952 cum

1694 2987 1944 3044 aliorum
1979 2984 2347 3061 quorundam
2383 2984 2682 3059 opusculis
2703 2984 2973 3043 Coloniae

1705 3085 1864 3137 1532
1904 3071 2002 3155 (m.
2043 3070 2149 3153 48)
2176 3095 2188 3142 ;
2220 3074 2288 3131 de
2321 3074 2563 3131 bonitate
2594 3074 2788 3131 divina
2820 3073 2875 3131 ll.
2913 3075 2968 3142 4,

1694 3165 1851 3221 unde
1886 3169 2122 3239 praeter
2154 3163 2266 3219 alia
2286 3162 2470 3220 divini
2491 3162 2652 3220 verbi
2670 3163 2968 3236 praeconi-

1693 3253 1805 3310 bus
1817 3252 2064 3310 materia
2076 3271 2306 3326 semper
2326 3251 2603 3308 exuberat
2628 3251 2972 3308 exhortandi

1694 3346 1874 3414 atque
1909 3341 2154 3399 docendi
2188 3340 2416 3414 plebem
2452 3345 2573 3396 tam
2605 3340 2676 3397 de
2707 3342 2970 3415 tempore

1696 3449 1874 3502 quam
1910 3430 1979 3486 de
2000 3429 2234 3495 sanctis,
2259 3428 2336 3489 ib.
2366 3437 2525 3489 1538
2548 3447 2681 3484 cum
2704 3428 2973 3502 apologia

1695 3518 1951 3576 Gisberti
1977 3519 2022 3574 B
2041 3518 2110 3575 lo
2128 3517 2255 3574 cho
2273 3516 2382 3573 vii
2416 3515 2630 3573 sodalis
2655 3536 2757 3589 pro
2780 3516 2970 3590 ipsius

1694 3607 2000 3681 opusculis
2035 3611 2095 3663 et
2148 3606 2294 3673 vita3
2347 3605 2530 3662 latine
2577 3606 2762 3662 vertit
2795 3604 2968 3662 Har-

1694 3696 1824 3771 phi
1848 3696 1865 3751 i
1946 3695 2332 3752 Directorium
2409 3695 2973 3767 contemplatieorum

1694 3782 2386 3862 cum-introductionibus
2408 3778 2501 3863 (cf.
2522 3803 2575 3856 p.
2611 3779 2817 3862 1086),
2838 3783 2970 3856 qui-

1695 3873 1806 3931 bus
1839 3873 2012 3947 plura
2045 3873 2109 3929 in
2140 3872 2242 3928 iilo
2277 3872 2610 3930 emendavit
2660 3872 2752 3930 vel
2786 3872 2969 3946 expli—

1694 3963 1849 4030 cuit3
1899 3962 2071 4035 plura
2117 3979 2353 4034 quoque
2386 3979 2560 4035 opera
2612 3960 2970 4036 Dionysii

1695 4051 2057 4108 carthusiani
2104 4049 2290 4107 edidit
2355 4045 2448 4130 (cf.
2482 4070 2536 4125 p.
2587 4060 2710 4111 909
2761 4046 2860 4130 se.)
2912 4058 2972 4107 et

1694 4141 1974 4198 adversus
2005 4141 2404 4215 protestantes
2434 4139 2670 4196 fortiter
2702 4138 2970 4214 scripsit:

1698 4226 1952 4287 Candela
1985 4229 2294 4301 ecauyelica
2343 4227 2626 4300 adversus
2676 4228 2970 4296 sectariOS‚

1696 4317 1966 4376 Coloniae
2049 4327 2248 4386 152G;
2328 4318 2566 4374 assertio
2635 4319 2973 4394 puryatorii

1693 4408 1772 4464 ib.
1804 4417 1955 4469 1534
1982 4407 2043 4463 in
2078 4416 2169 4472 12,·
2201 4407 2268 4463 de
2297 4408 2636 4464 auctoritate
2664 4406 2970 4479 Ecclesiae,

1694 4496 1963 4555 Coloniae
2009 4505 2202 4564 1535;
2235 4497 2304 4552 de
2323 4497 2483 4553 vario
2506 4497 2668 4552 modo
2684 4496 2974 4553 adorandi

1770 4722 1808 4788 ¹)
1837 4717 1919 4774 Cf.
1949 4719 2113 4773 Feret
2140 4718 2205 4778 11,
2233 4722 2460 4776 88—92.

1770 4798 1807 4851 Ξ)
1837 4791 1918 4845 Cf.
1947 4790 2263 4843 KesselKL.
2285 4789 2376 4853 11²,
2396 4793 2497 4846 9:21
2518 4806 2617 4850 ss.;
2647 4787 2971 4842 Hartzheim

355 4849 576 4907 rande
610 4853 670 4907 et
691 4850 1446 4920 Bielderivatam‚Parisiis
1473 4861 1581 4915 151
1606 4863 1628 4913 l
1692 4879 1749 4930 p.
1777 4867 1903 4919 265.
