3475 5364
351 376 517 429 1053

439 555 582 608 504.
617 545 663 603 G
685 543 989 602 uilelmi
1035 544 1289 602 Albon
1336 544 1492 603 OSB.
1524 543 1630 601 ab·

343 634 500 692 batis
564 633 905 692 monasterii
952 651 999 696 s,
1047 633 1263 691 Albani
1309 629 1367 709 (†
1421 644 1470 695 1.
1503 633 1629 695 Jul.

354 718 548 805 1476)
582 724 892 801 reyistrum
925 722 997 780 de
1029 722 1204 781 factis
1237 723 1298 779 et
1312 722 1459 780 actis
1473 724 1625 779 tem·

343 830 487 888 pore
549 830 655 871 suo
715 820 1053 875 1465--72
1107 807 1220 890 (ed.
1285 810 1354 869 H.
1406 811 1627 869 Thoma

348 902 398 959 R
414 901 434 959 i
452 903 521 960 le
535 920 576 977 y
592 901 655 959 in
670 901 957 960 Chronica
970 899 1314 958 monasterii
1329 918 1373 958 s.
1393 899 1625 968 Albani,

356 999 540 1053 1873.
572 990 646 1048 H.
678 1009 739 1052 n.
773 990 868 1049 VI.
900 1010 958 1066 p.
996 998 1297 1051 25—139
1332 989 1492 1047 inter
1515 1007 1625 1046 rer.

345 1079 485 1141 brit.
533 1079 686 1138 med.
737 1098 858 1138 aev.
893 1079 987 1141 88.
1020 1098 1076 1137 ιι.
1116 1086 1217 1147 28,
1268 1078 1527 1153 collegit,
1558 1080 1630 1135 ut

346 1168 601 1237 videtur,
634 1186 981 1245 anonymus.
1014 1167 1358 1244 Registrum
1402 1167 1532 1242 ejus
1565 1166 1628 1224 in

339 1257 640 1334 dignitate
700 1257 985 1316 abbatiali
1047 1256 1397 1315 successoris
1458 1256 1506 1314 G
1521 1276 1565 1314 u
1580 1256 1628 1312 i-

347 1347 564 1404 lelmi
626 1345 1137 1423 Walyngford
1202 1341 1627 1427 (Walingforde

345 1433 385 1501 †
416 1455 469 1512 p.
508 1446 605 1498 27.
654 1439 806 1512 Aug.
857 1447 882 1497 1
902 1430 1052 1514 488)
1098 1433 1173 1493 ad
1220 1454 1270 1493 a.
1311 1442 1496 1503 1488,
1547 1432 1625 1490 ib.

347 1525 601 1601 reperies
644 1544 700 1600 p.
755 1534 1119 1587 140-291,
1166 1556 1255 1566 —-
1307 1523 1626 1581 Thomas

342 1619 385 1675 S
403 1633 525 1673 cro
541 1632 680 1690 pus
724 1633 794 1672 ex
824 1614 1039 1690 oppido
1071 1613 1264 1688 patrio
1297 1610 1627 1687 Bradleyus

781 357 1044 428 Scropus‚
1071 357 1324 425 Calabre,
1351 356 1624 424 Hadrian,
1655 357 1903 429 Capella,
1932 358 2102 428 Herp,
2132 357 2411 413 Corradus
2438 361 2541 414 etc.

2792 378 2959 432 1054

1682 544 1806 603 rico
1840 546 1885 607 Ι.
1917 564 2109 619 usque
2141 545 2213 603 ad
2245 549 2499 605 mortem
2516 546 2767 604 «Ioannis
2788 545 2958 604 ducis

1682 633 2068 711 Burgundiae
2128 636 2189 693 et
2249 635 2473 693 comitis
2535 634 2849 694 Flandriae
2909 655 2958 694 a.

1691 732 1804 785 141
1823 733 1877 792 9,
1912 724 2069 799 apud
2086 721 2142 781 J.
2159 723 2213 781 J.
2247 723 2318 781 de
2336 724 2503 787 Smet
2518 724 2739 799 Corpus
2759 724 2959 786 chron.

1681 811 1990 870 Flandriae
2019 820 2202 876 1831.
2234 813 2277 883 I,
2317 821 2694 881 291-3673
2728 814 2959 888 supple·

1683 907 1935 959 mentum
1966 901 2225 960 chronici
2260 921 2409 978 mag.
2431 901 2669 978 Aegidii
2702 902 2773 961 de
2800 904 2960 978 Roya

1681 990 1946 1066 religiosi
1977 990 2264 1049 dunensis
2297 991 2370 1049 ab
2415 1010 2464 1049 a.
2508 999 2957 1060 1463-1·478,

1683 1097 1817 1137 cum
1849 1096 1917 1137 eo
1938 1080 2161 1139 editum
2180 1080 2548 1139 Francofurti
2578 1089 2760 1142 1620.
2796 1080 2962 1138 Obiit

1683 1188 1733 1226 a.
1773 1177 1958 1230 1488.
1991 1202 2080 1212 —
2108 1170 2450 1228 Joannes
2502 1169 2822 1244 Capella
2867 1187 2959 1227 re-

1681 1257 1867 1331 liquit
1895 1258 2223 1317 chronicam
2253 1258 2650 1317 abbreviatam
2690 1257 2958 1316 domino—

1681 1366 1818 1404 rum
1849 1350 1910 1405 et
1942 1352 2279 1407 sanctorum
2314 1347 2600 1408 abbatum
2634 1366 2678 1405 s.
2702 1347 2959 1405 Richarii

1684 1432 2194 1516 (Saint-Riquier),
2217 1437 2309 1511 cuj
2319 1454 2388 1494 us
2408 1437 2727 1496 editionem
2744 1455 2959 1496 novam

1682 1524 1920 1584 curavit
1979 1530 2040 1584 et
2100 1524 2425 1585 illustravit
2483 1526 2619 1583 Ern.
2677 1524 2958 1595 Prarond‚

1682 1614 1923 1672 Parisiis
1962 1624 2127 1679 1893
2173 1616 2240 1673 in
2275 1623 2329 1678 8.
2402 1610 2595 1674 Vitam
2638 1633 2681 1676 s.
2721 1615 2961 1672 Get-vini

349 1704 823 1781 cognominatae,
850 1702 914 1761 Ο.
936 1703 1138 1771 Carm.,
1161 1702 1473 1777 episcopus
1493 1702 1625 1758 dro-
1681 1702 1772 1761 ab.
1835 1704 2198 1763 centulensis
2246 1704 2309 1762 in
2360 1703 2611 1763 Pontivo
2660 1698 2724 1785 (†
2768 1698 2955 1782 1075)

347 1794 631 1852 morensis
676 1791 740 1850 in
767 1792 1052 1850 Hibernia
1099 1786 1344 1871 (1450),
1395 1791 1628 1866 legatus
1684 1792 1863 1851 habes
1895 1792 1960 1850 in
1992 1796 2121 1854 Act.
2155 1793 2251 1852 88.
2288 1802 2342 1855 3.
2366 1795 2536 1852 Mart.
2568 1792 2613 1862 1,
2651 1800 2957 1856 283·288.

348 1883 569 1940 missus
600 1885 690 1940 est
716 1881 789 1939 ad
811 1881 1042 1956 equites
1058 1880 1434 1938 rhodienses:
1467 1877 1627 1937 unde
1685 1915 1766 1923 -
1802 1881 2081 1940 Petrus
2115 1883 2314 1956 Herp
2348 1883 2411 1945 Ο.
2429 1881 2632 1940 Praed.
2655 1881 2895 1958 collegit
2911 1877 2958 1963 ¹)

345 1989 615 2029 reversus
627 1972 974 2046 episcopatu
987 1988 1050 2028 se
1064 1969 1419 2028 abdicavita.
1443 1977 1556 2030 145
1570 1976 1602 2029 7
1612 2011 1625 2036 ,
1681 1972 1925 2029 annales
1973 1972 2477 2030 dominicanorum
2520 1972 2957 2044 francofurten-

344 2064 408 2119 et
457 2060 522 2118 in
574 2059 956 2118 solitudinem
1009 2057 1285 2116 secedens
1334 2056 1628 2116 exercitiis
1680 2062 1834 2117 sium
1884 2060 1959 2118 ab
2008 2080 2043 2119 a
2100 2070 2529 2123 1306—1500
2581 2059 2737 2136 apud
2790 2059 2960 2117 Sen-

347 2150 581 2207 vacavit
624 2148 1051 2224 spiritualibus.
1116 2146 1280 2205 Obiit
1321 2167 1370 2203 a.
1417 2145 1627 2204 aetatis
1681 2148 2029 2225 kenberg
2062 2149 2268 2208 Select.
2293 2149 2413 2224 jur.
2447 2153 2508 2208 et
2538 2150 2670 2208 hist.
2705 2150 2957 2207 Franco·

342 2257 528 2314 supra
559 2238 949 2296 centesimum
983 2256 1031 2295 a.
1063 2244 1246 2298 1491.
1281 2234 1629 2310 Composuit
1681 2237 1830 2295 furti
1869 2248 2034 2301 1734
2069 2239 2145 2309 ΙΙ,
2188 2248 2428 2307 1-3ος
2478 2238 2591 2297 sub
2622 2236 2801 2296 titulo
2835 2237 2958 2296 Col-

346 2328 676 2385 Chronicon
708 2326 781 2384 de
812 2324 1209 2394 institutione,
1244 2325 1624 2393 successione,
1681 2326 1832 2385 lecta
1862 2327 1952 2391 ed.
1983 2347 2032 2385 a.
2064 2328 2129 2385 R.
2160 2328 2425 2404 Froning
2466 2327 2530 2385 in
2562 2326 2810 2396 Quellen
2858 2345 2962 2385 zur

348 2416 758 2475 intitulatione
802 2419 864 2474 et
904 2415 1331 2491 propagatione
1384 2414 1448 2475 Ο.
1479 2413 1538 2469 ff.
1571 2411 1626 2473 b.
1681 2415 2424 2476 FrankfurterGeschichte
2448 2425 2631 2477 1884.
2654 2417 2698 2483 Ῑ,
2726 2425 2959 2485 58·66;

350 2506 568 2563 Mariae
631 2505 696 2563 V.
748 2505 820 2562 de
871 2504 1069 2563 Monte
1131 2502 1413 2571 Carmelm
1468 2501 1628 2576 quod

348 2593 574 2670 prodiit
605 2598 648 2655 t.
691 2605 740 2655 1.
774 2593 1009 2669 Speculi
1037 2592 1341 2661 carmelit„
1373 2592 1629 2649 Antver·

348 2685 478 2760 piae
524 2693 681 2748 1680
715 2703 848 2760 pag.
890 2692 1007 2746 172
1045 2701 1139 2752 ss„
1190 2687 1251 2741 et
1295 2680 1469 2758 plura
1512 2679 1631 2739 alia

349 2771 655 2852 inedital).
680 2806 762 2818 —-
795 2773 1092 2832 Franco
1126 2771 1444 2830 Calabre
1466 2768 1627 2828 O.Ci.

343 2862 530 2921 abbas
563 2862 915 2921 villariensis
950 2856 1012 2943 (†
1038 2857 1232 2940 1485)
1265 2865 1630 2918 monumenta

345 2952 622 3010 historiae
669 2952 1018 3010 villariensis
1068 2947 1312 3030 (Villers
1358 2967 1434 3007 en
1483 2949 1630 3006 Bra·

348 3041 515 3119 bant)
546 3040 922 3099 continuavit
964 3039 1039 3098 ab
1086 3058 1137 3101 a.
1175 3045 1628 3106 1333—1459,

353 3131 506 3188 forte
538 3130 717 3188 etiarn
763 3128 837 3187 ad
869 3148 917 3186 a.
960 3125 1144 3190 1485.
1205 3126 1633 3202 complectitur

353 3218 496 3277 haec
541 3219 809 3277 collectio
855 3220 1026 3294 gesta
1070 3220 1409 3275 sanctorum
1458 3215 1631 3273 villa-

351 3308 638 3366 riensium
690 3307 863 3369 seul.
911 3306 983 3364 de
1027 3306 1212 3382 gestis
1261 3304 1522 3365 virorum
1557 3304 1630 3361 il·

350 3396 638 3454 lustrium
686 3394 1043 3453 villariensis
1092 3394 1360 3455 coenobii
1403 3411 1630 3453 necnon

345 3488 413 3543 et
445 3485 780 3544 chronicam
832 3484 1175 3548 monasterii
1220 3483 1294 3541 ab
1341 3502 1393 3545 a.
1431 3491 1630 3544 1146-

359 3584 527 3639 1250
563 3593 698 3632 cum
742 3573 1117 3649 quadruplici
1162 3572 1630 3638 continuatione,

350 3665 522 3740 cujus
575 3664 788 3723 saltem
836 3665 1068 3739 partem
1125 3661 1405 3720 exhibent
1450 3661 1633 3718 Mar-

1683 2505 2018 2580 germanice
2041 2505 2414 2564 Francofurti
2433 2523 2477 2563 s.
2497 2525 2544 2562 a.
2559 2538 2648 2548 —-
2664 2504 2959 2563 Eusebius

1684 2593 1724 2652 C
1737 2612 1772 2651 o
1786 2614 1818 2652 r
1832 2614 1861 2652 r
1875 2613 1908 2651 a
1924 2594 1961 2652 d
1977 2614 2020 2652 u
2035 2612 2062 2652 s
2084 2595 2217 2653 Can.
2232 2614 2352 2671 reg.
2368 2595 2470 2657 lat.
2488 2593 2960 2664 Mediolanensis‚

1683 2684 2059 2744 concionator
2117 2684 2389 2760 insignis,
2468 2684 2574 2760 qui
2635 2681 2959 2759 quinquies

1683 2774 1943 2832 universi
2007 2772 2230 2832 ordinis
2273 2773 2636 2831 monasteria
2679 2772 2962 2831 lustravit

1687 2857 1749 2944 (†
1791 2858 1999 2944 1500),
2047 2863 2330 2922 acerrime
2374 2863 2544 2921 stetit
2588 2880 2693 2938 pro
2740 2861 2835 2920 sui
2866 2879 2959 2919 or-

1684 2952 1840 3011 dinis
1900 2952 2329 3029 praerogativis
2391 2954 2594 3011 contra
2653 2950 2963 3010 Eremitas.

1687 3041 1832 3117 Ejus
1883 3040 1955 3099 de
2007 3041 2115 3099 hoc
2173 3050 2526 3116 argumento
2577 3040 2797 3115 scripta
2843 3039 2964 3098 fere

1686 3133 2035 3189 manserunt
2065 3124 2371 3209 inedita2).

1782 3316 1924 3370 505.
1955 3307 2262 3366 Innumeri
2293 3325 2434 3367 vero
2466 3309 2610 3365 sunt
2642 3305 2746 3381 qui
2777 3308 2839 3363 in
2872 3324 2963 3364 re-

1686 3397 1980 3455 censendis
2010 3397 2504 3473 describendisque
2519 3395 2622 3453 SS.
2642 3397 2814 3470 qestis
2831 3412 2964 3453 ver-

1687 3486 1799 3545 sati
1832 3489 1991 3544 sunt.
2043 3484 2219 3543 Hisce
2251 3485 2492 3559 scriptis
2524 3484 2692 3543 deest
2725 3483 2968 3557 quidem

1687 3574 1949 3651 rigidum
1979 3573 2134 3633 illud
2155 3574 2449 3649 judicium
2484 3573 2773 3642 criticum,
2808 3573 2967 3646 quod

1687 3663 1832 3722 adeo
1883 3667 2056 3740 urget
2104 3666 2266 3722 aetas
2314 3666 2533 3732 nostra,
2584 3680 2706 3721 non
2766 3664 2969 3719 carent

345 3756 527 3812 tene
577 3753 726 3811 thes.
775 3750 973 3810 anecd.
1016 3751 1121 3820 111,
1163 3758 1632 3817 1269-τ1374ς
1687 3756 1890 3811 tamen
1919 3771 1987 3811 ea
2017 3753 2211 3828 pretio
2256 3751 2465 3827 illique
2515 3750 2750 3811 caritati
2778 3749 2969 3807 inser-

351 3841 591 3902 Waitz
633 3843 698 3900 in
739 3841 900 3902 Mon.
948 3841 1012 3898 G.
1045 3839 1217 3910 XXV,
1273 3846 1652 3902 195——235.
1689 3843 1883 3912 viunt,
1918 3861 2069 3917 quae
2115 3840 2400 3902 aedificat.
2462 3840 2711 3915 Aliquot
2755 3840 2967 3897 saltem

349 3964 438 3974 —-
470 3930 914 3991 Hadrianus
948 3928 1021 3987 de
1054 3928 1217 3987 Budt
1250 3925 1421 4009 (But)
1458 3927 1521 3986 Ο.
1556 3928 1632 3986 Ci.
1687 3932 2080 3990 nominemus.
2142 3930 2508 3990 «Ioannes
2540 3931 2587 3988 B
2611 3928 2971 3988 athalier

349 4020 675 4079 hulstensis
687 4015 742 4103 2)
792 4019 1032 4095 scripsit
1063 4018 1406 4079 ,chronicam
1455 4017 1633 4075 abba·
1691 4014 2087 4102 (Batilardus)
2150 4020 2215 4082 Ο.
2266 4017 2472 4078 Praed.
2535 4017 2967 4096 Lugdunensis,

345 4116 473 4167 tum
508 4110 846 4167 monasterii
877 4109 944 4165 de
975 4107 1168 4166 Dunis
1204 4106 1269 4166 O.
1314 4107 1418 4181 022,
1453 4124 1634 4181 quam
1691 4107 2669 4186 magisterparisiensis‚virpietate,
2682 4106 2969 4176 doctrina,

343 4197 539 4255 edidit
569 4198 691 4256 Car.
713 4197 935 4256 Ludov.
956 4196 1187 4265 Carton,
1219 4195 1439 4272 Brugis
1468 4204 1632 4257 1839
1691 4198 2034 4274 eloquentia
2064 4198 2278 4266 clarus,
2330 4217 2453 4257 una
2482 4215 2616 4255 cum
2648 4198 2689 4256 J
2704 4196 2972 4255 uliano

350 4287 410 4345 in
448 4297 517 4357 43
549 4288 852 4345 chronicon
884 4285 1204 4344 Flaminiae
1233 4285 1369 4343 inde
1402 4305 1436 4342 a
1466 4283 1635 4342 Lide·
1694 4288 1758 4347 Ο.
1793 4288 1848 4346 S.
1883 4289 2035 4363 Aug.
2067 4287 2211 4346 vitis
2231 4292 2572 4346 sanctorum
2590 4285 2805 4363 gallice
2839 4286 2969 4343 red-

949 4386 960 4395 “
1692 4377 1838 4436 ditis
1871 4376 2358 4452 recognoscendis
2390 4394 2457 4435 ac
2475 4376 2615 4434 stilo
2633 4374 2972 4434 molliendis

455 4495 492 4563 ¹)
546 4490 629 4546 Cf.
682 4490 1016 4546 Bellesheim
1071 4490 1267 4545 Gesch.
1333 4490 1434 4544 der
1481 4490 1636 4543 kath.
1693 4483 1816 4525 non
1845 4485 2088 4541 parvam
2133 4465 2390 4524 contum
2427 4484 2682 4540 Operam·
2745 4464 2976 4523 prodiit

355 4564 561 4619 Kirche
599 4563 662 4616 in
709 4563 896 4617 lrland
941 4563 979 4627 Ι,
1019 4567 1140 4620 592.
1192 4562 1453 4616 Ceterum
1495 4578 1640 4631 opus
1693 4556 1822 4631 ejus
1854 4555 2113 4629 Leqende
2142 4556 2211 4616 de
2242 4555 2441 4613 Saints
2470 4573 2788 4624 neumaiam,
2814 4554 2972 4629 Lug·

347 4634 570 4761 gaugini
571 4634 785 4759 Atitullid
779 4634 849 4687 de
843 4635 1066 4758 ἕτᾱίὶιρ
1093 4634 1515 4759 cgrtgelitarum
1545 4632 1639 4757 ¹⁵¹3·
1693 4643 1842 4702 duni
1868 4653 2051 4706 1476.
2086 4643 2244 4712 Quae
2278 4644 2353 4701 ab
2385 4643 2506 4702 illis
2536 4643 2796 4719 adJectae
2830 4644 2975 4700 sunt

345 4723 565 4846 ⁶3¹.ss
591 4722 744 4830 151¹}ss
770 4723 825 4846 10⁰.
856 4722 996 4833 1862
1020 4720 1574 4846 {geniussmaeq'm
1601 4722 1638 4768 ¹’

429 4851 471 4919 ²)
501 4849 584 4903 Cf.
631 4851 754 4903 Car.
799 4848 868 4901 de
914 4847 1102 4913 Visch,
1149 4847 1249 4915 qui
1294 4847 1416 4916 ejus
1459 4845 1636 4900 vitam

347 4919 538 4974 edidit
562 4920 767 4991 Brugis
797 4924 950 4976 1655.
1319 4967 1320 4972 ,

1765 4853 1806 4910 ¹)
1836 4847 1918 4904 Cf.
1947 4847 2209 4903 Potthast
2236 4867 2290 4917 p.
2317 4853 2438 4908 592.

1768 4924 1809 4990 ²)
1836 4920 1921 4975 Of.
1947 4920 2208 4989 Argelati
2236 4921 2275 4983 1,
2302 4925 2352 4984 2,
2378 4923 2500 4980 478.
