3475 5364
523 343 537 392 ι
559 342 681 394 495
750 322 1466 381 1541-1563.Psalmorum
1494 324 1564 376 et.
1581 321 2280 391 ll.Sapient.interpretes.
2299 322 2889 389 Berua,Bredenbach,
2967 339 3134 393 1496

511 516 583 568 ut
614 509 763 566 nihil
796 527 982 582 aeque
1005 508 1397 578 mortiferum,
1433 509 1586 566 nihil
1607 527 1795 583 aeque
1853 508 2243 566 termittimus
2264 507 2322 585 l).
2402 509 2758 567 Polemicum
2792 509 3139 585 theologum

512 598 910 673 perniciosum
957 598 1074 673 legi
1107 616 1281 673 posse
1313 598 1675 664 videretur-‚⁴¹
1711 630 1795 640 -—
1853 597 1978 673 egit
2008 598 2071 655 in
2105 597 2141 659 1.
2174 597 2260 654 De
2292 598 2567 673 dissidiis,
2615 617 2767 672 quae
2799 602 3001 656 nostra
3030 600 3140 656 hac

512 687 960 745 Ludovicus
993 688 1233 745 Berus
1259 681 1690 769 (Baer‚Ber)in
1720 687 1794 744 li·

514 776 656 834 teris
688 776 1139 834 humanioribus
1172 776 1489 834 admodum
1507 776 1796 843 excultuS‚

512 866 575 922 in
607 864 824 924 divinis
866 865 1015 923 bene
1048 869 1338 935 versatuS,
1392 865 1596 923 doctor
1641 864 1798 940 pari-

515 954 738 1021 siensis,
773 955 839 1011 in
870 955 1259 1013 universitate
1303 954 1623 1013 basileensi
1671 957 1800 1012 erat

513 1043 841 1119 theologiae
872 1042 1168 1117 professor
1212 1047 1272 1101 et
1318 1064 1366 1101 a.
1410 1052 1570 1106 1520
1608 1047 1799 1101 rector

512 1134 763 1207 ejusque
809 1133 1138 1191 academiae
1171 1133 1349 1191 decus
1394 1135 1455 1191 et
1485 1151 1797 1191 ornamen-

516 1228 665 1280 tum.
742 1220 925 1280 Initio
956 1222 1195 1296 quidem
1227 1221 1664 1280 reformationis
1697 1239 1797 1297 ge·

512 1312 731 1369 nuinae
764 1310 1058 1369 desiderio
1081 1315 1432 1369 novatorum
1455 1310 1671 1368 studiis
1694 1310 1797 1367 ad-

513 1400 722 1469 haesit,
757 1418 890 1459 mox
922 1403 1124 1458 tamen
1145 1419 1441 1458 venenum
1462 1400 1707 1476 agnovit
1739 1402 1800 1457 et

512 1507 619 1565 pro
652 1489 813 1547 avita
844 1489 1013 1547 stetit
1046 1489 1177 1547 fide.
1211 1487 1281 1546 In
1315 1488 1598 1547 facultate
1630 1490 1798 1547 theo·

512 1578 705 1654 logica
737 1578 1171 1654 Oecolompadii
1203 1581 1263 1636 et
1284 1578 1542 1635 Pelicani
1574 1577 1797 1635 conati-

514 1667 626 1724 bus
661 1685 723 1725 se
755 1668 1051 1742 opposuit.
1131 1666 1510 1742 Praepositus
1543 1676 1671 1725 erat
1703 1684 1798 1724 ca-

517 1756 693 1831 pituli
728 1756 800 1813 ad
834 1775 877 1814 s.
900 1757 1143 1813 Petrum
1178 1760 1238 1813 et
1270 1776 1357 1831 ep.
1391 1756 1798 1814 cancellarius,

1853 689 2204 761 tempestate
2253 690 2422 745 tanto
2473 706 2607 745 cum
2639 693 2864 745 terrore
2905 689 3142 763 jactant

1855 775 2145 833 Ecclesiae
2163 794 2392 844 navem,
2425 795 2460 834 a
2479 794 2613 850 que,
2649 776 2871 851 quibus
2891 777 3139 835 rationi-

1856 864 1967 922 bus
2001 865 2123 922 sint
2141 865 2396 923 excitata
2429 868 2490 922 et
2509 885 2627 941 qua
2645 865 2872 923 ratione
2894 865 3136 925 videan-

1853 956 1957 1011 tur
1987 954 2258 1028 componi
2273 972 2448 1029 posse
2469 954 2769 1013 sententia
2787 955 2862 1013 M.
2881 954 3138 1014 Breden-

1856 1043 2019 1113 bach,
2044 1042 2311 1101 Coloniae
2341 1052 2525 1112 1557,
2560 1062 2711 1119 quae
2742 1044 3004 1120 pupugit
3033 1044 3137 1102 ad-

1854 1132 2170 1190 versarios:
2205 1132 2343 1189 hinc
2374 1136 2583 1191 contra
2614 1151 2751 1191 eum
2772 1133 3142 1209 scripserunt

1857 1221 2117 1279 Andreas
2151 1221 2434 1280 Smidelin
2485 1222 2757 1280 libellum
2808 1222 3137 1292 scurrilem,

1855 1312 1914 1367 et
1946 1310 2240 1368 Henricus
2274 1311 2474 1369 Pileus
2507 1311 2865 1369 mindensis:
2917 1312 3138 1386 quibus

1855 1398 2235 1457 Bredenbach
2271 1399 2526 1458 occurrit
2555 1419 2708 1458 nova
2752 1401 2839 1458 ed.
2872 1402 3139 1475 ejusdem

1855 1509 1922 1557 a.,
1988 1488 2052 1546 in
2101 1507 2223 1563 qua
2271 1506 2404 1546 cum
2458 1489 2853 1564 reprehensus
2902 1490 3137 1561 fuisset,

1857 1577 2016 1651 quod
2065 1578 2392 1635 Lutherum
2443 1578 2774 1636 schismatis
2835 1584 3139 1637 auctorem

1856 1666 2080 1736 fecerit,
2114 1666 2374 1726 rationes
2395 1666 2640 1725 adducit
2671 1668 3046 1743 gravissimas
3065 1667 3140 1726 ad

1855 1756 2296 1814 meritissimam
2345 1756 2627 1814 tuendam
2674 1758 3137 1826 accusationem;

517 1845 782 1903 Praefuit
843 1845 1141 1919 colloquio
1214 1864 1349 1902 cum
1411 1845 1798 1904 novatoribus
1855 1847 1915 1903 et
1964 1845 2001 1901 l.
2052 1845 2343 1919 inscripto
2377 1840 2833 1920 Hyperaspistes
2878 1864 2985 1921 pro
3029 1864 3138 1905 suo

516 1934 783 1992 Badenae
814 1934 1018 1991 habito
1059 1954 1108 1991 a.
1155 1942 1334 1995 1526.
1399 1934 1799 1992 Praevalenti·
1855 1933 1928 1991 de
1980 1934 2399 2009 componendis
2446 1935 2508 1992 in
2558 1935 2845 2011 religione
2877 1935 3139 1993 dissidiis

516 2023 627 2080 bus
646 2026 1002 2082 novatorum
1036 2022 1230 2080 turbis
1252 2042 1381 2089 cum
1407 2024 1664 2093 ErasmO,
1696 2041 1798 2080 cu·
1857 2022 2060 2080 libello
2114 2023 2399 2081 adversus
2463 2024 2790 2082 calumnias
2856 2023 2926 2081 H.
2992 2024 3137 2082 Pilei

507 2114 610 2185 jus
660 2116 789 2170 erat
839 2112 1159 2181 familiaria,
1213 2112 1497 2169 Glareano
1551 2111 1799 2185 aliisque
1855 2112 2256 2181 mindani,cui
2272 2112 2459 2170 labori
2480 2111 2836 2172 immortuus
2855 2117 2963 2171 est.
2996 2113 3137 2171 Pro·

516 2201 762 2277 collegis
796 2206 865 2259 et⁴
888 2201 1183 2259 canonicis
1213 2200 1572 2277 Friburgum
1614 2218 1799 2259 seces·
1856 2200 1969 2257 diit
1988 2220 2127 2258 cura
2158 2200 2260 2258 filii
2284 2201 2554 2260 Coloniae
2583 2211 2781 2272 15603
2818 2203 2932 2260 etl.
2965 2204 3137 2260 Anti-

517 2290 612 2358 sit,
666 2291 770 2349 ubi
823 2290 998 2348 etiam
1033 2290 1383 2364 professoris
1436 2308 1678 2348 munere
1710 2293 1801 2347 est
1855 2290 2284 2365 hyperaspistes
2304 2290 2583 2349 adversus
2605 2291 2728 2349 Jac.
2750 2291 3036 2361 Andreae,
3059 2291 3139 2352 ib.

517 2379 758 2437 functus
796 2377 857 2459 (†
899 2391 993 2440 14.
1028 2381 1168 2454 Apr.
1211 2375 1420 2459 1554).
1484 2379 1650 2437 Inter
1669 2379 1800 2453 ejus
1866 2387 2047 2442 1568.
2128 2379 2429 2454 Epistolae
2462 2378 2571 2436 XII
2621 2380 2690 2437 de
2738 2382 2954 2457 neyotio
3002 2382 3139 2438 reli·

518 2468 735 2543 scripta
766 2469 1032 2526 Basileae
1076 2477 1229 2530 1551
1287 2468 1449 2526 edita
1491 2468 1798 2544 reperiuu-
1851 2470 2058 2544 yionis,
2103 2467 2373 2526 Coloniae
2416 2478 2598 2531 1567.
2679 2469 2809 2527 Huc
2841 2473 3137 2544 spectant:

516 2562 646 2615 tur:
668 2558 1033 2615 Psalmorum
1048 2559 1324 2632 expositio
1340 2578 1367 2627 ,·
1398 2559 1801 2615 deebriatiana
1857 2556 1930 2615 In
1949 2557 2169 2615 LXIX
2181 2556 2444 2615 Psalmos
2476 2575 2581 2615 seu
2613 2557 2860 2633 hymnos
2885 2559 3139 2634 prophe-

518 2648 595 2705 ad
638 2654 879 2705 mortem
901 2648 1362 2720 praeparatione
1407 2647 1443 2705 l.
1471 2670 1502 2722 ,·
1546 2648 1801 2723 quaestio
1855 2650 1950 2704 tae
2012 2645 2247 2706 Davidis
2312 2645 2534 2723 priores
2585 2650 2646 2704 et
2693 2647 2756 2705 in
2806 2668 2850 2706 s.
2902 2648 2955 2706 J.
3009 2648 3138 2707 Chr.

519 2755 594 2793 an
610 2742 876 2810 tempore
891 2736 1075 2811 pestis
1098 2736 1301 2810 fugere
1321 2737 1499 2794 liceat
1514 2735 1577 2816 ¹).
1600 2736 1799 2812 Magni
1857 2735 2248 2812 Evangelium
2282 2739 2594 2795 secundum
2615 2737 2969 2795 Matthaeum
3000 2757 3138 2796 eru-

517 2845 650 2883 eum
686 2826 828 2882 fecit
859 2826 1157 2890 Erasmus,
1193 2843 1327 2882 cum
1362 2825 1435 2882 de
1482 2844 1548 2883 eo
1583 2825 1801 2883 scribat
1856 2824 1996 2892 dita,
2047 2825 2325 2884 catholica
2375 2829 2436 2883 et
2468 2827 2566 2900 pia
2597 2827 3017 2885 commentaria
3047 2845 3140 2884 se·

517 2933 604 2988 ep.
642 2915 768 2983 V11,
800 2926 820 2976 1
851 2934 863 2971 ε
902 2916 1132 2980 ,Berua
1166 2918 1331 2976 extra
1364 2914 1551 2972 aleam
1582 2916 1675 2972 est
1705 2914 1797 2971 in-

516 3004 846 3079 geniorum,
895 3008 1279 3078 posteaquam
1315 3004 1559 3061 Parisiis
1609 3004 1800 3060 omni-

518 3091 629 3149 bus
662 3091 899 3149 calculis
919 3092 1139 3167 primas
1172 3091 1371 3149 tenuit
1403 3092 1515 3168 (op.
1536 3091 1640 3161 III,
1673 3101 1794 3154 267

518 3181 607 3238 ed.
643 3182 772 3239 Bas.
819 3191 1021 3249 15403
1056 3181 1127 3239 cf.
1159 3183 1218 3238 et
1242 3199 1339 3262 ep.
1375 3180 1523 3249 XIX,
1569 3190 1686 3244 102
1722 3182 1798 3239 ib.

521 3265 734 3348 es2y<

610 3493 753 3546 683.
819 3483 1191 3542 Matthias
1238 3479 1802 3566 Bredenbach2)

518 3577 696 3632 natus
734 3592 778 3632 c.
810 3584 974 3636 1490
1014 3573 1075 3631 in
1108 3573 1391 3649 oppidulo
1412 3574 1660 3647 Kierspe
1692 3571 1800 3629 du-

518 3667 687 3721 catus
722 3664 1051 3721 montensis
1094 3659 1327 3743 (Berg),
1371 3662 1640 3722 Coloniae
1674 3665 1799 3719 stu-

517 3751 631 3810 diis
667 3772 904 3828 operam
954 3752 1118 3809 dedit
1152 3752 1457 3826 factusque
1504 3754 1595 3809 est
1634 3760 1800 3812 1524

517 3842 802 3918 magister
834 3843 896 3899 in
919 3841 1150 3900 artibus
1172 3846 1233 3899 et
1254 3840 1636 3916 philosophia.
1672 3841 1800 3897 Em-

521 3932 711 3989 bricae
744 3931 949 3988 docuit
983 3931 1155 3988 annis
1192 3942 1246 3999 5,
1281 3930 1419 3987 dein
1452 3950 1499 3988 a.
1539 3938 1614 3992 25
1652 3930 1805 3987 rexit

518 4020 896 4096 gymnasium
944 4037 1248 4077 successor
1279 4019 1442 4076 Petri
1476 4018 1802 4093 Homphaei

519 4109 786 4176 senioris,
841 4109 1166 4183 tryglottos
1214 4108 1409 4166 dictus
1456 4108 1530 4166 ob
1564 4108 1804 4184 linguae

520 4197 752 4267 latinae,
800 4215 1059 4272 graecae,
1109 4197 1410 4256 hebraicae
1442 4215 1561 4254 non
1592 4198 1801 4272 vulga-

519 4306 641 4344 rem
693 4287 965 4362 peritiam
1015 4283 1074 4367 (†
1114 4297 1280 4349 1559
1329 4307 1378 4345 a.
1427 4287 1639 4344 aetatis
1677 4283 1800 4366 70).

520 4377 663 4450 Ejus
696 4376 911 4434 merita
955 4376 1017 4438 iu
1064 4394 1387 4450 puerorum
1417 4374 1802 4433 institutione

518 4475 578 4522 et
623 4465 773 4523 circa
820 4465 1025 4523 literas
1074 4465 1447 4523 humaniores
1493 4465 1588 4521 hic
1633 4483 1801 4538 prae-

594 4747 630 4808 Ι)
659 4743 741 4797 Cf.
771 4742 936 4797 Fiala
964 4743 1075 4796 KL.
1104 4744 1196 4807 11⁹,
1223 4748 1346 4800 492.

1857 2914 2104 2972 cundam
2155 2915 2484 2972 hebraicam
2532 2915 2841 2972 veritatem
2887 2921 2947 2973 et
2977 2919 3139 2973 vete-

1857 3022 1988 3061 rum
2012 3003 2473 3063 orthodoxorum
2490 3007 2735 3078 patrum
2756 3009 3142 3063 monumenta

1858 3111 2089 3151 summo
2124 3092 2325 3151 studio
2360 3087 2448 3173 (et
2479 3092 2617 3151 stilo
2637 3089 2906 3172 amoeno)
2942 3093 3139 3152 elabo-

1857 3186 2004 3250 rata,
2059 3182 2335 3240 Coloniae
2376 3191 2538 3244 1560
2593 3182 2656 3239 in
2705 3181 2742 3242 f.
2790 3182 3141 3241 curantibus

1858 3271 1995 3329 filiis
2028 3271 2341 3329 Tilmanno
2374 3275 2435 3329 et
2466 3270 2839 3339 Theodorico,
2886 3272 2992 3346 qui
3021 3271 3140 3330 col-

1859 3361 2134 3437 legerunt
2180 3379 2250 3419 ea
2294 3380 2361 3418 ex
2405 3360 2589 3435 patris
2620 3360 3139 3435 praelectionibu8‚

1860 3468 2007 3524 quas
2029 3449 2240 3507 habuit
2257 3449 2321 3507 in
2339 3448 2762 3524 discipulorum
2800 3449 3141 3508 utilitatem.

1859 3539 1940 3596 Ea
1973 3539 2211 3597 omnino
2263 3538 2750 3597 commendantur
2798 3539 2871 3596 ab
2918 3539 3142 3614 optimo

1860 3628 2095 3703 spiritu,
2119 3646 2235 3702 quo
2257 3628 2615 3696 animantur,
2640 3627 2952 3702 sanisquae
2975 3630 3140 3704 prin-

1860 3717 2048 3791 cipiis,
2083 3736 2233 3792 quae
2252 3717 2541 3791 sequitur,
2576 3716 2649 3774 ab
2669 3716 3004 3776 eruditione
3024 3736 3138 3776 non

1859 3807 2075 3864 hausta
2106 3825 2174 3864 ex
2197 3805 2537 3865 auctoribus
2570 3806 2847 3880 profaniS,
2883 3807 2990 3881 qui
3022 3825 3140 3865 non

1860 3901 2004 3953 sunt
2035 3895 2234 3953 idonei
2281 3896 2459 3953 duces
2505 3894 2578 3953 ad
2620 3895 3008 3954 illustrandas
3052 3895 3139 3953 di·

1860 3985 2029 4042 vinas
2061 3985 2282 4052 literaS,
2331 3984 2433 4042 sed
2466 4002 2532 4042 ex
2567 4002 2639 4042 ss.
2685 3984 2956 4060 patribus
2988 3985 3140 4060 opti-

1861 4074 2086 4148 misque
2106 4073 2536 4148 interpretibus
2556 4073 2878 4144 catholic-ie,
2912 4074 2973 4131 in
2995 4093 3139 4148 quo-

1858 4183 1995 4220 rum
2044 4163 2292 4221 lectione
2338 4163 2658 4239 diligenter
2706 4168 2833 4222 erat
2873 4166 3141 4222 versatus

1858 4257 2064 4310 auctor
2096 4258 2312 4310 noster.
2391 4253 2696 4309 Rationem
2731 4252 2910 4310 habet
2951 4253 3008 4309 iu
3043 4271 3140 4311 ex·

1861 4341 2153 4416 plicandis
2204 4342 2451 4416 psalmis
2503 4344 2704 4398 textus
2752 4341 3032 4408 hebraici,
3084 4346 3144 4399 et

1858 4432 2036 4489 etiam
2060 4431 2595 4490 controversiarum
2628 4429 2699 4488 de
2729 4429 2842 4489 fide
2863 4431 3143 4505 temporis

1936 4607 1974 4671 ¹)
2004 4601 2140 4670 Egit
2165 4601 2235 4654 de
2262 4601 2348 4654 his
2377 4600 2438 4654 R.
2462 4601 2762 4654 Heinrichs
2791 4599 2903 4654 Der
2929 4600 3145 4654 nieder-

1860 4673 2176 4726 rheinische
2207 4673 2519 4726 Humanist
2545 4673 2660 4726 und
2691 4672 3044 4725 Schulmann
3073 4671 3144 4727 M.

1860 4743 2225 4799 Bredcnbach
2273 4745 2390 4797 und
2438 4745 2557 4798 sein
2599 4743 2826 4797 Urtheil
2871 4744 3010 4797 iiber
3052 4743 3144 4798 die

592 4821 629 4884 ⁹)
657 4815 954 4883 Distingui
1017 4815 1186 4868 debet
1247 4833 1277 4866 a
1330 4814 1447 4867 filio
1500 4830 1601 4866 suo
1658 4814 1800 4867 Til·
1860 4815 2267 4878 Reformation,
2297 4816 2657 4869 Francofurti
2686 4815 3144 4873 18902Janssen-

520 4903 621 4939 ma
640 4906 676 4939 n
697 4903 780 4940 no
811 4886 888 4950 Β.,
920 4886 989 4938 de
1018 4903 1131 4952 quo
1160 4885 1378 4953 egimus
1409 4886 1471 4944 12,
1502 4889 1584 4939 70.

1863 4886 2061 4940 Pastor
2091 4887 2211 4940 V111
2228 4895 2261 4950 ²,
2289 4893 2375 4944 90.
