3475 5364
388 351 512 406 889
946 335 1220 404 Theologi
1248 352 1312 390 er.
1340 336 1635 390 ordinibus
1662 354 1704 391 s.
1731 338 1878 406 Aug.
1905 339 1963 389 et
1988 337 2437 390 carmelitarum.
2872 357 2994 408 890

449 532 620 586 437.
659 523 739 580 Ex
775 522 977 581 ordine
1008 524 1395 599 &Anyti-sitini
1427 523 1662 581 nullum
1720 523 1982 582 Venetiis
2071 533 2228 587 1507
2311 529 2421 583 etc.
2495 557 2583 567 —
2659 524 2698 582 J
2715 544 2998 583 oannes

385 613 717 686 reperimus
733 611 1114 671 celebriorem
1127 611 1548 688 theologum.M
1561 632 1661 671 ar·
1720 612 1758 670 S
1775 616 1802 670 t
1817 633 1851 671 a
1868 633 1921 671 m
1939 614 1980 671 b
1996 633 2027 672 e
2044 632 2074 670 r
2087 634 2128 691 g
2188 609 2429 694 (Stanbr
2438 613 2613 690 igine,
2696 615 2996 672 Stenobri-

387 702 594 759 tinus
671 701 1041 776 corbejus
1116 721 1217 760 seu
1285 722 1319 760 a
1383 702 1661 761 Corbenis
1719 698 1861 783 gus)
1896 704 2349 761 carmelitarum
2383 703 2446 761 in
2479 703 2698 779 Anglia
2728 721 2835 762 suo
2856 722 2999 763 aevo

386 790 709 849 Tolosanus
758 788 820 870 (†
872 787 1062 866 1470)
1110 791 1370 866 plurima
1417 791 1665 867 reliquit
1718 791 1890 849 facile
1936 791 2233 868 princepe,
2278 791 2481 851 doctor
2543 796 2671 850 erat
2717 794 2996 851 oxonien-

386 897 586 948 mscr.;
617 899 725 955 pro
755 897 918 938 more
950 880 1371 939 commentaria
1402 880 1464 938 in
1498 881 1660 938 Aris·
1720 875 2649 962 sie,episcopusbanchorensis(l
2668 877 2841 961 448),
2860 882 2997 941 dein

383 968 644 1039 totelem,
664 969 1021 1045 magistrum
1038 970 1492 1039 sententiarum,
1516 970 1660 1027 etin
1721 970 2149 1029 herefordensis
2182 967 2414 1050 (1453;
2449 968 2484 1037 †
2513 983 2530 1032 l
2557 971 2756 1046 1.Maj.
2783 981 2902 1033 147
2912 967 2996 1048 4),

384 1058 612 1116 cantica
644 1058 1025 1126 canticorum,
1060 1058 1124 1116 in
1144 1078 1230 1134 ep.
1254 1059 1325 1116 ad
1351 1059 1657 1127 Romanos,
1718 1061 1891 1134 cujus
1922 1059 2169 1119 consilio
2201 1060 2436 1135 saepius
2483 1078 2630 1118 usus
2663 1063 2752 1117 est
2784 1060 2995 1118 Henri·

385 1147 422 1209 l.
456 1146 519 1205 in
559 1164 840 1207 canonem
888 1147 1205 1207 bibliorum
1254 1153 1363 1207 etc.
1399 1182 1481 1191 —
1514 1148 1660 1223 Ejus
1720 1167 1826 1206 cus
1878 1149 1973 1209 VI.
2025 1149 2289 1207 Plurima
2337 1148 2599 1222 reliquit,
2650 1149 2998 1224 praesertim

385 1236 640 1295 concivis
685 1243 747 1295 et
786 1236 1004 1295 sodalis
1052 1237 1099 1294 G
1122 1238 1196 1294 ui
1217 1237 1497 1295 lelmus
1546 1238 1660 1295 Sa·
1719 1237 1944 1297 indices
1976 1238 2048 1296 ad
2083 1257 2156 1297 ss.
2190 1241 2429 1313 patrum
2464 1255 2655 1312 opera,
2681 1237 2784 1295 sed
2799 1238 2999 1297 omnia

386 1324 414 1381 f
420 1325 634 1384 ontis
695 1323 1086 1406 (Safontius),
1148 1326 1480 1403 theologiae
1540 1346 1663 1384 ma·
1718 1327 1959 1390 inedita.
1987 1362 2060 1370 —
2088 1327 2460 1385 Nicolaus
2491 1327 2679 1387 Coch
2711 1326 2919 1385 doctor
2937 1331 2999 1386 et

384 1415 572 1490 gister
616 1418 680 1473 et
727 1433 937 1491 regens
989 1414 1324 1473 studiorum
1368 1415 1665 1475 Lemovici
1718 1417 2015 1490 professor
2044 1415 2405 1492 parisiensiS,
2439 1416 2828 1476 narbonensis
2862 1435 2997 1491 pro-

388 1497 450 1582 (†
483 1522 527 1562 c.
574 1501 764 1583 1453)
797 1504 1018 1579 pariter
1049 1503 1112 1562 in
1143 1504 1495 1580 magistrum
1529 1523 1661 1564 sen·
1724 1506 1948 1565 vinciae
1979 1525 2028 1564 a.
2067 1515 2136 1569 31
2182 1505 2578 1580 praepositus,
2608 1505 2861 1563 decessit
2878 1505 2997 1564 fere

382 1593 712 1651 tentiarum
744 1593 1002 1668 scripsit.
1033 1626 1118 1638 —-
1160 1592 1327 1661 Quod
1363 1593 1663 1668 praestitit
1719 1595 2094 1653 centenarius
2127 1614 2176 1656 a.
2218 1605 2373 1656 1451
2416 1594 2623 1653 relicto
2643 1594 2821 1653 etiam
2840 1612 2995 1653 com-

384 1685 445 1739 et
475 1682 501 1739 1
520 1682 721 1740 saias
769 1684 813 1740 B
831 1701 864 1740 o
880 1701 969 1740 ne
985 1701 1114 1740 rus
1164 1682 1579 1752 cracoviensis,
1616 1701 1659 1740 s.
1718 1684 2010 1742 mentatio
2031 1685 2091 1742 in
2105 1684 2395 1742 Genesim.
2418 1717 2504 1726 --
2521 1683 2569 1741 G
2585 1702 2618 1741 o
2636 1684 2672 1740 d
2689 1702 2721 1741 e
2737 1684 2804 1740 fr
2822 1684 2839 1741 i
2856 1683 2951 1742 du
2970 1702 2996 1742 s

383 1770 714 1848 theologiae
728 1771 934 1829 doctor
951 1769 1028 1851 (†.
1049 1771 1281 1835 8.Febr.
1310 1772 1522 1851 1471),
1558 1790 1657 1830 cu·
1717 1773 1791 1831 de
1820 1774 1961 1832 Loe
1996 1769 2159 1854 (Lor)
2199 1772 2399 1849 Belga,
2442 1774 2740 1847 professor
2766 1773 2996 1831 theolo-

376 1861 480 1935 jus
505 1859 569 1918 in
594 1860 928 1919 sanctitatis
959 1861 1114 1919 fama
1139 1860 1408 1919 defuncti
1438 1879 1659 1921 memo·
1719 1863 1850 1939 giae
1872 1862 1938 1921 in
1957 1862 2346 1921 universitate
2363 1861 2692 1920 lovaniensi
2708 1859 2767 1940 (†
2786 1873 2809 1924 l
2826 1872 2995 1938 469).

384 1949 537 2007 riam
567 1949 865 2007 academia
913 1949 1301 2009 cracoviensis
1334 1950 1659 2024 quotannis
1720 1985 1806 1995 —
1876 1952 2018 2011 Gos
2038 1951 2285 2009 winus
2365 1950 2613 2010 Hexiu
2635 1969 2662 2008 s
2743 1947 2995 2032 (Haeks)

385 2057 651 2096 sermone
662 2038 998 2097 celebravit.
1016 2039 1157 2114 Ejus
1169 2040 1576 2097 commentarii
1596 2041 1661 2097 in
1716 2041 2055 2100 Brabantus
2070 2039 2276 2098 doctor
2299 2039 2664 2114 parisiensis,
2683 2040 2995 2115 episcopus

388 2137 423 2188 4
445 2127 953 2186 ll.sententiarum
976 2129 1140 2203 prelo
1161 2128 1446 2187 dicuntur
1463 2128 1659 2203 publi·
1715 2129 2190 2204 hieropolitanus
2251 2131 2313 2186 et
2372 2128 2674 2187 auxiliaris
2719 2129 2995 2204 ultrajec-

385 2216 515 2288 cati,
534 2215 636 2274 sed
650 2217 1118 2291 ubietquoanno
1139 2235 1246 2275 nos
1268 2217 1430 2275 lutet.
1452 2242 1504 2250 -
1527 2222 1659 2275 Au·
1719 2219 1882 2277 tinus
1961 2214 2025 2301 (†
2093 2215 2308 2297 1475),
2376 2218 2545 2292 cujus
2612 2218 2787 2292 plura
2868 2218 2995 2276 lau·

384 2324 481 2380 gu
501 2306 664 2363 stin
682 2324 765 2364 us
795 2305 869 2363 de
900 2306 940 2363 c
958 2325 1072 2363 um
1093 2306 1157 2364 is
1190 2306 1658 2374 Mediolanensis,
1718 2307 1941 2365 dantur
1972 2325 2148 2382 opera
2178 2306 2485 2382 inedita1).
2522 2340 2610 2352 —
2648 2306 2686 2364 J
2704 2326 2737 2365 o
2756 2325 2994 2366 annes

383 2394 713 2470 theologiae
765 2395 1043 2470 magister
1096 2391 1156 2475 (†
1189 2414 1233 2452 c.
1275 2391 1470 2475 1451)
1505 2414 1658 2453 com·
1719 2396 1895 2454 Faci
1931 2392 2161 2477 (Phaci)
2185 2395 2408 2463 Gallus,
2427 2413 2469 2455 e.
2487 2395 2831 2470 Scripturas
2862 2415 2995 2471 pro-

385 2484 592 2557 posuit
607 2484 1042 2558 breviloquium
1059 2485 1119 2542 in
1139 2485 1197 2546 ll.
1225 2484 1661 2543 sententiarum
1718 2487 1919 2553 sessor,
1951 2486 2113 2560 prior
2131 2483 2423 2562 generalis
2449 2482 2505 2566 (1
2524 2481 2698 2565 431),
2731 2485 3001 2561 Eugenio

385 2575 446 2630 et
475 2572 810 2648 disputavit
840 2572 911 2630 de
943 2575 1324 2648 conceptione
1355 2574 1411 2631 b.
1438 2575 1660 2632 Mariae
1718 2573 1815 2633 IV.
1849 2593 2035 2643 carus,
2084 2575 2187 2649 qui
2220 2573 2532 2649 episcopus
2563 2574 2853 2650 regiensis
2886 2575 3000 2633 sub

385 2660 468 2732 V.,
503 2662 576 2720 de
606 2665 866 2738 quatuor
886 2662 1213 2722 virtutibus
1237 2663 1658 2733 cardinalibuS,
1717 2664 2173 2740 metropolitano
2189 2662 2438 2739 aquensi
2453 2664 2644 2723 factus
2669 2667 2780 2733 est,
2812 2664 2998 2739 scrip-

384 2751 456 2809 de
488 2756 716 2826 septem
752 2752 1008 2826 peccatis
1051 2754 1402 2811 mortalibus
1433 2757 1540 2812 etc.
1579 2787 1661 2797 —
1719 2754 1801 2812 sit
1831 2754 2011 2812 etiam
2045 2754 2108 2811 in
2144 2753 2378 2828 aliquot
2409 2772 2452 2811 s.
2476 2752 2817 2828 Scripturae
2838 2754 2997 2812 locos

384 2841 590 2915 Neque
624 2859 694 2898 ex
732 2842 1180 2900 carmelitarum
1203 2843 1422 2900 familia
1440 2843 1662 2917 aliquis
1718 2842 1780 2919 (†
1816 2852 1914 2904 22.
1951 2845 2082 2905 Dec.
2131 2838 2342 2921 1464).
2380 2875 2469 2886 —
2506 2842 2545 2900 J
2562 2860 2847 2901 oannes
2881 2842 2994 2901 So-

384 2930 621 3004 speciali
641 2930 815 2989 modo
833 2930 1183 2990 inclaruisse
1197 2932 1435 3009 legitur.
1452 2932 1662 2990 Plures
1717 2934 1889 2990 reth
1923 2931 2299 2991 cadomensis
2335 2931 2616 3007 magister
2643 2931 2866 2990 ordinis
2896 2950 2995 3007 ge-

384 3019 761 3093 interpretati
793 3024 934 3077 sunt
952 3022 1309 3096 magistrum
1333 3021 1659 3080 sententia·
1718 3021 1939 3080 neralis
1990 3017 2223 3101 (14513
2272 3018 2307 3086 †
2357 3030 2457 3083 25.
2508 3020 2632 3079 Jul.
2690 3016 2917 3100 1471);
2965 3041 2997 3077 a

383 3126 534 3165 rum:
567 3108 753 3166 David
787 3109 1025 3167 Bosco
1064 3105 1272 3190 (Boys)
1305 3109 1660 3178 cambrensi,
1719 3111 2041 3169 Trithemio
2074 3110 2145 3168 de
2178 3110 2281 3170 SE.
2315 3128 2361 3168 c.
2399 3118 2520 3172 847
2572 3109 2838 3185 impense
2868 3109 2997 3167 lau-

384 3196 657 3273 theologo
674 3198 974 3256 oxoniensi
988 3198 1163 3273 plura
1174 3200 1545 3268 tribuuntur,
1560 3198 1664 3257 sed
1716 3199 1911 3261 datus.
1977 3203 2047 3257 ut
2094 3198 2476 3268 ,carmelitici
2524 3198 2752 3257 ordinis
2801 3198 2996 3265 decus,

381 3285 606 3344 inedita
623 3283 707 3365 (fl.
731 3282 1083 3367 1451).‘L'-‘J
1096 3307 1356 3346 oannes
1385 3308 1418 3345 a
1437 3288 1662 3346 Mech-
1717 3287 1919 3364 gloria,
1956 3289 2236 3363 splendor
2267 3291 2328 3345 et
2357 3288 2725 3355 reformator,
2760 3288 2999 3362 qualem

382 3374 599 3445 linia,
634 3396 666 3432 a
698 3376 923 3434 familia
971 3377 1412 3434 Hulsthout
1443 3395 1660 3452 cogno·
1718 3381 1920 3435 nostra
1980 3395 2113 3435 raro
2177 3376 2460 3434 viderunt
2524 3376 2739 3443 secula,
2804 3377 2997 3434 rarius

385 3465 664 3534 minatus,
711 3465 930 3534 doctor,
977 3466 1258 3542 magister
1303 3469 1363 3523 et
1391 3467 1658 3523 vicecan-
1717 3470 1962 3525 cernent
2009 3470 2278 3524 ventura.
2332 3465 2515 3523 Totus
2574 3465 2690 3523 Deo
2740 3464 2994 3531 deditus,

383 3553 658 3612 cellarius
691 3554 1065 3623 coloniensis,
1099 3553 1313 3613 multis
1334 3556 1505 3612 annis
1527 3554 1659 3629 phi·
1715 3559 1880 3613 totus
1912 3554 2156 3613 lectioni
2189 3556 2249 3611 et
2269 3552 2520 3612 orationi
2542 3554 2833 3621 intentae,
2856 3571 2996 3611 con-

383 3642 712 3718 losophiam
727 3640 1658 3724 ettheologiamdocuit(†1489).
1714 3647 1977 3718 temptor
2038 3642 2280 3711 mundi;
2342 3646 2590 3709 amator,
2653 3658 2863 3699 norma
2937 3648 2998 3700 et

381 3730 527 3805 Ejus
559 3736 794 3806 praeter
834 3733 1255 3791 commentaria
1288 3729 1564 3813 (inedita)
1597 3733 1660 3791 in
1715 3732 2026 3809 speculum
2087 3732 2447 3790 monasticae
2517 3731 2994 3789 conversationis.

384 3821 737 3896 magistrum
801 3825 943 3879 sunt
989 3822 1270 3897 Copulata
1333 3822 1661 3881 secundum
1716 3822 2013 3898 angelicae
2044 3820 2328 3896 puritatis
2361 3820 2668 3877 imitator‘
2701 3822 2809 3877 etc.

383 3907 710 3967 doctrinam
741 3909 971 3968 Alberti
993 3912 1065 3968 M.
1088 3912 1149 3970 in
1171 3912 1230 3968 ll.
1260 3921 1293 3974 3
1316 3911 1658 3969 Aristotelis

382 3996 455 4055 de
487 3997 701 4068 anima,
738 4000 1006 4058 Coloniae
1036 4010 1190 4063 1491
1221 4022 1234 4070 ;
1267 4002 1656 4059 Aristote-
1828 4008 1972 4063 438.
2051 3998 2488 4058 Praetermissis
2565 3998 2997 4072 Gasparino

382 4087 488 4145 lis
513 4106 834 4162 parvorum
865 4091 1226 4148 naturalium
1257 4094 1455 4148 textus
1475 4090 1658 4148 latine
1716 4090 1952 4148 Borro
1987 4089 2050 4146 Ο.
2086 4087 2245 4147 Serv.
2278 4088 2332 4146 b.
2367 4087 2440 4144 M.
2464 4087 2547 4157 V.,
2582 4088 2687 4162 qui
2718 4087 2825 4146 diu
2843 4088 2995 4162 pub·

382 4193 513 4233 cum
560 4178 984 4237 commentario
1032 4197 1098 4236 ex
1131 4179 1367 4237 Alberti
1401 4179 1473 4236 M.
1520 4179 1656 4237 doc·
1717 4179 1826 4238 lice
1856 4226 1857 4229 η
1888 4178 2216 4237 sententias
2278 4176 2552 4254 magistri
2604 4178 2877 4252 exposuit
2937 4180 2997 4235 et

381 4266 544 4323 trina
572 4265 834 4335 collecto,
883 4267 960 4324 ib.
1003 4277 1165 4331 1498
1214 4268 1273 4324 in
1308 4269 1382 4337 f.;
1446 4268 1657 4344 Specu·
1719 4278 1756 4330 4
1792 4268 1849 4326 ll.
1898 4267 1963 4326 in
2007 4285 2105 4326 eas
2150 4268 2224 4326 ad
2255 4272 2512 4326 mentem
2547 4267 2699 4325 Scoti
2752 4266 2997 4340 scripsit

381 4353 500 4411 lum
529 4352 828 4413 historiale
876 4356 940 4413 0.
973 4357 1020 4414 b.
1055 4357 1136 4414 M.
1187 4358 1256 4414 de
1287 4358 1476 4415 Monte
1508 4358 1656 4416 Car·
1719 4353 1799 4439 (fl.
1860 4352 2052 4437 1475)
2120 4389 2205 4400 --
2252 4356 2660 4414 Ambrosio
2725 4355 2997 4429 Spiera

383 4445 520 4502 melo
535 4439 582 4523 ¹)
636 4445 697 4502 in
748 4447 985 4519 speculo
1037 4446 1257 4504 ordinis
1290 4446 1656 4513 carmelitici,

1717 4545 1898 4597 thou
1922 4548 1947 4596 t
1972 4547 2029 4596 et
2052 4546 2136 4598 Jo.
2165 4545 2232 4596 de
2260 4543 2436 4598 Moli
2456 4544 2585 4609 nis,
2614 4544 2704 4596 cui
2733 4543 2995 4597 tribuunt

1716 4616 2014 4684 speculum
2043 4614 2357 4677 historiale,
2400 4620 2467 4667 ut
2492 4618 2694 4669 auctor
2720 4613 2855 4668 bibl.
2884 4632 2998 4667 car-

462 4692 496 4751 ι)
524 4684 607 4740 Cf.
635 4685 823 4756 Biogr.
852 4689 970 4741 nat.
997 4687 1066 4740 de
1095 4687 1254 4756 Belg.
1281 4694 1332 4749 9,
1359 4692 1479 4744 691.
1504 4689 1658 4739 Uete-
1717 4686 2036 4750 melitanae,
2101 4704 2268 4754 quem
2334 4704 2508 4755 supra
2553 4705 2606 4755 p.
2650 4691 2756 4743 653
2820 4686 2998 4738 secuti

381 4772 508 4809 rum
535 4773 682 4825 quae
722 4760 983 4827 spectant
1022 4758 1175 4811 hunc
1216 4760 1504 4811 auctorem
1549 4774 1661 4810 non
1717 4775 1931 4811 sumus.

382 4826 519 4880 satis
546 4826 802 4896 liquent:
829 4846 942 4883 non
972 4828 1180 4883 desunt
1205 4828 1306 4897 qui
1325 4834 1434 4882 tres
1452 4845 1516 4882 ex
1530 4828 1658 4897 ipso
1800 4834 1832 4893 ¹)
1861 4828 1944 4882 cf.
1972 4828 2237 4898 Foppens
2267 4829 2400 4883 bibl.
2432 4828 2576 4897 belg.
2605 4827 2643 4889 Ι,
2673 4832 2807 4883 379ς
2844 4825 2994 4894 Allg.

380 4898 633 4953 faciunt:
660 4899 746 4955 J0.
775 4901 844 4954 de
873 4900 1306 4965 Mechlinia‚
1334 4900 1420 4959 Jo,
1453 4898 1657 4952 Huls-
1717 4900 1772 4952 d.
1800 4900 1886 4954 Bi.
1912 4900 1978 4964 X,
2006 4904 2128 4957 310.
