3475 5364
531 373 651 428 697
875 355 1108 410 Werner
1134 355 1319 420 Leod.,
1348 355 1543 410 Simon
1572 355 1783 419 Leont.‚
1814 355 2010 418 Faber,
2043 355 2210 408 Henr.
2239 353 2308 406 de
2338 352 2653 423 Knygthon
2681 356 2784 407 etc.
3019 371 3144 424 693

528 544 701 601 dien
720 543 845 612 sis,
880 543 1196 603 canonicus
1228 542 1569 611 bonnensis,
1604 544 1811 600 auctor
1863 541 2001 614 fletu
2033 540 2321 599 Ecclesiae
2330 560 2358 611 ,·
2404 538 2686 597 Diarium
2730 557 2929 596 rerum
2956 546 3145 615 qesta-

527 636 622 691 est
668 634 921 690 vitarum
969 649 1348 690 romanorum
1388 632 1724 706 pontificum
1777 650 1812 688 a
1863 649 1999 688 rum
2047 629 2121 688 ab
2164 649 2213 686 a.
2255 636 2618 696 1381—88,
2664 646 2736 685 ex
2778 645 2896 702 quo
2928 627 3147 702 passim

528 718 767 781 Nicolao
816 720 912 779 lv.
963 739 1152 796 usque
1197 722 1269 779 ad
1316 720 1662 796 Gregorium
1713 720 1808 778 XI.
1864 719 2146 778 Baluzius
2197 716 2485 792 quaedam
2537 716 2713 775 affert
2760 716 2824 774 in
2868 716 3025 775 notis
3074 715 3145 774 ad

528 807 590 891 (†
633 804 843 891 1378),
877 830 1024 886 quas
1055 809 1245 868 edidit
1259 809 1556 868 Eccardus
1573 810 1637 867 in
1654 826 1807 884 corp.
1863 809 2019 867 vitas
2069 826 2361 882 paparum
2410 806 2910 875 avenionensium‚
2974 806 3147 881 cujus

527 901 663 959 hist.
725 900 771 968 1,
830 909 1264 964 1461—1550
1311 902 1372 957 et
1421 898 1535 956 viri
1585 897 1812 956 eruditi
1867 899 2016 956 forte
2047 916 2201 956 nova
2230 896 2492 954 recensio
2511 898 2606 953 est
2623 895 2932 968 Exponitio
2949 913 3145 953 rerum

524 989 792 1068 tribuere
867 989 1140 1047 solebant
1198 987 1674 1046 Theoderico
1736 987 1808 1044 de
1864 986 1926 1044 in
1960 986 2151 1045 Gallia
2179 989 2309 1044 tum
2344 989 2666 1062 gestarum,
2702 1003 2879 1058 quam
2912 982 3148 1041 exhibet

526 1078 756 1136 Niem.
788 1078 1087 1153 Sequitur,
1120 1079 1403 1135 retractat
1420 1079 1482 1134 et
1500 1076 1812 1134 continuat
1864 1076 2125 1133 Bulaeus
2155 1075 2220 1132 in
2252 1074 2391 1132 hist.
2423 1072 2753 1132 academiae
2801 1072 3146 1148 parisiensis

527 1165 793 1226 Werneri
836 1169 992 1226 vitas
1023 1184 1400 1226 romanorum
1445 1165 1809 1241 pontificum.
1864 1163 1961 1234 IV,
2018 1173 2161 1227 523.
2212 1197 2299 1208 -—-
2351 1162 2736 1221 Henricus
2784 1163 2855 1219 de
2900 1161 3145 1238 Knyg-

528 1255 906 1315 Bernardi
935 1254 1318 1316 Gnidonis
1350 1250 1448 1338 (cf.
1481 1275 1536 1331 p.
1560 1250 1713 1334 575)
1749 1260 1810 1312 et
1864 1255 2051 1313 thon
2099 1250 2452 1336 (Knightom
2529 1246 2839 1331 Gnitthon)
2892 1251 3146 1327 Anglus,

524 1345 738 1404 merito
769 1346 1011 1421 conjicit
1055 1344 1636 1412 Glasschroeder,
1670 1363 1810 1402 eum
1862 1343 2182 1401 canonicus
2231 1340 2528 1419 regularis
2583 1339 2983 1399 leicestrensis
3034 1338 3147 1397 sub

524 1434 703 1493 etiam
736 1439 1088 1493 retractasse
1120 1434 1285 1493 illius
1305 1433 1638 1493 chronicam
1660 1451 1806 1509 pon·
1864 1451 1971 1490 sec.
2005 1432 2153 1490 XIV.
2188 1432 2415 1489 exitum
2442 1430 2849 1490 monumentis
2870 1428 2936 1486 in
2953 1429 3147 1486 lucem

524 1523 750 1583 tificum
784 1524 1068 1599 priorum,
1116 1524 1222 1599 qui
1271 1522 1439 1581 labor
1468 1523 1811 1581 continetur
1863 1521 2042 1580 editis
2074 1521 2356 1580 eximium
2404 1519 2566 1577 inter
2598 1519 2910 1578 historicos
2939 1518 3147 1594 anglos

524 1612 645 1672 cod.
679 1612 948 1672 vaticano
980 1612 1052 1670 N.
1088 1608 1276 1676 3765.
1864 1611 2055 1669 locum
2076 1610 2311 1669 meruit.
2344 1609 2488 1684 Ejus
2515 1608 2825 1667 chronicon
2855 1626 2958 1666 seu
2992 1625 3146 1665 com-

1865 1700 2072 1774 pilatio
2124 1699 2196 1757 de
2245 1697 2560 1757 eventibus
2609 1696 2862 1774 Angliae
2907 1696 2964 1755 ll.
3015 1707 3048 1759 5
3115 1714 3147 1752 a

619 1800 761 1854 354.
798 1790 1118 1848 Nationum
1166 1790 1260 1848 vel
1291 1808 1604 1869 reynorum
1634 1790 1807 1847 histo-
1862 1792 2128 1865 tempore
2159 1788 2317 1864 regis
2350 1786 2569 1864 Edgari
2601 1806 2794 1863 usque
2814 1786 2887 1845 ad
2910 1786 3146 1844 Richar-

523 1881 680 1938 riam
741 1880 1170 1938 ecclesiasticam
1220 1879 1664 1954 descripserunt
1710 1878 1808 1936 vel
1863 1878 2008 1936 dum
2039 1872 2489 1958 (958—1335)
2524 1876 2753 1935 editum
2785 1876 2906 1934 suit
2939 1895 2973 1934 a
3005 1874 3145 1950 Rog.

525 1969 734 2028 saltem
783 1970 1116 2045 attigerunt
1164 1969 1368 2044 plures
1411 1968 1523 2026 viri
1567 1965 1806 2026 eruditi.
1862 1967 2151 2042 Twysden
2193 1967 2353 2024 inter
2398 1967 2536 2024 hist.
2569 1967 2779 2043 anglic.
2827 1965 3145 2039 scriptores

523 2058 616 2115 Ita
648 2058 885 2116 Simon
906 2058 1305 2116 Leontinus
1339 2058 1403 2116 Ο.
1436 2057 1576 2114 Min.
1609 2056 1805 2124 Gonv„
1862 2055 2079 2126 decem,
2126 2055 2379 2114 Londini
2421 2064 2619 2125 16523
2665 2075 2698 2113 a
2738 2055 2862 2113 Jos.
2896 2054 3145 2111 Rawson

524 2146 818 2205 Friderico
837 2146 943 2205 111.
974 2147 1100 2224 regi
1122 2144 1809 2205 Siciliaeaconfessioni-
1862 2145 2095 2221 Lumby
2140 2144 2393 2203 Londini
2434 2153 2598 2208 1889
2647 2144 2709 2202 in
2746 2154 2800 2208 8.
2845 2143 3005 2201 inter
3033 2160 3145 2199 rer.

524 2236 640 2294 bus
670 2239 732 2294 et
761 2236 1146 2296 concionibus
1167 2241 1229 2294 et
1246 2237 1435 2311 major
1465 2234 1808 2311 capellanus
1862 2234 2001 2292 brit.
2032 2232 2211 2292 medii
2241 2234 2372 2292 aevi
2390 2234 2484 2294 SS.
2502 2253 2560 2290 n.
2579 2242 2698 2302 92„
2729 2233 2793 2290 in
2822 2250 2941 2306 quo
2958 2230 3146 2289 multa

526 2325 901 2385 concinnavit
946 2326 1252 2384 chronicon
1299 2322 1463 2402 reyni
1510 2324 1747 2382 Siciliae
1759 2319 1806 2403 ¹)
1861 2322 1983 2381 fere
2032 2322 2106 2381 ad
2156 2322 2405 2381 verbum
2469 2322 2674 2381 hausit
2732 2339 2802 2379 ex
2846 2318 3144 2395 Ranulphi

525 2431 717 2490 usque
747 2413 822 2472 ad
853 2434 902 2473 a.
943 2423 1128 2482 1377,
1175 2414 1335 2490 quod
1378 2414 1538 2489 typis
1570 2413 1808 2471 tradere
1862 2412 2199 2488 Higdeni
2249 2408 2344 2494 (cf.
2396 2432 2453 2488 p.
2502 2407 2654 2491 643)
2709 2407 3144 2484 Polychronico.
3240 2459 3245 2464 ,

524 2503 799 2578 promisit
842 2503 1093 2562 Michael
1136 2502 1209 2561 de
1240 2502 1454 2561 Judice
1494 2501 1676 2561 abbas
1708 2519 1802 2560 ca·
1869 2534 1939 2545 -
2009 2501 2346 2560 Joannes
2424 2500 2496 2560 de
2575 2498 2877 2560 Fordun
2932 2497 3145 2556 Scotus

524 2593 800 2662 sinensis,
831 2591 1191 2668 demumque
1230 2593 1305 2651 ab
1336 2609 1631 2667 anonymo
1664 2608 1802 2650 con·
1863 2587 1924 2671 (†
1973 2609 2020 2648 c.
2082 2585 2269 2670 1386)
2321 2593 2530 2649 auctor
2577 2593 2666 2648 est
2716 2587 3142 2661 Scoticloronici‚

522 2681 827 2741 tinuatum
873 2680 943 2740 ad
989 2701 1039 2740 a.
1098 2692 1260 2745 1434
1311 2681 1500 2740 edidit
1530 2679 1805 2741 Rosarius
1861 2680 1985 2740 sive
2016 2680 2298 2739 historiae
2323 2679 2651 2748 Scotorum,
2674 2679 2800 2737 sive
2819 2676 3145 2736 chronicon

523 2770 804 2849 Gregorio
865 2771 1310 2847 panormitanae
1371 2771 1647 2830 ecclesiae
1707 2788 1803 2827 ca-
1861 2788 2180 2847 regnorum
2215 2770 2443 2828 Scotiae
2473 2772 2537 2827 et
2565 2768 2815 2845 Angliae
2848 2785 3039 2841 usque
3070 2764 3147 2822 ad

523 2861 776 2919 nonicus
807 2863 869 2919 et
890 2859 1046 2935 juris
1080 2859 1301 2935 publici
1334 2879 1379 2917 r.
1411 2858 1708 2936 professor
1741 2858 1803 2916 in
1860 2878 1908 2917 a.
1966 2868 2150 2928 1153,
2203 2860 2323 2918 imo
2384 2857 2458 2916 ad
2503 2877 2552 2916 a.
2608 2869 2630 2920 1
2662 2866 2791 2929 585,
2855 2855 3015 2930 quod
3076 2873 3143 2912 ex

524 2948 884 3008 bibliotheca
914 2949 1286 3024 scriptorum,
1322 2948 1427 3024 qui
1458 2968 1554 3008 res
1574 2948 1636 3007 in
1657 2947 1804 3005 Sici·
1861 2948 2141 3024 pluribus
2187 2947 2528 3006 auctoribus
2567 2964 2784 3023 magna
2831 2943 3148 3022 diligentia

523 3037 606 3097 lia
651 3042 850 3115 gestas
900 3038 1015 3097 sub
1046 3040 1388 3115 Aragonum
1419 3037 1670 3113 imperio
1703 3036 1802 3095 de·
1860 3032 2282 3118 compilavit1).
2346 3037 2510 3113 Opus
2556 3034 2934 3094 continuavit
2975 3033 3051 3092 ab
3096 3052 3143 3090 a.

524 3127 908 3204 scripserunt,
941 3128 1213 3186 Panormi
1246 3136 1527 3190 1791·92
1550 3125 1625 3195 ΙΙ,
1647 3133 1803 3187 303·
1867 3135 2232 3189 1385-1441
2276 3125 2502 3184 Walter
2531 3125 2793 3183 Bower
2825 3118 3143 3205 (Bowyer).

530 3224 626 3279 23.
676 3250 761 3260 ——-
805 3216 845 3275 J
860 3234 1143 3275 oannes
1188 3214 1428 3274 Faber
1492 3212 1648 3273 OSB.
1699 3211 1806 3295 (Le
1861 3216 2124 3274 Forduni
2158 3214 2456 3289 qnondam
2478 3214 2858 3273 amanuensis
2889 3217 2951 3270 et
2981 3218 3145 3287 post-

523 3301 733 3388 Fevre)
765 3300 1135 3374 ParisIensis‚
1172 3306 1544 3364 decretorum
1578 3304 1803 3370 doctor,
1861 3303 2103 3363 modum
2136 3304 2315 3362 abboe
2349 3322 2393 3361 s.
2427 3300 2742 3362 Columbae
2774 3296 3144 3382 (Inchcolm).

522 3392 703 3453 abbas
754 3413 798 3453 s.
851 3391 1096 3453 Vedasti
1146 3391 1588 3462 attrebatensis,
1641 3395 1703 3451 et
1754 3412 1804 3455 a.
1864 3392 2092 3451 Prodiit
2122 3411 2271 3468 opus
2304 3393 2390 3450 ita
2421 3392 2837 3450 continuatum
2870 3408 3012 3448 cura
3042 3389 3143 3447 Th.

530 3492 693 3547 1379
728 3483 1037 3559 episcopus
1070 3483 1440 3542 carnotensis
1487 3478 1549 3564 (†
1591 3477 1805 3561 1390),
1862 3482 2093 3540 Hearne
2145 3481 2358 3540 Oxonii
2415 3489 2579 3543 1722
2628 3485 2671 3537 t.
2728 3491 2760 3541 5
2815 3479 2877 3536 in
2934 3489 3004 3547 83
3055 3476 3143 3535 ed.

522 3573 761 3648 scripsit
789 3572 1094 3651 dialogum
1145 3574 1214 3630 dc
1235 3573 1478 3648 planctu
1527 3572 1806 3629 bonorum
1865 3571 2033 3628 Walt.
2067 3570 2309 3629 Goodall
2330 3568 2684 3646 Edimburgi
2712 3578 2870 3630 1747
2892 3572 2933 3625 t.
2955 3576 2989 3628 2
3008 3567 3071 3624 in
3087 3565 3144 3635 s.;

523 3656 872 3744 (ineditum)
935 3663 1271 3738 oppositum
1323 3660 1360 3719 l.
1420 3659 1671 3719 Joannis
1734 3659 1806 3719 de
1869 3646 2044 3722 1759'
2068 3660 2156 3718 ed.
2191 3662 2467 3729 accurata
2497 3662 2559 3717 et
2575 3657 2821 3734 plenior,
2855 3676 3019 3725 rara;
3053 3655 3144 3713 in-

522 3751 804 3829 Lignano,
850 3751 959 3827 qui
1003 3751 1272 3809 ediderat
1322 3770 1369 3809 a.
1415 3759 1597 3814 1379.
1629 3752 1704 3808 tr.
1737 3750 1807 3807 dc
1861 3749 2149 3824 scriptum
2183 3749 2465 3807 Chronica
2494 3765 2583 3825 qe»
2608 3748 2681 3805 tis
2712 3746 3033 3813 Scotorum,
3066 3743 3144 3802 ib.

607 3856 610 3857 ’
1866 3847 2026 3901 1871
2068 3838 2131 3896 in
2150 3848 2206 3908 8,
2241 3837 2329 3897 ed.
2350 3836 2438 3895 W.
2472 3837 2532 3893 F.
2556 3836 2821 3903 Skena,
2855 3835 2959 3911 qui
2992 3834 3143 3892 illud

1862 3927 2062 3997 vertit,
2109 3928 2173 3984 in
2219 3926 2558 3986 Historians
2604 3925 2672 3984 of
2696 3924 2976 3983 Scotland
3009 3930 3050 3980 t.
3086 3931 3143 3991 4,

602 4000 636 4059 ¹)
669 3991 1033 4059 Eiussodalis
1061 3991 1803 4045 MichaelPlatiensis
1860 4017 1937 4075 ib·
2013 4026 2191 4079 1872·
2258 4048 2340 4060 „-
2405 4015 2651 4073 Janko
2706 4007 3018 4094 (Joanneg)
3073 4012 3144 4070 de

522 4065 612 4135 (de
643 4063 851 4127 Placia,
878 4064 947 4117 de
973 4064 1191 4133 Platea)
1238 4064 1602 4117 continuavit
1645 4067 1802 4117 histo·
2494 4107 2504 4118 .
2836 4104 2846 4117 .
2959 4106 2969 4115 .

521 4140 664 4189 „iam
686 4139 909 4190 simam„
926 4138 1322 4206 (1282-„133”
1351 4135 1408 4190 ῃ.
1435 4139 1469 4190 g
1497 4134 1545 4187 N
1564 4134 1585 4187 i
1602 4150 1631 4186 Ο
1648 4152 1679 4187 0
1699 4133 1718 4186 1
1735 4133 1803 4187 ai
1861 4106 1901 4164 C
1916 4125 1945 4163 z
1960 4125 1994 4162 a
2008 4125 2039 4163 r
2053 4125 2092 4163 n
2110 4106 2150 4163 k
2168 4123 2200 4163 o
2216 4125 2270 4164 w
2302 4106 2605 4163 chromcae
2624 4120 3000 4162 cracomsaeeses
3018 4102 3143 4160 bre-

522 4206 901 4276 Specialis
939 4210 1142 4289 ’(quam
1198 4206 1381 4260 edidit
1422 4205 1697 4287 Baluze
1743 4204 1804 4257 in
1859 4197 2037 4253 vimis
2084 4189 2551 4275 (965—1395),
2598 4193 2673 4251 ad
2719 4212 2893 4267 quam
2940 4192 3144 4267 plures

521 4295 652 4403 ²332·
681 4277 956 4402 (ffirpem
994 4278 1063 4331 de
1105 4278 1349 4331 Marssfl·
1389 4277 1578 4330 Marssa
1616 4277 1805 4351 hulpa·
1860 4288 2134 4343 auctores
2167 4303 2339 4343 suam
2375 4283 2706 4360 symbolam
2737 4282 3142 4350 contulerunt,

522 4392 682 4490 gorii>
708 4349 920 4490 εοιίίῗῗ
948 4350 1414 4491 {fflr‘ssssgfflsse
1428 4346 1649 4484 ⁰1¹3}aessss
1675 4352 1806 4476 53:⁴3³:
1860 4373 2183 4432 ⁸¹⁸b⁰r²³vf⁶
2212 4377 2451 4432 ‘mutum
2497 4375 2728 4448 partem
2784 4379 3143 4433 ¹3⁷⁰—⁸4·

521 4494 646 4564 503)
672 4492 986 4560 etquidem
1023 4493 1095 4544 ab
1122 4508 1348 4546 excessu
1375 4490 1646 4545 friderici
1673 4492 1806 4543 Am,
1862 4461 2004 4520 Eam
2025 4462 2230 4532 edidit,
2254 4462 2355 4521 sed
2386 4461 2681 4530 mendose,
2704 4459 3146 4548 Sommersberg

522 4562 679 4632 gonii
704 4567 885 4636 (1337)
913 4580 1093 4631 usque
1112 4564 1185 4617 ad
1205 4582 1255 4618 a.
1277 4568 1414 4619 1361
1438 4579 1591 4615 more
1608 4561 1805 4626 siculo,

522 4638 660 4691 1362
705 4651 859 4688 more
904 4648 1155 4697 romano,
1202 4651 1348 4703 qnae
1391 4634 1607 4704 prodiit
1648 4633 1806 4702 apud

522 4705 632 4759 Gre
674 4705 796 4760 orio
822 4722 915 4776 op.
941 4707 1034 4760 cit.
1064 4708 1103 4770 1,
1128 4710 1439 4763 517—7802
1481 4706 1550 4770 11,
1579 4709 1807 4761 1—106.
1940 4708 1976 4769 ¹)
2006 4705 2089 4758 Cf.
2115 4702 2450 4757 Bellesheim
2491 4700 2690 4755 Gesch.
2730 4701 2831 4754 der
2857 4700 2911 4754 k.
2941 4699 3145 4752 Kirche

523 4775 605 4831 Cf.
679 4793 811 4832 oazo
840 4796 919 4830 un
946 4792 1130 4831 errore
1171 4777 1229 4830 di
1269 4778 1404 4831 data
1430 4794 1460 4831 e
1486 4778 1543 4831 la.
1582 4776 1807 4831 cronica
1862 4777 1924 4829 in
1950 4775 2286 4830 Schottland
2321 4777 2356 4835 l.
2381 4778 2504 4830 447.
2549 4772 2901 4842 Scriptorum
2930 4788 2964 4823 a.
2992 4770 3031 4822 F
3049 4787 3144 4823 or-

522 4848 579 4901 di
607 4848 692 4902 fra
717 4848 884 4903 Mich.
930 4849 1002 4902 da
1029 4849 1243 4913 Piazza,
1284 4849 1347 4902 in
1373 4847 1644 4901 Archivio
1671 4850 1807 4900 ator.
1862 4847 1898 4900 d
1917 4865 1955 4901 u
1980 4864 2017 4898 n
2035 4863 2066 4900 o
2104 4846 2472 4901 laudatorum
2497 4844 2823 4898 indiculum
2851 4840 3144 4909 consigna-

521 4919 675 4973 Sicil.
703 4919 970 4973 Panormi
992 4924 1132 4977 1876
1157 4920 1365 4974 Nuova
1380 4919 1519 4973 serie
1538 4920 1573 4973 Ι.
1591 4922 1806 4976 259-75.
1863 4919 1946 4972 vit
1972 4918 2264 4972 Fabricius
2292 4917 2387 4982 111,
2415 4920 2538 4973 362.
2566 4916 2647 4970 Of.
2670 4914 2936 4968 Potthast
2950 4931 3005 4982 p.
3022 4916 3144 4969 660.
