3475 5364
332 365 354 414 1
375 364 398 414 1
417 361 450 415 2
468 364 487 416 1
563 348 700 401 1501
711 342 1275 414 -1520.1Theologia
1289 340 1569 411 polemica
1584 345 1784 396 contra
1798 341 1832 395 J
1837 342 2064 399 udaeos,
2082 341 2149 397 V.
2165 341 2235 396 de
2251 341 2488 408 carben,
2509 328 2704 397 Finus.
2780 362 2798 412 1
2822 362 2844 412 1
2863 358 2895 412 2
2908 360 2941 412 2

323 528 530 588 altaris
563 533 946 598 sacramento,
981 528 1217 587 Parisiis
1247 536 1406 591 1481
1432 549 1447 599 ;
1479 528 1604 604 gal-

321 620 432 678 lice
480 618 561 676 ib.
620 628 821 687 1505;
895 618 993 678 Tr.
1045 619 1125 676 du
1173 636 1220 678 8.
1269 624 1600 689 sacrement,

323 714 470 767 estat
500 715 551 765 et
582 709 730 877 7⁷1·th
778 709 847 765 do
889 708 1150 783 mariaqe
1181 710 1310 777 etc„
1359 706 1441 765 ib.
1475 725 1519 765 s.
1553 726 1604 765 a.

326 796 387 877 (ι
418 814 464 855 c.
506 806 670 859 1515
707 840 719 853 .

417 982 561 1038 533.
594 973 1019 1033 convertamus
1048 991 1157 1032 nos
1189 973 1263 1032 ad
1295 973 1604 1049 theologos

317 1062 624 1138 polemicos
668 1081 777 1121 seu
824 1062 962 1121 fidei
1024 1062 1341 1121 catholicae
1401 1062 1603 1138 apolo-

323 1155 490 1228 getas
505 1148 570 1232 ¹).
632 1151 936 1211 Adversus
975 1153 1232 1210 Judaeos
1272 1151 1606 1226 disputavit

323 1240 590 1300 Victor
650 1240 722 1299 de
772 1240 1060 1300 Carben
1112 1236 1400 1323 (Karben)
1464 1240 1606 1299 olim

323 1331 605 1401 sudamus,
667 1349 844 1405 quem
907 1349 957 1388 a.
1009 1331 1136 1405 jam
1179 1333 1452 1407 agentem
1505 1338 1603 1391 58.

323 1420 809 1479 Hermannus
901 1419 1374 1495 archiepiscopus
1450 1419 1605 1477 colo-

325 1508 551 1568 niensis
596 1508 670 1566 ad
715 1508 1071 1583 eiurandum
1103 1508 1414 1584 judaicum
1447 1525 1605 1565 erro-

325 1617 441 1657 rem
472 1597 724 1656 induxit.
758 1597 975 1657 Factus
990 1600 1079 1656 est
1096 1596 1314 1656 Christi
1335 1596 1605 1655 sacerdos

324 1688 693 1762 decessitque
726 1706 776 1746 a.
813 1696 892 1749 92
925 1690 1104 1745 natus
1146 1695 1199 1747 2.
1222 1685 1388 1745 Febr.
1419 1695 1604 1748 1515.

326 1778 445 1836 Sua
475 1775 878 1852 disputatione
907 1778 1111 1834 contra
1129 1774 1168 1833 J
1172 1775 1495 1833 udaeorum
1514 1793 1603 1833 er·

324 1884 483 1924 rores
514 1871 577 1923 et
608 1864 1061 1940 superstitiones
1107 1864 1332 1923 occasio
1365 1864 1482 1922 fuit
1512 1882 1606 1921 ar-

324 1954 711 2029 chiepiscopo,
774 1956 845 2013 ut
906 1971 1005 2012 eos
1067 1972 1098 2011 e
1148 1972 1256 2012 suo
1304 1952 1607 2011 territorio

323 2044 602 2119 pelleret;
666 2043 730 2100 in
792 2043 1211 2101 controversiis
1269 2062 1304 2101 a
1365 2041 1604 2099 Pfeffer-

324 2134 475 2191 kern
536 2135 741 2191 contra
784 2130 1054 2190 Judaeos'
1107 2130 1375 2190 excitatis
1436 2132 1606 2206 jussu

325 2220 711 2279 Maximiliani
742 2221 880 2297 imp.
913 2224 974 2278 et
1005 2221 1133 2296 ipse
1165 2223 1373 2296 utpote
1405 2220 1607 2278 admo—

325 2309 469 2368 dum
501 2313 774 2368 versatus
821 2310 885 2368 in
927 2308 1241 2368 literatura
1283 2309 1609 2368 talmudica

406 2553 444 2619 ¹)
470 2547 903 2602 Hadrianus
949 2547 1472 2611 castellensis,
1514 2563 1608 2617 pa-

327 2620 440 2674 tria
485 2619 855 2685 cornemium,
885 2618 1202 2673 Innocentii
1233 2619 1383 2674 VIII.
1409 2618 1484 2672 ad
1510 2618 1609 2672 Hi-

325 2692 573 2758 berniae,
599 2692 823 2746 Scotiae
840 2695 899 2747 et
913 2691 1158 2762 Angliae
1173 2708 1333 2762 reges
1348 2690 1607 2756 nuntius,

329 2763 557 2818 Henrici
584 2763 702 2819 VII.
723 2764 969 2834 gratiam
981 2763 1135 2829 iniit,
1151 2763 1389 2833 ejusque
1403 2763 1609 2817 benefi-

327 2835 413 2890 cio
465 2835 868 2890 erfordiensem
919 2835 1125 2899 sedem,
1168 2838 1227 2890 et
1264 2834 1368 2888 hac
1407 2835 1608 2888 relicta

329 2907 746 2961 bartoniensem
774 2909 832 2961 et
853 2907 1174 2961 wellensem
1196 2910 1281 2960 est
1299 2908 1610 2961 assecutus.

328 2978 650 3032 Alexandro
682 2979 724 3030 V
735 2979 772 3033 1.
816 2977 931 3032 fuit
970 2995 1004 3030 a
1045 2978 1291 3042 secretis,
1332 2979 1392 3030 et
1429 2979 1501 3030 ab
1542 2994 1607 3031 eo

327 3066 587 3120 purpura
611 3050 857 3104 donatus
885 3053 1026 3107 1503
1049 3070 1061 3109 ς
1087 3049 1185 3102 sed
1213 3050 1321 3104 sub
1347 3048 1531 3103 Leone
1558 3048 1606 3101 X

328 3123 401 3175 ob
428 3120 810 3189 suspicionem
837 3120 1014 3174 initae
1043 3120 1454 3190 conjurationis
1480 3136 1608 3174 con-

329 3194 418 3245 tra
444 3192 771 3261 pontificem
814 3191 887 3244 ad
932 3190 1207 3246 'udicium
1250 3193 1487 3245 vocatus
1512 3209 1608 3244 au·

329 3263 498 3333 fugit,
526 3266 594 3316 ut
620 3262 813 3317 ferunt
837 3262 898 3316 in
967 3263 1219 3317 hraciam
1246 3279 1443 3331 usque,
1470 3262 1608 3316 hinc

327 3333 1609 3469 sszzp0¹¹33153¹t22130322¹2²s12‚3333&ssss3¹ss3.

329 3480 500 3537 1518ς
562 3478 876 3531 secundum
938 3476 1081 3531 alios
1142 3482 1227 3533 16.
1277 3478 1402 3530 Jan.
1451 3480 1609 3533 1526.

329 3548 464 3602 Com
509 3547 680 3601 ilavit
716 3547 777 3602 ll.
803 3553 839 3604 4
877 3552 940 3602 de
978 3567 1104 3602 vera
1119 3553 1462 3618 philosophia
1509 3564 1608 3601 seu

327 3622 398 3673 tr.
490 3637 518 3674 e
568 3619 845 3690 religione
896 3635 961 3672 ex
1023 3623 1272 3687 quatuor
1323 3617 1607 3673 Ecclesiae

328 3691 657 3745 doctoribus
684 3691 827 3744 mira
853 3690 1178 3745 eruditione
1204 3692 1481 3745 refertum
1510 3689 1607 3743 Co·

327 3762 517 3816 Ioniae
546 3766 715 3821 15482
768 3762 980 3816 Romae
1008 3767 1165 3819 1775.
1217 3763 1325 3817 Sed
1353 3761 1607 3832 praepri-

327 3833 432 3889 mis
459 3833 781 3888 celebratur
826 3837 895 3887 ut
935 3833 1286 3887 instaurator
1310 3835 1607 3888 literarum

326 3904 753 3959 humaniorum.
804 3904 887 3960 cf.
914 3905 1085 3976 Egg3‚
1114 3905 1286 3975 Purp.
1315 3905 1483 3959 docta
1510 3906 1547 3960 1.
1574 3909 1608 3961 3

328 3985 354 4042 ἓ
381 3980 478 4036 78;
531 3977 714 4031 Feller
739 3976 929 4047 Biogr.
958 3976 1116 4030 univ.
1143 3978 1185 4030 Ι.
1211 3981 1281 4033 45
1318 3977 1405 4031 ed.
1434 3975 1608 4029 Paris.

326 4052 484 4104 1867.
514 4083 576 4089 —
609 4047 1125 4102 Praetermittimus
1143 4048 1185 4101 L
1201 4065 1238 4101 u
1257 4048 1293 4101 d
1311 4065 1344 4103 o
1362 4065 1396 4101 v
1413 4048 1434 4100 i
1450 4064 1478 4101 c
1496 4065 1532 4100 u
1550 4066 1607 4100 m

328 4118 397 4172 de
425 4119 470 4171 Τ
487 4136 518 4173 0
535 4137 573 4172 ιι
589 4137 622 4172 a
640 4138 668 4172 r
707 4118 815 4174 ΟΡ.
844 4120 1185 4189 Hispanum,
1223 4119 1607 4184 Palentinnm,

329 4207 398 4246 ss.
443 4190 736 4244 literarum
779 4191 1148 4261 interpretem
1189 4194 1246 4244 et
1285 4189 1607 4260 theologiae

327 4260 489 4315 Senis
512 4263 795 4327 lectorem,
824 4263 988 4332 cujus
1013 4266 1099 4317 est
1122 4264 1159 4318 l.
1186 4266 1388 4317 Divina
1412 4266 1609 4316 ree-›ela-

1659 527 1781 585 fuit
1813 527 2137 587 consultus.
2190 527 2335 603 Ejus
2366 530 2568 586 tamen
2598 532 2808 587 votum
2838 529 2947 587 hac

1660 616 1734 675 de
1765 635 1829 675 re
1860 635 1977 676 non
2012 617 2269 694 amplius
2302 617 2574 676 habetur.
2637 618 2945 679 Rationem

1661 723 1802 763 suae
1835 706 2232 765 conversionis
2265 712 2327 765 et
2358 706 2781 782 disputationis
2812 726 2946 783 ger-

1660 794 1889 853 manice
1934 794 2208 864 reddidit,
2243 813 2287 856 s.
2322 795 2359 852 l.
2392 800 2454 854 et
2484 816 2553 865 a.‚
2606 795 2766 871 quod
2799 796 2943 854 scri-

1658 887 1831 959 ptum
1848 888 2093 943 auctum
2125 886 2185 942 et
2219 880 2461 964 (abipso
2480 886 2576 944 vel
2591 886 2664 943 ab
2681 885 2945 944 Ortwino

1661 973 1757 1031 Gr
1777 968 1960 1054 atio)
2009 973 2191 1032 latine
2236 973 2542 1032 redditum
2584 974 2810 1050 prodiit
2853 974 2945 1032 in-

1662 1061 1955 1137 scriptum
2005 1060 2168 1136 Opus
2197 1081 2440 1121 aureum
2471 1082 2539 1122 ac
2567 1082 2790 1122 novum
2821 1066 2884 1121 et
2912 1082 2947 1120 a

1662 1150 1853 1210 doctis
1875 1151 2018 1210 viris
2037 1151 2143 1210 diu
2163 1155 2570 1228 exspectatum
2590 1197 2603 1209 .
2639 1195 2652 1209 .
2689 1194 2701 1207 .
2734 1151 2797 1210 in
2828 1170 2946 1228 quo

1660 1258 1864 1299 omnes
1896 1240 2260 1299 Judaeorum
2289 1259 2518 1300 errores
2562 1241 2944 1300 manifestan-

1660 1331 1781 1399 tur,
1814 1330 1919 1404 qui
1970 1330 2254 1388 hactenus
2304 1330 2475 1389 nobis
2524 1330 2717 1407 ignoti
2763 1329 2944 1388 fuere.

1664 1418 2050 1477 Declarantur
2098 1419 2283 1477 etiam
2331 1419 2394 1477 in
2439 1420 2548 1479 hoc
2599 1438 2692 1494 op.
2743 1437 2947 1477 omnes

1660 1506 2023 1567 Judaeorum
2039 1525 2249 1577 mores,
2283 1527 2431 1583 quos
2463 1508 2618 1566 circa
2646 1526 2947 1583 quaecun-

1663 1614 1779 1669 que
1812 1614 1988 1674 opera
2017 1615 2284 1656 exercere
2316 1600 2684 1656 consuerunt
2715 1615 2780 1655 ac
2812 1599 2944 1655 tan-

1663 1685 1814 1755 dem,
1850 1685 2009 1761 quod
2029 1685 2372 1745 inauditum
2390 1690 2496 1757 est,
2531 1706 2598 1745 ex
2617 1686 2689 1748 V.
2706 1689 2944 1745 tantum

1660 1765 2036 1835 Testame'nto
2128 1775 2579 1845 convincuntur,
2672 1773 2945 1834 Coloniae

1671 1873 1843 1926 1509
1895 1864 1961 1922 in
2015 1874 2086 1933 4;
2149 1864 2388 1923 Parisiis
2452 1876 2604 1929 1511
2662 1861 2807 1945 (non
2853 1864 2945 1922 in-

1662 1948 1958 2033 tegrum);
2036 1954 2417 2031 Argentorati
2486 1963 2652 2017 1519
2713 1972 2942 2029 germa-

1662 2040 1792 2099 nice
1824 2060 2079 2113 versum‚
2113 2046 2175 2101 et
2206 2042 2382 2101 etiam
2413 2062 2448 2101 a
2492 2043 2808 2101 Kromer
2850 2042 2944 2099 in·

1663 2130 1954 2204 scriptum
1985 2132 2456 2208 Judenbachlein,
2510 2130 2719 2191 Ounitz
2759 2142 2784 2193 1
2800 2139 2944 2193 550.

1668 2220 1683 2275 Ι
1692 2238 1732 2276 ιι
1784 2220 1821 2276 1.
1881 2232 1932 2282 1.
1990 2223 2274 2279 narratur
2334 2220 2586 2280 Victoris
2647 2219 2946 2278 conversio

1663 2312 1724 2366 et
1755 2306 2111 2368 refelluntur
2140 2310 2450 2386 opiniones
2480 2309 2765 2385 quaedam
2786 2327 2946 2367 erro·

1662 2415 1808 2456 neae
1822 2397 2204 2457 Judaeorum.
2237 2400 2309 2457 In
2343 2408 2399 2461 2.
2431 2399 2496 2457 in
2515 2398 2704 2457 forma
2723 2396 2944 2473 dialogi

1663 2485 1980 2561 exponitur
2024 2487 2294 2547 doctrina
2326 2487 2569 2557 Christi;
2616 2489 2682 2545 in
2717 2496 2772 2548 3.
2805 2504 2944 2545 con·

1664 2575 1894 2634 tinetur
1937 2576 2270 2635 encomium
2316 2578 2533 2636 Mariae
2565 2576 2634 2635 V.
2682 2578 2745 2634 et
2791 2576 2855 2633 in
2889 2585 2944 2635 4.

1663 2665 2020 2741 proponitur
2081 2666 2430 2743 mysterium
2494 2685 2568 2725 SS.
2618 2663 2945 2724 Trinitatis.

1667 2751 2178 2831 Propuqnaculum
2205 2757 2342 2829 fidei
2372 2757 2725 2814 christianae
2755 2754 2947 2812 instar

1663 2843 1885 2918 dialogi
1918 2844 2319 2903 Christianum
2339 2849 2400 2903 et
2419 2844 2717 2904 Judaeum
2738 2844 2945 2919 dispu-

1663 2936 1886 2991 tatores
1931 2933 2238 3004 inducenS,
2282 2935 2348 2992 in
2392 2953 2511 3010 quo
2561 2933 2719 3010 quod
2769 2932 2945 2991 Jesus

1663 3041 1990 3081 nazarenus
2036 3040 2213 3081 verus
2245 3023 2486 3082 Messias
2519 3023 2616 3091 sit,
2670 3021 2947 3097 quodque

1663 3113 1793 3186 ejus
1838 3111 2326 3187 superbenedicta
2369 3116 2559 3171 mater
2589 3111 2774 3171 Maria
2821 3129 2947 3169 om-

1664 3200 1830 3258 nium
1862 3200 2128 3260 fidelium
2159 3202 2498 3260 auxiliatrix
2538 3202 2706 3277 virgo
2736 3200 2947 3258 imma-

1664 3290 1863 3347 culata
1892 3293 1953 3348 et
1983 3293 2273 3366 perpetua
2315 3291 2603 3349 manserit
2649 3308 2692 3348 s.
2738 3290 2778 3349 1.
2813 3285 2944 3370 (Co-

1663 3378 1858 3446 loniae
1896 3374 2093 3460 1514)
2142 3379 2384 3438 videtur
2418 3380 2598 3454 juxta
2645 3377 2945 3436 Kauleu

1663 3487 1697 3525 a
1727 3467 1912 3542 priori
1933 3486 2108 3543 opere
2127 3487 2247 3526 non
2267 3468 2578 3545 distingui.
2600 3501 2685 3511 --
2707 3467 2753 3524 F
2766 3466 2788 3523 i
2803 3486 2844 3524 ιι
2860 3485 2902 3524 ιι
2919 3485 2946 3524 s

1666 3556 1840 3613 Fini
1885 3557 2192 3615 Adriensis
2241 3558 2668 3632 scripturarum
2716 3555 2944 3613 ducalis

1662 3645 1787 3703 fisci
1831 3646 2081 3704 estensis
2141 3647 2441 3723 magister,
2494 3644 2944 3722 septuagenario

1665 3735 1849 3808 major
1898 3756 1945 3791 a.
2005 3745 2165 3798 1503
2221 3737 2415 3811 coepit
2462 3754 2528 3794 ex
2575 3736 2635 3798 P.
2682 3735 2942 3802 Bruto,

1662 3822 1786 3881 Jac.
1834 3823 1905 3881 de
1955 3824 2319 3883 Valentia
2378 3825 2632 3899 aliisque
2697 3823 2945 3881 condere

1662 3911 1725 3970 in
1771 3911 2032 3971 Judaeos
2072 3914 2362 3991 flayellum
2423 3933 2495 3972 ex
2546 3932 2588 3972 s.
2642 3913 2947 3987 Scriptura

1662 4005 2003 4076 excerptum
2015 3999 2088 4082 2),
2141 4004 2313 4077 cujus
2344 4003 2606 4062 nondum
2642 4001 2946 4060 absolutos

1668 4100 1703 4152 9
1750 4090 1812 4148 ll.
1858 4091 2105 4165 reliquit
2152 4090 2210 4173 (†
2263 4102 2427 4154 1517
2490 4112 2540 4154 a.
2587 4091 2800 4150 aetatis
2835 4086 2941 4168 86)

1663 4178 1856 4238 editos
1896 4201 1929 4238 a
1973 4181 2096 4238 filio
2142 4181 2460 4239 Daniele
2507 4181 2944 4256 scripturarum

1662 4268 2021 4344 reipublicae
2067 4270 2436 4338 ferrariensis
2484 4271 2782 4347 magistr0‚
2831 4268 2944 4326 Ve-

327 4337 398 4386 t-io
423 4338 694 4402 erythreae
721 4337 947 4402 Sibyllae
990 4352 1119 4389 cum
1166 4332 1607 4398 commentariis,
1662 4358 1841 4416 neffls
1882 4368 2046 4422 1538
2083 4361 2124 4416 t·
2168 4367 2201 4419 2
2240 4360 2301 4417 in
2343 4369 2417 4429 4„
2453 4359 2539 4417 ed·
2573 4378 2705 4417 rara
2744 4367 2942 4420 1569:

327 4404 387 4456 in
416 4421 532 4473 qua
556 4422 589 4458 a
618 4403 766 4459 bello
794 4406 1019 4473 trojano
1048 4421 1229 4473 usque
1255 4406 1328 4458 ad
1350 4404 1502 4459 diem
1517 4406 1610 4473 ju·

327 4475 461 4528 dicii
483 4475 770 4545 praedixit
794 4477 1008 4540 futura,
1033 4477 1193 4531 Senis
1220 4481 1360 4534 1508
1384 4476 1516 4532 1114.
1539 4509 1605 4517 -
1663 4447 1960 4506 Ferrariae
2001 4458 2183 4511 1573·
2216 4482 2301 4490 -
2347 4449 2567 4524 Aliqua
2598 4450 2803 4507 contra
2833 4446 2872 4503 J
2877 4465 2945 4503 u-

325 4547 645 4601 Joannis
685 4548 1005 4601 Stamler
1044 4547 1362 4618 presbyteri
1388 4550 1475 4601 est
1498 4550 1608 4618 (ra-

327 4617 603 4690 rissimus)
631 4618 891 4688 dialogus
916 4619 977 4672 in
1005 4620 1238 4673 modum
1266 4619 1466 4674 comici
1483 4619 1606 4672 dra·

327 4690 495 4744 matis
524 4692 835 4745 formatus:
886 4694 948 4744 do.
980 4694 1353 4760 Tartarorum,
1381 4694 1605 4746 Sarace-

327 4782 539 4826 norum,
571 4766 891 4831 Turcarum,
913 4764 1244 4816 Judaeomm
1265 4772 1312 4816 et
1327 4765 1604 4831 gentilium
1665 4787 1666 4790 ¹

325 4838 473 4888 sectis
497 4836 556 4887 et
581 4833 858 4903 religione
897 4849 963 4887 ac
1002 4850 1198 4888 eorum
1239 4834 1603 4898 refutatione,

328 4907 624 4975 Augustae
650 4909 791 4962 1508
817 4907 913 4973 (m.
938 4909 1081 4977 240).

539 5005 728 5062 Hurter,
757 5005 1085 5052 Nomenclator
1109 5005 1152 5051 11
1178 5006 1252 5052 ed.
1285 5006 1331 5054 3.

1662 4534 1835 4595 daeos
1881 4537 2266 4596 continentur
2310 4538 2349 4596 J
2366 4557 2399 4595 o
2417 4558 2450 4596 a
2465 4559 2506 4596 n
2520 4558 2558 4596 n
2575 4538 2596 4596 i
2613 4557 2640 4595 s
2687 4539 2733 4594 B
2751 4556 2784 4593 a
2798 4555 2837 4611 p
2853 4539 2880 4592 t
2895 4535 2943 4592 i-

1742 4769 1777 4838 ¹)
1806 4763 1888 4819 Cf.
1915 4763 2031 4819 KL.
2058 4764 2127 4838 11,
2153 4769 2294 4822 1936
2323 4783 2391 4818 ss.

1737 4843 1775 4903 ²)
1806 4835 1888 4892 Cf.
1917 4836 2211 4891 Fabricius
2238 4837 2278 4902 1,
2308 4842 2442 4898 57&
2496 4835 2660 4891 Wolf
2681 4834 2941 4890 biblioth.

1659 4908 1817 4964 hebr.
1844 4909 1913 4976 11,
1943 4912 2082 4965 1128
2110 4926 2151 4963 s,

2554 5001 2623 5053 36
