3475 5364
345 329 391 394 ‘7
410 345 488 397 55
880 324 1187 395 Gregorius
1213 325 1349 390 X11.,
1377 326 1626 379 Joannes
1653 324 1854 378 XXIII.
1881 329 1939 379 et
1963 323 2302 379 Benedictus
2329 325 2474 379 Xlll.
2857 343 2977 395 766

355 514 479 573 tius
513 515 783 583 venetus,
833 513 923 570 vir
965 512 1121 570 vitae
1155 511 1552 571 sanctimonia
1581 514 1643 570 et
1789 521 1932 575 385.
1965 512 2131 571 Inter
2176 509 2693 591 canonistasl)
2742 512 2848 570 hac
2879 532 2980 588 pe·

358 602 604 678 antiqua
634 601 948 659 severitate
979 601 1346 676 conspicuae,
1381 601 1484 675 qui
1507 619 1638 677 spe·
1695 601 1861 661 riodo
1892 602 2113 660 eminet
2143 600 2400 660 nominis
2432 600 2585 660 fama
2633 601 2981 660 Francis-

357 694 603 752 rabatur
633 691 789 749 serio
811 689 1105 749 sollicitus
1136 689 1208 748 de
1241 691 1641 765 componendo
1696 709 1827 750 cus
1861 690 1933 748 de
1966 689 2400 749 Zabarellis
2445 690 2540 748 vel
2573 690 2646 748 de
2678 689 2981 749 Zabarella

357 782 667 842 schismate
717 780 901 838 etiam
934 797 1068 837 cum
1101 780 1483 854 pontificatus
1516 798 1640 839 ces·
1700 776 2016 861 (Sabatini,
2083 776 2416 861 Sabarelli)‚
2482 779 2676 853 patria
2748 779 2982 837 Patavi-

357 872 535 933 sione.
598 870 744 928 Cum
793 887 932 929 vero
978 868 1498 943 pseudo-pontifex
1530 870 1641 927 Be-
1697 888 1813 928 nus
1846 889 1877 926 e
1910 869 2135 927 familia
2183 875 2384 927 tamen
2418 868 2771 926 bononiensi
2804 872 2983 926 natus

360 960 632 1020 nedictus
666 958 821 1016 XIII.
856 957 1052 1015 omnia
1082 957 1242 1033 pacis
1274 958 1522 1018 consilia
1551 977 1642 1017 re·
1705 970 1802 1022 10.
1835 961 1985 1035 Aug.
2029 952 2246 1039 1360).
2289 957 2516 1017 Studiis
2548 976 2787 1033 operam
2817 957 2983 1015 dedit

359 1050 601 1118 futaret‚
634 1065 829 1122 neque
851 1047 980 1122 ipse
997 1046 1315 1124 Gregorius
1338 1046 1645 1106 videretur
1697 1048 1998 1106 Bononiae
2019 1047 2132 1105 sub
2146 1046 2435 1123 magistro
2450 1046 2515 1104 in
2530 1046 2739 1121 primis
2752 1046 2793 1104 J
2796 1064 2984 1104 oanne

362 1139 517 1198 serio
535 1141 596 1196 et
615 1140 840 1196 sincere
857 1154 1045 1212 agere,
1064 1135 1395 1195 cardinales
1417 1137 1642 1195 utrius·
1699 1137 1771 1195 de
1804 1137 2084 1214 LignanO.
2150 1135 2365 1195 Docuit
2395 1135 2745 1204 Florentiae,
2780 1139 2985 1211 postea

360 1246 475 1303 que
506 1225 876 1288 obedientiae
909 1224 1060 1282 inito
1101 1224 1259 1283 inter
1301 1244 1364 1283 se
1395 1226 1643 1285 consilio
1699 1226 1929 1285 Patavii
1989 1244 2125 1284 cum
2188 1225 2409 1299 plausu
2463 1225 2566 1300 jus
2619 1224 2980 1294 canonicum,

360 1313 673 1377 concilium
692 1314 967 1391 generale
988 1314 1184 1372 Pisam
1203 1314 1642 1373 convocandum
1698 1315 2011 1390 discipulis
2045 1309 2170 1372 suis
2202 1315 2288 1372 ita
2319 1331 2491 1372 carus
2536 1316 2882 1390 gratusque,
2914 1316 2986 1373 ut

361 1408 717 1472 statuerunt,
751 1406 822 1460 ut
852 1402 1088 1461 demum
1122 1404 1375 1461 schisma
1407 1422 1643 1479 compo·
1698 1423 1837 1462 eum
1869 1404 2059 1479 patris
2079 1404 2268 1462 instar
2296 1404 2573 1461 colerent.
2606 1402 2675 1460 In
2708 1402 2983 1463 omnibus

359 1499 619 1554 neretur.
651 1493 985 1566 Utrumque
1016 1492 1350 1568 pontificem
1385 1493 1458 1551 ad
1490 1492 1644 1552 illud
1699 1494 2030 1568 disciplinis
2063 1496 2190 1551 erat
2221 1491 2459 1569 egregie
2491 1492 2781 1561 excultus,
2834 1492 2983 1550 alias

358 1584 649 1643 vocarunt
661 1582 738 1662 ¹):
771 1585 985 1641 neuter
1005 1581 1225 1657 paruit,
1255 1583 1389 1640 hinc
1407 1586 1642 1640 utrum·
1698 1586 1877 1657 atque
1908 1582 2055 1639 alias
2087 1580 2352 1640 docebat.
2417 1581 2618 1658 Magni
2661 1580 2852 1640 factus
2896 1585 2986 1639 est

363 1692 477 1748 que
527 1672 821 1747 deponere
883 1673 1259 1730 attentarunt
1301 1690 1644 1746 novumque
1699 1692 1733 1729 a
1765 1670 2127 1740 concivibus,
2161 1670 2266 1745 qui
2298 1689 2436 1729 eum
2468 1673 2764 1729 oratorem
2797 1669 2983 1728 desti-

362 1762 595 1838 eligere.
616 1761 943 1837 Elegerunt
962 1778 1101 1819 vero
1120 1761 1363 1820 Petrum
1379 1760 1641 1837 Philargi
1699 1763 1920 1820 narunt
1964 1758 2038 1818 ad
2082 1759 2508 1835 rempublicam
2541 1762 2815 1818 venetam
2848 1777 2983 1817 cum

362 1846 490 1932 (25.
523 1851 664 1909 Jun.
712 1844 918 1928 1409),
972 1848 1078 1924 qui
1128 1849 1323 1908 dictus
1373 1852 1463 1908 est
1507 1849 1643 1908 Ale·
1698 1850 1867 1908 urbis
1898 1849 2166 1907 clavibus
2218 1867 2322 1924 pro
2373 1846 2640 1907 facienda
2671 1847 2984 1908 deditione.

360 1940 579 2002 xander
608 1939 695 2011 V„
727 1942 799 1997 ut
829 1956 1012 2013 supra
1042 1957 1099 2013 p.
1136 1948 1258 2001 736
1286 1939 1412 2015 jam
1442 1957 1643 1997 narra-
1698 1939 1770 1997 In
1800 1937 2124 1997 cathedrali
2153 1937 2397 1996 ecclesia
2415 1937 2985 2013 archiepresbytera-

364 2030 574 2097 vimus,
608 2033 787 2102 atque
817 2026 904 2084 ita
934 2027 1187 2085 schisma
1216 2032 1528 2086 auxerunt.
1561 2027 1643 2085 Eo
1698 2031 1798 2087 tus
1832 2029 2053 2088 honore
2083 2027 2408 2103 insignitus
2448 2026 2731 2101 penuriae
2763 2045 2984 2101 paupe·

361 2122 494 2194 post
522 2136 753 2176 menses
782 2117 980 2174 decem
1001 2117 1302 2176 Bononiae
1332 2117 1645 2192 repentina
1696 2137 1833 2175 rum
1865 2117 2018 2175 mira
2050 2116 2444 2174 subveniebat
2463 2115 2839 2175 liberalitate.
2872 2115 2984 2172 De-

360 2211 550 2264 morte
586 2215 640 2269 3·
675 2206 806 2281 Μεθ’
842 2205 1096 2276 sablato'
1132 2206 1498 2264 snbsntutus
1527 2205 1644 2263 fmt
1698 2268 1862 2304 casus
1908 2249 2353 2309 consolationes:
2399 2251 2434 2302 l.
2480 2249 2550 2302 de
2595 2248 2985 2306 consolatione

372 2307 464 2358 ¹7·
498 2296 629 2396 Mffj-
664 2294 1004 2353 Balf‘hassar
1036 2290 1273 2377 003882)
1301 2295 1640 2370 ΝθῦΡΟῙὶω·
1699 2320 2054 2392 theologiae:
2101 2320 2216 2374 alia
2250 2325 2529 2390 polenum,
2572 2323 2638 2373 ut
2677 2323 2746 2376 tr.
2788 2323 2985 2375 contra

363 2404 491 2454 nus,
525 2384 721 2443 dictus
752 2383 791 2442 J
807 2403 840 2443 o
864 2403 1100 2443 annes
1133 2383 1341 2443 XXIII.
1393 2385 1641 2442 Demum
1697 2392 1962 2449 Judaeos:
2002 2393 2115 2446 alia
2157 2391 2492 2463 praesertim
2528 2395 2680 2459 juris
2728 2397 2985 2461 canonici,

362 2474 549 2534 nobili
581 2473 838 2532 cessione
871 2469 952 2554 (4,
986 2473 1108 2532 Jul,
1152 2468 1344 2553 1415)
1379 2473 1648 2549 Gregorii
1699 2464 1770 2518 de
1815 2464 2024 2532 quibus
2071 2463 2238 2517 Ehrle
2284 2463 2496 2517 Archiv
2545 2464 2589 2515 V
2595 2463 2663 2525 11,
2703 2467 2985 2520 515-575

362 2563 487 2621 XII.
520 2564 576 2621 le
622 2563 773 2621 itimi
846 2561 1096 2620 ontificis
1205 2581 1232 2620 s
1271 2563 1285 2619 i
1329 2581 1401 2620 ne
1450 2564 1644 2620 xtorta
1699 2537 1824 2589 ωδε
1852 2538 1909 2590 et
1934 2534 2157 2589 erudite
2184 2535 2426 2589 disserit‘
2455 2533 2535 2587 Ea
2554 2550 2684 2588 vero
2702 2537 2867 2588 sunt:
2893 2534 2987 2594 'rr'

578 2582 618 2638 g
805 2582 842 2637 P
1102 2607 1114 2633 ν
1137 2581 1200 2621 00
1237 2581 1263 2621 ⁸
1291 2581 1323 2621 ⁰
1417 2582 1448 2621 θ
1698 2610 1761 2661 de
1787 2610 2005 2662 concilio
2028 2610 2301 2674 yenerala‘,·
2326 2610 2387 2660 de
2402 2626 2531 2660 novo
2545 2609 2841 2675 schismate,
2860 2622 2987 2660 con-

362 2652 625 2723 Joannis,
689 2650 1057 2727 depositione
1120 2651 1428 2711 Benedicti
1486 2650 1642 2710 XIII.
1699 2680 1790 2732 tm
1817 2695 1986 2747 quem
2014 2678 2301 2748 scripsisse
2346 2676 2564 2748 legitur
2604 2676 2756 2732 Guil.
2790 2679 2988 2733 orto·

364 2746 542 2817 atque
592 2742 877 2800 electione
909 2741 1153 2800 Martini
1186 2742 1250 2800 V.
1286 2742 1645 2799 exstinctum
1699 2750 1861 2803 lani
1881 2750 2028 2819 juris
2055 2749 2241 2804 civilis
2262 2749 2474 2813 doctor,
2502 2753 2781 2805 corrector
2799 2748 2989 2803 litera-

364 2836 452 2890 est
525 2831 933 2889 tristissimum
1026 2833 1204 2904 atque
1289 2830 1646 2888 diuturnum
1701 2840 1829 2876 rum
1857 2821 2318 2891 apostolicarum,
2357 2820 2867 2891 pseudopontificis
2910 2820 2989 2873 fa-

365 2921 577 2979 schism
587 2941 635 2978 a.
671 2920 988 2996 Gregorius
1007 2918 1134 2978 XII.
1156 2911 1295 2995 post
1322 2921 1643 2978 cessionem
1701 2890 2790 3035 ffgilssassflgheelgigffggzssffzffffffigss·²²2³?
2811 2896 2990 3017 {25de

363 3029 528 3068 suam
563 3009 873 3067 h⁰¹¹⁰rffi⁰0
925 3007 1165 3067 habitus
1199 3029 1231 3065 a
1277 3009 1532 3067 martino
1578 3007 1647 3070 V·
1702 3039 1901 3090 contra
1926 3035 1964 3089 l.
1991 3037 2209 3089 factum
2237 3008 2436 3088 contra
2451 2984 2990 3104 tnpraecedlgntem.

366 3099 517 3157 obiit
571 3107 662 3161 18.
712 3098 836 3156 Oct.
892 3107 1091 3165 1417;
1135 3098 1394 3156 «Ioannes
1440 3098 1644 3156 XXI-11·
1703 3111 2056 3176 Alleyationes
2086 3124 2188 3177 pro
2215 3122 2368 3177 papa
2394 3108 2454 3160 et
2477 3108 2676 3160 contra
2715 3106 2991 3160 rebellan-

363 3188 675 3246 humiliter
692 3187 950 3244 Martino
966 3187 1030 3243 V.
1049 3204 1111 3246 se
1128 3187 1383 3261 subjecit
1399 3184 1456 3268 (1
1472 3197 1505 3248 4
1523 3182 1644 3267 19),
1703 3181 1816 3261 f'PSJ
1845 3184 1907 3232 ‘1⁶
1924 3182 2225 3259 principati
2238 3183 2534 3259 {Chissmafssg
2565 3176 2775 3259 ΕΡΥΠΠΙ
2802 3176 2987 3302 (flego-

293 3326 296 3329 .
364 3296 398 3335 a
428 3295 544 3351 quo
578 3275 918 3334 humaniter
947 3279 1245 3351 exceptus,
1280 3276 1647 3334 constitutus
1702 3254 1967 3304 ³¹t¹⁰¹¹em
2032 3250 2315 3330 de⁸⁰r¹b3t³
2382 3265 2693 3330 ⁸99⁰¹m¹¹¹3²
2755 3249 2888 3301 ‘³¹¹⁸
2931 3251 2989 3301 ⁰¹²

365 3369 456 3424 est
486 3364 715 3442 collegii
746 3364 1131 3423 cardinalium
1165 3363 1419 3423 decanus
1453 3360 1514 3445 (†
1546 3365 1646 3425 2'2·
1703 3319 2993 3459 ¹3¹3⁰6¹?'e‘iffiuffigssffitffiffimffimssssssss

364 3455 494 3513 Dec.
534 3447 749 3534 1419);
795 3454 1155 3512 Benedictus
1201 3471 1338 3513 vero
1383 3454 1537 3512 XIII.
1586 3454 1651 3510 in
1705 3481 1756 3518 v.
1785 3464 1824 3516 l.
1866 3464 1913 3515 X
1953 3481 1997 3517 c.
2024 3467 2059 3519 3
2099 3481 2154 3517 n.
2180 3467 2446 3519 97—103.
2498 3461 2757 3516 Ceterum
2811 3460 2995 3515 multa

366 3544 674 3601 schismate
707 3544 974 3618 pertinax
1009 3540 1237 3607 obiitss'),
1703 3535 2047 3590 documenta
2072 3533 2367 3588 historiam
2389 3533 2560 3602 hujus
2586 3530 2994 3600 pseudoponti-

1197 3608 1208 3621 ”
1705 3606 1826 3659 ficis
1852 3605 2205 3659 illustrantia
2244 3604 2413 3658 Ehrle
2455 3603 2718 3674 publicae
2763 3601 2878 3656 luci
2904 3602 2993 3656 de·

1644 3688 1648 3692 ’
1705 3676 1793 3731 dit
1816 3676 1893 3736 ib.
1923 3676 2019 3740 VI,
2049 3680 2357 3736 139—308;
2387 3675 2505 3738 Vll,
2535 3678 2762 3739 1—310‚
2806 3676 2873 3727 ut
2910 3690 2993 3728 ex.

433 3749 1650 3820 ‘lInterimhabuitGregoriusXII.synodum
1704 3766 1789 3818 gr.
1816 3752 2115 3802 relationem
2166 3745 2449 3800 Fernandi
2496 3748 2535 3799 P
2552 3761 2713 3798 erez
2758 3745 2827 3799 de
2873 3743 2993 3799 Cal-

365 3822 424 3874 in
445 3823 584 3875 urbe
601 3820 955 3889 forojuliensi
970 3823 1272 3893 (Austriae)
1291 3820 1565 3884 Cividale‚
1581 3820 1650 3873 de
1708 3819 1832 3873 villi
1859 3818 2113 3889 episcopi
2142 3816 2508 3872 tirasonensis
2524 3821 2723 3890 (1197),
2740 3816 2995 3870 cardina-

367 3909 606 3961 quanon
622 3893 1208 3954 multainnotuerunt‚
1222 3892 1318 3947 sed
1331 3891 1650 3945 L.Schmitz
1705 3890 1775 3945 lis
1803 3890 1956 3945 Petri
1983 3891 2053 3944 de
2093 3890 2256 3943 Luna
2283 3894 2442 3960 (1197
2471 3899 2498 3951 †
2544 3892 2719 3959 1404),
2760 3891 2822 3942 de
2859 3892 2995 3956 leyn-

366 3964 644 4031 prolixam
673 3963 742 4017 de
769 3980 835 4017 ea
861 3963 1042 4018 edidit
1076 3963 1209 4019 diss.
1234 3964 1466 4017 innixus
1492 3980 1651 4033 prae·
1706 3967 1845 4018 time
1871 3980 1975 4015 sua
2000 3962 2229 4017 nomine
2273 3962 2448 4030 hujus
2490 3958 2997 4031 pseudopontificis

368 4035 564 4102 primis
617 4037 866 4090 Manuals’
913 4034 1207 4089 Michaelis
1251 4035 1535 4088 Francisci
1581 4035 1650 4087 de
1706 4035 1780 4088 ad
1807 4032 2154 4088 Bonifatium
2177 4032 2270 4086 IX.
2297 4050 2353 4101 p.
2382 4035 2692 4091 172—185:
2722 4030 2995 4100 scriptum

368 4106 684 4161 Caecina
710 4106 780 4159 de
801 4107 940 4160 Pisis
955 4106 1268 4176 apostolica
1286 4110 1344 4160 et
1363 4104 1652 4176 imperiali
1709 4104 1972 4159 Heliae
2020 4104 2089 4158 de
2131 4104 2434 4174 Latrangis
2461 4104 2552 4174 (de
2579 4102 2880 4173 Estrauge)
2909 4118 2996 4171 ep.

366 4177 708 4231 auctoritate
734 4178 958 4243 notarii,
987 4178 1140 4246 quod
1159 4178 1397 4232 feliciter
1423 4177 1650 4248 reperit.
1704 4175 2006 4231 aniciensis
2032 4177 2091 4229 in
2120 4192 2287 4230 causa
2315 4174 2607 4229 Benedicti
2634 4174 2764 4227 XIII
2790 4191 2845 4242 p.
2872 4177 2998 4230 233-

368 4247 508 4303 Eam
534 4250 707 4303 habes
737 4249 797 4302 in
823 4250 982 4304 Rom.
1023 4248 1260 4313 Qtlschr.
1295 4250 1423 4303 VIII
1450 4252 1650 4320 (1894),
1707 4253 1831 4312 ⁶241,
1858 4251 1917 4301 et
1940 4248 2063 4303 VII.
2089 4252 2195 4303 244
2216 4250 2389 4303 -278.
2458 4245 2540 4301 Cf.
2578 4248 2635 4299 et
2661 4244 2841 4298 Finke
2870 4244 2998 4297 For·

367 4325 470 4377 217
482 4323 666 4377 -258.
1707 4320 2003 4388 schungen
2031 4319 2150 4372 und
2179 4318 2421 4383 Quellen
2449 4320 2552 4370 etc.
2580 4336 2634 4387 p.
2663 4321 2769 4372 323
2796 4333 2866 4369 ss.

443 4395 482 4462 ²)
512 4390 592 4446 Cf.
621 4391 690 4445 de
716 4408 781 4445 eo
810 4391 1006 4446 Hefele
1043 4390 1521 4472 Conciliengesch.
1549 4391 1653 4444 VII
1784 4395 1824 4463 ¹)
1854 4390 1896 4444 P
1912 4407 1942 4444 e
1958 4393 1985 4444 t
1999 4409 2026 4442 r
2042 4409 2078 4443 u
2098 4409 2122 4443 s
2174 4391 2230 4442 Μ
2248 4406 2281 4442 a
2298 4408 2335 4443 u
2353 4407 2381 4442 r
2397 4406 2429 4442 o
2445 4405 2476 4442 c
2491 4406 2519 4442 e
2536 4408 2576 4442 n
2592 4407 2629 4442 ιι
2648 4407 2673 4441 s
2723 4386 2999 4457 patricius

368 4471 396 4528 ᾖ
424 4466 526 4519 745
553 4480 620 4517 ss.
673 4462 956 4527 Quasdam
986 4462 1240 4533 ejusdem
1268 4462 1539 4531 epistolas
1566 4480 1651 4516 ex·
1709 4464 1966 4526 venetus,
2018 4462 2239 4531 primus
2291 4460 2664 4514 decretalium
2718 4459 3000 4528 professor

368 4533 529 4588 hibet
544 4535 641 4589 Ge.
658 4534 889 4588 Schrnid
908 4533 1320 4599 Rom.thchr.
1337 4534 1442 4588 XII
1453 4537 1650 4605 (1898),
1709 4533 1949 4597 Patavii,
1979 4531 2406 4601 protonotarius
2432 4530 2797 4600 apostolicus,
2819 4530 2999 4583 aGre·

366 4609 669 4662 435—452.
1706 4603 1870 4675 gorio
1933 4605 2054 4658 XII.
2104 4603 2294 4658 dictus
2346 4602 2670 4664 cardinalis,
2733 4600 3002 4653 interfuit

443 4680 485 4757 ³)
513 4676 644 4732 Non
672 4677 860 4731 caruit
886 4678 927 4730 P
945 4694 973 4730 e
992 4680 1109 4730 tru
1127 4695 1152 4729 s
1179 4677 1248 4730 de
1288 4676 1330 4729 L
1348 4695 1384 4730 u
1403 4694 1442 4728 n
1458 4693 1491 4730 a
1531 4692 1652 4730 eru-
1709 4675 1951 4730 concilio
1968 4672 3000 4741 constantiensidiemqueobiitprope

370 4746 589 4803 ditione
615 4751 673 4801 et
696 4747 917 4818 ingenii
934 4750 1258 4819 sagacitate,
1289 4750 1355 4801 ut
1370 4749 1654 4802 testantur
1708 4745 2133 4816 nonagenarius
2183 4751 2267 4803 11.
2304 4748 2452 4815 Aug.
2500 4750 2657 4802 1424.
2707 4741 3001 4796 Laudatur

371 4820 493 4887 ejus
520 4820 732 4889 scripta
772 4820 1048 4891 (inedita),
1090 4836 1334 4888 quorum
1379 4819 1494 4873 alia
1520 4820 1656 4872 sunt
1708 4819 1832 4886 ejus
1859 4818 2076 4872 lectura
2102 4817 2166 4870 in
2193 4818 2425 4871 Sextum
2440 4816 2718 4887 (inedita).
2747 4813 2829 4867 Cf.
2846 4812 2999 4881 Eggs

370 4895 612 4945 ascetica-
661 4891 825 4945 Vitae
851 4891 1136 4945 humanae
1164 4890 1432 4945 adversus
1459 4906 1654 4945 omnes
1711 4889 1883 4960 Purp.
1912 4890 2113 4944 doctae
2140 4888 2175 4943 l.
2202 4894 2235 4944 ‘2
2266 4906 2319 4942 n.
2351 4892 2471 4944 102.
