3475 5364
542 349 702 401 1499

1149 336 1516 387 1541—1563.
1546 331 1597 385 S.
1626 330 1936 399 Scriptura.
1965 331 2268 399 Gregorius
2297 334 2537 395 (ἔοι-1659,

2989 350 3158 403 1500

533 524 593 577 et
638 519 986 577 restitutum
1033 519 1195 594 typis
1243 518 1517 594 vulgavit
1548 517 1811 576 Venetiis
1868 519 1973 592 qui
2005 518 2386 593 postmodum
2432 519 2549 577 fuit
2593 520 2857 594 pontifex
2904 520 3015 578 sub
3047 538 3155 577 no·

544 618 704 671 1538
755 607 1077 685 Gregorius
1123 608 1539 666 Coi-tesius.
1620 608 1811 666 Natus

535 698 585 755 is
618 701 711 756 est
742 718 790 755 a.
832 705 995 760 1483
1031 716 1098 755 ex
1131 697 1500 755 nobilissima
1521 696 1811 754 Cortesio—

535 806 667 844 rum
729 786 957 844 familia
1016 790 1078 844 et
1126 785 1386 844 Joannes
1438 785 1700 844 Andreas
1750 786 1812 844 in

533 877 830 951 baptismo
863 875 1213 950 appellatus
1291 875 1588 934 Bononiae
1631 880 1813 949 atque

536 965 764 1024 Patavii
814 983 863 1022 a.
899 965 1163 1040 quinque
1206 965 1329 1040 juri
1376 964 1533 1022 civili
1576 982 1811 1039 operam

535 1055 793 1125 navavit,
842 1054 944 1111 sed
977 1058 1036 1111 et
1068 1054 1272 1112 literas
1307 1054 1681 1112 humaniores
1714 1072 1809 1111 ex-

533 1144 746 1212 coluit,
814 1144 972 1201 unde
1025 1145 1149 1202 sive
1198 1162 1403 1219 graece
1454 1143 1576 1201 sive
1627 1143 1812 1201 latine

535 1233 835 1301 scriberet,
859 1232 1007 1290 mire
1023 1234 1260 1310 elegans
1283 1236 1423 1291 erat.
1458 1232 1607 1290 Hinc
1628 1232 1666 1289 J
1670 1251 1810 1290 oan—

534 1340 638 1380 nes
659 1322 811 1380 card.
836 1322 1163 1381 Melicaeus
1196 1341 1330 1380 eum
1364 1322 1473 1380 sibi
1494 1321 1566 1379 ab
1589 1322 1812 1396 episto-

1870 607 2028 665 mine
2061 608 2234 665 Pauli
2267 607 2384 677 IV„
2433 609 2801 667 constitutus
2847 608 2964 667 fuit
3010 608 3156 666 visi-

1868 700 2028 754 tator
2057 697 2419 772 apostolicus
2453 717 2558 773 per
2589 701 2778 755 totam
2811 699 3060 765 Italiam,
3093 702 3160 757 et

1869 784 2206 844 destinatus
2255 786 2361 861 qui
2409 805 2541 845 cum
2588 787 2807 846 Thoma
2839 788 3154 864 Campeggi

1868 875 2086 933 nuncio
2118 876 2440 950 apostolico
2476 875 2723 951 aliisque
2770 877 3059 952 theologis
3090 878 3154 934 in

1870 964 2245 1022 Germaniam
2266 968 2553 1040 pergeret,
2572 970 2640 1023 ut
2660 964 2840 1023 rebus
2864 965 2996 1023 fidei
3016 984 3156 1025 con-

1871 1054 2090 1110 suleret
2139 1060 2199 1111 et
2265 1055 2559 1129 colloquio
2621 1055 3017 1113 wormatiensi
3062 1055 3155 1113 in-

1870 1146 2117 1200 teresset
2164 1139 2409 1224 (1540).
2459 1143 2675 1201 Verum
2725 1144 2832 1203 hcc
2881 1144 2994 1202 iter
3025 1164 3153 1204 sus—

1870 1232 2093 1306 cepisse
2116 1251 2236 1290 non
2254 1232 2512 1290 videtur.
2545 1233 2628 1290 Ex
2650 1233 3155 1292 commendatione

1871 1320 2172 1379 Contarini
2205 1323 2266 1379 et
2298 1320 2559 1379 Sadoleti
2593 1321 2996 1391 cardinalium,
3050 1324 3158 1397 qui

1870 1428 2005 1467 eum
2040 1410 2115 1467 ob
2149 1410 2547 1485 prudentiam,
2593 1411 2918 1487 ingenium,
2965 1412 3154 1487 pieta-

532 1504 594 1556 et
609 1501 868 1573 pontifex
886 1501 1107 1558 electus
1128 1500 1237 1558 sub
1259 1500 1493 1558 nomine
1507 1499 1810 1567 LeonisX.,
1869 1505 1988 1556 tem
2024 1499 2240 1557 summi
2277 1499 2686 1569 aestimarunt,
2733 1506 2964 1559 creatus
2997 1504 3091 1559 est
3121 1521 3156 1559 a

534 1607 845 1647 causarum
877 1589 1204 1647 auditorem
1240 1590 1354 1647 sibi
1386 1588 1616 1664 delegit.
1679 1590 1813 1646 Non
1871 1588 2054 1645 Paulo
2085 1588 2187 1646 ΙΙΙ.
2227 1598 2327 1649 31.
2364 1589 2498 1663 Maj.
2542 1598 2704 1651 1542
2742 1589 3061 1648 cardinalis
3094 1594 3156 1648 et

535 1678 639 1736 diu
672 1683 1003 1753 susceptam
1038 1679 1401 1753 provinciam
1434 1678 1810 1736 administra·
1870 1676 2067 1735 dictus
2090 1678 2401 1753 episcopus
2422 1678 2691 1736 urbinas:
2713 1680 2895 1737 simul
2909 1680 3150 1755 adjunc-

534 1768 653 1826 vit:
717 1786 849 1826 cum
913 1769 1066 1825 enim
1122 1768 1317 1826 oneris
1369 1768 1696 1843 litigiorum
1748 1784 1813 1823 ac
1868 1768 2071 1824 tusest
2091 1767 2531 1843 congregationi
2546 1770 3020 1843 praeparatoriae
3048 1787 3154 1844 pro

534 1857 802 1915 laborum
849 1860 1007 1915 esset
1053 1858 1241 1932 plena,
1290 1858 1415 1932 ipse
1448 1875 1586 1914 vero
1635 1856 1707 1914 ad
1741 1875 1810 1914 ss.
1870 1854 2075 1913 futuro
2107 1856 2369 1916 concilio,
2437 1856 2602 1915 Nihil
2634 1858 2905 1916 candoris
2937 1863 2997 1915 et
3028 1860 3153 1916 stu-

535 1946 840 2004 literarum
876 1946 1142 2003 studium
1174 1947 1476 2021 vitamque
1516 1946 1580 2003 in
1611 1945 1814 2021 quiete
1870 1944 1950 2001 dii
1984 1945 2045 2002 in
2077 1944 2372 2019 dignitate
2405 1946 2663 2003 remisit:
2710 1964 2845 2005 cum
2877 1946 3147 2005 doctissi-

535 2035 979 2111 transigendam
1010 2035 1210 2093 divino
1258 2036 1550 2093 instinctu
1582 2039 1813 2109 pertra-
1869 2033 1980 2091 mis
2013 2033 2157 2092 viris
2206 2053 2311 2109 per
2355 2038 2541 2092 totam
2587 2035 2710 2092 fere
2743 2035 3034 2111 Europam
3069 2036 3150 2093 fa·

537 2125 795 2191 heretum
830 2143 899 2181 ea
922 2125 1083 2182 ultra
1102 2142 1164 2182 se
1185 2124 1482 2182 abdicavit
1502 2125 1813 2198 factusque
1870 2123 2276 2180 miliaritatem
2322 2128 2382 2181 et
2414 2123 2692 2199 frequens
2734 2144 2842 2201 per
2872 2125 3154 2200 epistolas

535 2218 628 2271 est
659 2214 980 2271 monachus
1003 2213 1158 2271 OSB.
1194 2214 1254 2270 in
1288 2213 1524 2271 abbatia
1558 2231 1601 2270 a.
1624 2215 1811 2271 Bene·
1872 2212 2235 2286 colloquium
2289 2212 2500 2271 habuit
2533 2209 2593 2291 (†
2629 2222 2729 2275 21.
2765 2213 2939 2289 Sept„
2980 2215 3156 2289 juxta

535 2303 677 2360 dicti
700 2303 972 2361 Polirone
994 2302 1502 2378 propeMutinam:
1525 2305 1585 2360 et
1604 2302 1814 2360 exinde
1870 2301 2016 2358 alios
2051 2300 2193 2369 Oct„
2237 2298 2445 2378 1548).
2508 2302 2626 2360 Alii
2660 2304 2788 2378 ejus
2821 2303 3151 2362 studiorum

535 2392 685 2449 vixit
731 2394 897 2451 totus
949 2410 1089 2449 suae
1121 2392 1587 2460 sanctificationi,
1631 2392 1812 2449 refor·
1871 2391 2101 2448 fructus
2151 2394 2320 2448 sunt:
2384 2391 2476 2448 Tr.
2530 2391 2815 2450 adversus
2865 2390 3154 2471 (Ulricum

537 2481 782 2539 mationi
830 2480 1176 2555 disciplinae
1223 2481 1284 2538 in
1337 2499 1445 2539 sua
1494 2499 1813 2556 congrega·
1874 2475 2205 2559 Venenum)
2234 2483 2551 2555 negantem
2576 2480 2809 2538 Petrum
2826 2500 2919 2555 ap.
2939 2483 3158 2539 Romae

534 2571 695 2628 tione
714 2573 775 2627 et
794 2570 1204 2644 promovendis
1222 2569 1454 2628 studiis.
1487 2569 1813 2627 Familiari·
1867 2569 2066 2640 fuisse,
2119 2568 2384 2626 Venetiis
2447 2577 2636 2638 1537,
2701 2570 2789 2628 ed.
2841 2571 3153 2640 mendosa3

533 2663 718 2718 tatem
738 2659 872 2718 iniit
891 2678 1021 2717 cum
1064 2659 1206 2717 viris
1225 2658 1463 2718 Italiam
1494 2662 1554 2717 et
1590 2660 1816 2718 clerum
1874 2658 2086 2715 Romae
2146 2668 2310 2721 1770
2363 2676 2538 2734 opera
2583 2659 2865 2730 Costanzi,
2916 2660 2989 2718 de
3037 2678 3156 2735 quo

537 2768 668 2807 vere
730 2750 1194 2817 illustrantibuS‚
1258 2749 1589 2824 cujusmodi
1654 2751 1815 2806 suere
1873 2747 2089 2823 Dupin,
2125 2746 2278 2805 nihil
2296 2748 2646 2823 elegantiuS,
2669 2737 2870 2823 inquit
2885 2747 2946 2826 ¹),
2978 2752 3038 2807 et
3055 2769 3153 2808 ve·

535 2838 854 2907 Contarini‚
890 2838 1086 2907 PoluS,
1137 2838 1459 2906 SadoletuS,
1501 2837 1812 2912 fragosus,
1871 2836 2110 2894 nustius
2144 2837 2251 2894 hac
2284 2838 2603 2913 scriptione
2635 2838 2755 2914 legi
2775 2856 2949 2912 posse
2985 2843 3155 2907 ,erat

539 2927 766 2984 Giberti
816 2930 924 2983 etc.
989 2927 1208 2984 Missus
1258 2932 1350 2984 est
1399 2946 1532 2985 cum
1585 2928 1816 3001 aliquot
1872 2926 2030 2983 enim
2064 2927 2318 3001 sapiens,
2367 2927 2726 2996 moderatus,
2770 2946 2994 3002 aequus
3027 2946 3152 2986 om-

538 3015 836 3073 sodalibus
899 3016 971 3072 ad
1033 3016 1327 3074 lerinense
1391 3017 1814 3075 monasterium
1872 3015 2170 3088 nibusque
2192 3016 2632 3092 praerogativis,
2656 3035 2808 3092 quae
2839 3017 3154 3075 honestum

538 3105 981 3180 congregationi
1042 3105 1331 3163 casinensi
1407 3109 1813 3181 aggregatum,
1871 3103 2060 3162 virum
2093 3105 2503 3178 optimumque
2535 3106 2881 3180 scriptorem
2926 3105 3151 3175 decent,

537 3193 641 3252 ubi
675 3197 865 3252 totum
900 3212 961 3251 se
996 3193 1186 3252 literis
1209 3195 1438 3252 abdidit
1470 3194 1814 3253 honestissi·
1872 3212 2156 3268 perquam
2191 3197 2495 3252 ornatus.‘
2552 3194 2952 3267 Epistolarum
2984 3196 3150 3253 fami-

536 3302 749 3358 moque
780 3282 1093 3342 fruebatur
1124 3284 1260 3341 otio.
1341 3285 1472 3343 Non
1519 3288 1721 3342 tamen
1756 3303 1815 3342 se
1869 3282 2104 3341 liarium
2122 3283 2443 3341 latinarum
2458 3283 3151 3353 l.unus,Venetiisl537‚

536 3373 735 3447 potuit
766 3373 1071 3431 hominum
1117 3373 1447 3432 illustrium
1488 3373 1817 3432 subducere
1873 3391 2026 3446 quae
2046 3392 2225 3446 quam
2243 3372 2574 3447 plurimum
2609 3373 2929 3432 laudantur
2946 3373 3019 3431 ab
3036 3373 3153 3431 ele-

535 3462 740 3532 oculis,
774 3463 879 3536 qui
910 3463 983 3520 ad
1011 3481 1147 3521 eum
1180 3463 1557 3522 invisendum
1590 3466 1651 3520 et
1682 3481 1813 3520 cum
1872 3462 2094 3536 gantis,
2128 3461 2342 3530 nitore,
2389 3462 2658 3531 candore,
2694 3463 3061 3520 humanitate
3092 3467 3154 3520 et

536 3571 603 3610 eo
653 3552 1109 3628 colloquendum
1160 3572 1283 3610 earn
1338 3554 1399 3610 in
1450 3552 1707 3610 insulam
1755 3570 1816 3609 se
1867 3551 2108 3626 judicio.
2174 3550 2370 3609 Vertit
2402 3569 2637 3626 quoque
2688 3554 2921 3625 patrum
2953 3569 3148 3626 opera,

537 3644 937 3701 contulerunt.
1004 3642 1091 3700 Ob
1142 3642 1391 3700 virtutis
1440 3641 1815 3717 splendorem
1873 3640 2113 3713 reliquit
2145 3644 2218 3701 tr.
2251 3639 2609 3716 theologicos
2642 3639 2716 3698 de
2737 3640 3153 3700 controversiis

535 3733 758 3790 electus
822 3734 915 3791 est
964 3731 1144 3789 abbas
1195 3734 1255 3789 et
1307 3738 1375 3790 ut
1419 3731 1601 3790 abbas
1656 3731 1818 3789 varia
1873 3729 2037 3787 illius
2069 3729 2371 3803 temporis,
2406 3729 2477 3786 de
2498 3733 2733 3805 peccato
2754 3730 3051 3807 originali,
3083 3729 3155 3787 de

538 3823 893 3879 monasteria
923 3841 991 3879 ea
1022 3820 1341 3895 prudentia
1370 3825 1430 3878 et
1462 3819 1816 3879 discretione
1873 3818 2201 3895 theologica
2232 3819 2631 3888 institutione,
2654 3819 3155 3877 commentariain

536 3911 906 3985 gubernavit,
955 3912 1024 3967 ut
1054 3911 1248 3967 dulcis
1294 3913 1354 3968 et
1398 3910 1681 3984 sapientis
1714 3910 1814 3967 ab·
1878 3917 1911 3968 4
1962 3908 2020 3964 ll.
2068 3907 2531 3978 sententiarum;
2580 3911 2652 3965 tr.
2701 3907 3153 3984 philosophicos,

536 3999 697 4056 batis
730 4000 921 4075 elogio
943 4004 1285 4056 ornaretur:
1320 4003 1380 4056 et
1413 3999 1551 4057 licet
1586 3999 1819 4076 fugeret
1874 4001 1946 4053 tr.
1969 3997 2041 4054 de
2064 3996 2206 4056 viris
2228 3996 2563 4055 illustribus
2581 3996 2804 4055 ordinis
2821 3997 3153 4070 monastici,

536 4088 859 4160 dignitates
937 4088 1277 4145 solitudinis
1352 4088 1815 4156 amantissimuS,
1876 4086 2054 4144 etiam
2100 4087 2368 4162 hymnos
2450 4087 2636 4143 Plura
2675 4086 2914 4160 quidem
2961 4105 3028 4145 ex
3059 4087 3154 4144 his

536 4177 899 4235 constitutus
932 4181 1024 4234 est
1053 4176 1324 4235 visitator
1354 4177 1649 4252 generalis
1682 4177 1817 4235 uni·
1875 4176 2172 4251 operibus,
2240 4174 2397 4250 quod
2449 4175 2787 4244 dolendum,
2853 4174 3157 4250 deperdita

538 4285 739 4324 versae
801 4266 1273 4342 congregationis
1336 4266 1673 4324 casinensis.
1766 4269 1818 4323 A
1875 4268 2034 4334 sunt,
2091 4265 2209 4322 alia
2256 4269 2610 4322 manserunt
2658 4264 2900 4332 inedita,
2955 4266 3156 4341 aliqua

538 4356 720 4411 Paulo
771 4354 874 4412 ΙΙΙ.
926 4356 1168 4413 Romam
1219 4356 1535 4414 accersitus
1587 4358 1695 4424 est,
1749 4360 1818 4413 ut
1875 4354 2120 4412 collecta
2150 4353 2502 4428 prodierunt
2534 4353 2763 4411 Patavii
2804 4365 2968 4416 1774
3020 4359 3062 4412 t..
3099 4362 3153 4415 2.

536 4463 654 4501 una
686 4462 818 4502 cum
855 4444 987 4502 aliis
1019 4445 1161 4503 viris
1194 4445 1381 4503 doctis
1412 4450 1473 4503 et
1505 4446 1816 4520 integerri-

536 4534 660 4602 miS‚
696 4553 846 4608 quae
893 4533 963 4592 ad
999 4535 1103 4592 Dei
1137 4536 1386 4610 gloriam
1432 4540 1493 4592 et
1524 4534 1818 4592 Ecclesiae
1956 4549 1988 4613 ¹)
2017 4543 2160 4596 Bibl.
2191 4561 2359 4598 nouv.
2380 4544 2521 4606 XIV,
2542 4547 2661 4600 187.
2690 4542 3158 4613 Cf.Ziegelbauer

535 4625 1009 4683 reformaffionem
1055 4626 1241 4700 1118ng
1288 4623 1610 4682 conducere
1658 4624 1815 4680 vide..
1873 4616 2004 4671 hlfll'a.
2045 4616 2124 4668 rei
2166 4614 2251 4668 ht.
2282 4615 2428 4671 OSB.
2461 4617 2549 4681 ill,
2579 4620 2856 4672 339—44:
2909 4615 3155 4669 Dittl'lCh

534 4719 757 4784 rentur,
792 4715 904 4772 sibi
938 4721 1288 4789 proponeret
1321 4718 1380 4771 et
1410 4714 1647 4789 optimis
1680 4732 1816 4770 con·
1873 4687 1985 4811 {L
2033 4688 2123 4812 H&
2170 4692 2340 4812 {1¹35
2389 4687 2538 4768 Essffl
2568 4687 2614 4769 .¹·
2647 4687 2820 4810 ῙᾮΛῗ
2847 4690 2946 4742 6⁰²
2991 4689 3156 4809 '55³³’

534 4805 684 4863 siliis
737 4804 968 4862 adesset
1017 4804 1081 4861 in
1126 4803 1326 4862 arduis
1373 4803 1490 4860 illis
1527 4802 1816 4861 Ecclesiae
1873 4775 2492 4900 gessfftmriirissgffisscffi
2531 4775 2659 4883 Οέῗῗ
2704 4777 2765 4900 p}
2794 4773 3156 4886 ztifaffgrfi

534 4894 915 4951 anfractibus.
968 4896 1198 4968 Agente
1234 4896 1369 4949 Ant.
1404 4892 1608 4950 Carasa
1640 4892 1811 4960 card..
1875 4920 1928 4954 n.
1959 4907 2076 4957 165.
3145 4902 3154 4910 ‘

534 1411 608 1468 lis
643 1416 702 1468 et
747 1411 1003 1486 negotiis
1055 1412 1393 1470 domesticis
1440 1429 1567 1468 esse
1599 1410 1808 1477 voluit,
