3475 5364
356 391 512 445 1577
789 373 998 445 Caspar
1026 374 1175 444 Lag„
1200 374 1499 443 Scoepper,
1527 374 1842 443 Royardus,
1869 374 2076 440 Picart,
2104 370 2525 441 Baworowsky.
2798 392 2962 450 1578

345 562 752 638 superioribus
765 561 1626 637 voluntatidivinaeacquievit.
1682 581 1796 621 nae
1828 563 2296 638 praecipuaeque
2328 562 2627 620 doctrinae
2676 580 2965 622 swmmam

346 652 418 711 ln
430 650 744 728 episcopali
777 655 942 710 statu
972 651 1157 711 vitam
1184 651 1354 710 duxit
1384 653 1628 712 sanctis-
1683 651 2065 711 concionibus
2110 651 2606 727 comprehensam,
2654 670 2805 726 quae
2835 652 2966 711 lau-

344 742 570 810 simam,
622 740 806 799 forma
835 740 1034 818 gregis
1079 740 1270 801 factus
1299 741 1628 801 virtutibus
1683 742 1862 800 datur
1893 742 1967 800 ab
2000 744 2271 799 accurata
2315 739 2564 800 docendi
2596 741 2873 801 methodo
2905 745 2968 800 et

344 830 500 901 suis3
545 831 609 889 in
655 830 860 907 primis
908 848 1049 890 vero
1081 828 1470 889 effusissimae
1502 835 1629 890 erat
1684 852 1719 889 a
1751 830 2053 889 luculenta
2084 830 2395 889 verborum
2438 833 2500 888 et
2531 831 2966 889 sententiarum

344 919 762 979 beneficentiae
824 919 889 978 in
936 938 1183 995 egenos:
1249 919 1388 978 hinc
1449 920 1624 979 etiam
1682 920 2125 996 perspicuitate,
2160 919 2435 978 Coloniae
2492 929 2646 981 1561
2701 920 2764 977 in
2813 929 2867 983 8.
2906 924 2967 980 et

341 1009 688 1084 priusquam
733 1013 1063 1067 moreretur
1107 1008 1305 1068 omnia
1337 1028 1444 1068 sua
1473 1010 1627 1068 bona
1686 1010 2036 1068 Goncionum
2065 1012 2108 1067 t.
2148 1018 2203 1078 2,
2225 1008 2566 1069 Tremoniae
2608 1018 2767 1072 1557
2807 1009 2869 1068 in
2894 1019 2967 1075 ὃς

345 1098 410 1157 in
455 1116 554 1157 eos
600 1097 943 1157 distribuit:
995 1097 1244 1174 ideoque
1294 1097 1489 1157 dictus
1539 1102 1628 1158 est
1681 1099 1860 1157 etiam
1911 1099 2263 1176 germanice,
2318 1097 2585 1159 Coloniae
2641 1107 2827 1161 1572.
2879 1133 2965 1142 ——

345 1186 964 1263 ,Eleemosynarius‘.
1010 1188 1219 1246 Sancto
1250 1187 1366 1247 fine
1396 1188 1628 1263 quievit
1680 1188 1945 1248 Joannes
1990 1186 2392 1265 Royardus
2440 1187 2503 1251 Ο.
2546 1188 2685 1246 Min.
2720 1188 2969 1248 Flander

347 1286 402 1340 8.
436 1276 593 1352 Sept.
636 1285 819 1346 1555,
855 1277 1104 1352 ejusque
1137 1277 1334 1336 funeri
1363 1277 1622 1336 interve·
1683 1277 1908 1337 ordinis
1954 1278 2017 1335 in
2058 1295 2241 1354 regno
2273 1276 2500 1335 Scotiae
2532 1277 2966 1337 commissarius

342 1366 502 1424 nisse
534 1364 738 1425 ferunt
781 1366 920 1441 plus
967 1385 1144 1440 quam
1193 1376 1361 1430 8500
1403 1386 1624 1443 paupe·
1680 1366 2005 1442 generalis,
2072 1366 2326 1442 insignis
2374 1366 2541 1425 verbi
2595 1366 2700 1426 Dei
2750 1385 2957 1441 praeco

340 1472 436 1514 1⁶08
463 1450 528 1535 1)-
590 1453 681 1513 Ab
732 1453 1066 1514 Alexandro
1113 1454 1239 1514 VII·
1285 1458 1621 1515 sanctorum
1682 1454 1742 1536 (†
1771 1453 1983 1535 1547),
2017 1455 2261 1531 reliquit
2290 1457 2554 1514 homilias
2588 1456 2651 1513 in
2683 1456 2964 1531 epistolas

340 1544 604 1620 catalogo
636 1544 900 1604 insertus
929 1547 1020 1602 est
1049 1555 1097 1606 1.
1119 1543 1171 1601 N
1177 1562 1264 1603 ov.
1295 1554 1478 1609 1658.
1512 1546 1623 1604 Re-
1679 1546 2061 1605 dominicales
2081 1548 2142 1604 et
2162 1544 2516 1603 festivitates
2535 1548 2873 1605 sanctorum
2906 1549 2968 1605 et

340 1634 522 1708 liquit
568 1652 853 1692 sermones
895 1633 1261 1711 gravissimis
1309 1634 1623 1693 sententiis
1680 1636 1744 1693 in
1775 1636 2083 1712 evangelia
2101 1634 2473 1695 dominicalia
2506 1630 2630 1716 (pp.
2663 1635 2967 1695 aestivalis

344 1722 592 1781 refertos
625 1723 687 1782 et
715 1725 1129 1782 commentaria
1160 1723 1223 1781 in
1242 1724 1468 1782 cantica
1487 1743 1624 1783 can-
1680 1729 1745 1783 et
1775 1720 2093 1804 hiemalis),
2128 1723 2397 1783 Coloniae
2439 1733 2602 1786 1573
2636 1727 2678 1781 t.
2715 1733 2753 1785 4
2786 1724 2851 1783 in
2893 1734 2966 1796 83

342 1811 616 1881 ticorum,
664 1814 702 1870 l.
734 1811 850 1872 Job
895 1815 956 1870 et
990 1812 1418 1889 Apocalypsin,
1470 1833 1624 1889 quae
1679 1813 1954 1873 homilias
1987 1816 2050 1872 in
2081 1810 2370 1890 evanyelia
2401 1819 2454 1871 et
2491 1814 2761 1887 epistolas
2789 1814 2964 1873 feria-

338 1901 591 1977 incepit,
642 1920 760 1960 non
811 1905 1009 1960 autem
1061 1901 1338 1978 perfecit:
1389 1921 1457 1961 ea
1503 1922 1623 1961 una
1679 1904 1765 1961 les
1800 1902 2285 1979 quadragesimae
2315 1921 2433 1961 una
2481 1919 2618 1961 cum
2667 1902 2966 1962 fusissime

339 2009 474 2049 cum
505 1991 886 2050 concionibus
930 1991 1282 2067 elegantiori
1323 1992 1622 2051 latinitate
1678 1992 1970 2067 passionis
2010 1992 2063 2049 J.
2101 1991 2320 2051 Christi
2368 1992 2693 2051 secundum
2733 1993 2962 2052 utrius-

339 2079 561 2140 donata
591 2082 652 2138 et
684 2080 809 2138 vita
839 2081 1168 2155 praemissa
1198 2099 1372 2156 opera
1405 2082 1496 2139 Pe
1514 2082 1620 2139 tri
1676 2101 1794 2157 que
1825 2081 1884 2139 Τ.
1920 2082 2257 2156 Scripturas
2305 2081 2680 2139 enarratione
2711 2080 2963 2157 aliisque

340 2168 413 2227 de
446 2169 694 2227 Uzeda
737 2169 1089 2245 prodierunt
1121 2169 1413 2245 Compluti
1455 2179 1611 2233 1581
1677 2171 1999 2246 opusculis,
2035 2170 2278 2229 Parisiis
2324 2180 2503 2234 1553.
2547 2180 2732 2233 1554.
2764 2175 2805 2227 t.
2842 2181 2876 2233 3
2900 2172 2965 2230 in

339 2258 490 2327 inf.;
525 2258 761 2317 Brixiae
786 2258 1121 2330 1603in43
1156 2258 1620 2329 Coloniael6l43
1681 2270 1752 2330 83
1797 2259 2078 2336 Lugduni
2137 2268 2297 2323 1573
2334 2262 2376 2318 t.
2415 2268 2447 2320 5
2491 2259 2554 2317 in
2588 2267 2644 2323 8.
2675 2292 2763 2303 —
2797 2260 2963 2318 Pari-

347 2357 546 2417 1616;
589 2356 785 2418 16613
819 2349 1036 2406 Romae
1076 2357 1269 2416 1659;
1314 2349 1621 2425 Augustae
1677 2350 1889 2408 aiensis
1951 2353 2081 2408 erat
2141 2348 2486 2408 Franciscus
2560 2350 2633 2407 de
2694 2349 2965 2408 Picart

340 2435 404 2494 V.
448 2445 609 2499 1757
648 2436 711 2495 in
743 2438 807 2508 f.;
842 2436 1065 2511 optime
1097 2436 1413 2496 Mediolani
1457 2447 1615 2500 1760
1677 2433 2193 2520 (1504—1556),
2227 2437 2601 2498 concionator
2621 2437 2829 2497 ardens
2860 2439 2960 2497 ad-

338 2529 384 2588 t.
423 2534 456 2587 2
493 2525 556 2584 in
587 2526 623 2582 f.
657 2543 796 2584 cura
828 2526 995 2584 Laur.
1030 2545 1065 2583 a
1095 2545 1136 2585 s.
1170 2526 1435 2586 Barbara
1466 2528 1529 2589 Ο.
1565 2529 1618 2586 S.
1675 2545 1883 2587 versus
1960 2530 2273 2587 novatores
2363 2530 2425 2585 et
2508 2528 2676 2603 pater
2734 2547 2961 2602 paupe-

340 2616 515 2692 Aug„
536 2614 638 2691 qui
661 2615 969 2692 praemisit
985 2615 1177 2676 sancti
1195 2616 1619 2694 biographiam.
1675 2637 1828 2677 rum.
1880 2616 2181 2688 Quantum
2233 2616 2404 2675 illum
2451 2617 2820 2693 suspexerint
2852 2618 2960 2675 Pa-

339 2705 571 2764 Kaulen
602 2705 689 2763 ed.
725 2705 837 2764 Ein
856 2705 1143 2765 Biichlein
1176 2725 1291 2765 von
1321 2706 1428 2765 der
1459 2710 1619 2784 gott-
1676 2707 1990 2777 risienseS,
2057 2707 2197 2766 inde
2248 2708 2454 2783 liquet,
2519 2706 2679 2782 quod
2757 2726 2959 2766 eorum

341 2793 533 2853 lichen
553 2794 728 2853 Liebe
759 2795 907 2854 nach
941 2795 1074 2854 dem
1098 2796 1149 2854 h.
1167 2796 1269 2854 Th.
1289 2815 1342 2854 v.
1358 2795 1427 2855 V.
1443 2796 1616 2855 iiber·
1680 2807 1913 2867 20,000
1951 2791 2227 2878 {defuncti
2272 2795 2454 2855 funus
2501 2795 2626 2854 sint
2679 2797 2960 2860 comitati.

338 2885 502 2952 setzt,
554 2883 839 2962 Freiburg
898 2894 1061 2948 1896
1110 2884 1197 2943 ed.
1248 2894 1304 2947 2.
1343 2919 1420 2929 —
1456 2886 1617 2945 Cas·
1675 2886 1820 2963 Ejus
1871 2886 2191 2946 conciones
2232 2889 2293 2944 et
2340 2885 2766 2945 instructiones
2827 2889 2962 2962 post

336 2985 376 3047 p
400 2972 559 3033 aris
605 2973 1118 3049 Legionensis
1170 2971 1269 3056 (de
1313 2969 1498 3057 Leon)
1554 2975 1618 3035 Ο.
1673 2977 1804 3053 ejus
1835 2975 2187 3052 prodierunt
2217 2979 2468 3034 mortem
2486 2975 2731 3034 Parisiis
2773 2984 2959 3038 1556.

335 3060 473 3119 Min.
508 3081 626 3137 reg.
660 3062 782 3122 obs.
814 3064 1082 3121 homiliae
1112 3081 1177 3122 ac
1192 3083 1480 3124 sermones
1510 3084 1618 3140 pro
1674 3101 1737 3109 -
1795 3065 2047 3125 Thomas
2093 3064 2627 3141 Baworowsky
2672 3064 2959 3124 archidia-

335 3149 587 3226 singulis
638 3151 950 3211 dominicis
1011 3155 1073 3210 et
1132 3153 1360 3212 festivis
1411 3153 1620 3212 diebus
1674 3172 1860 3214 conus
1892 3155 2461 3231 plesnensis.postea
2492 3153 2806 3212 canonicus
2836 3172 2958 3213 me-

333 3238 522 3297 totius
572 3239 715 3298 anni
758 3243 801 3298 t.
840 3250 875 3301 4
926 3241 986 3298 in
1020 3250 1076 3302 4.
1111 3241 1461 3316 prodierunt
1492 3243 1616 3300 Sal·
1673 3245 2070 3319 tropolitanae
2105 3244 2385 3302 ecclesiae
2416 3243 2722 3318 pragensis
2766 3246 2828 3300 et
2858 3243 2959 3301 de-

334 3327 623 3386 manticae
696 3338 858 3391 1554
929 3329 992 3387 in
1058 3339 1113 3392 4.
1194 3363 1278 3374 -
1360 3330 1617 3390 Jacobus
1674 3351 1870 3403 canuS,
1906 3333 2095 3391 edidit
2124 3332 2427 3391 bohemice
2445 3333 2733 3406 speculum
2766 3332 2961 3390 beatae

335 3416 372 3474 S
390 3434 520 3475 coe
538 3437 574 3492 p
596 3437 635 3492 p
656 3436 734 3476 er
828 3415 1177 3500 (Schopper)
1276 3420 1618 3479 Tremoniae
1673 3424 1819 3480 vitoe
1849 3424 1911 3481 et
1941 3421 2268 3497 praeclaras
2316 3421 2625 3479 conciones
2657 3421 2728 3479 de
2748 3422 2955 3493 poem·-

333 3501 724 3587 (Dortmund)
758 3510 954 3577 natus,
999 3527 1170 3583 quem
1207 3509 1332 3567 six
1353 3512 1480 3568 tus
1527 3528 1616 3568 se·
1671 3513 1866 3587 tentia,
1904 3511 2186 3569 Poczatek
2226 3519 2411 3579 1552,
2444 3509 2742 3584 vertitque
2774 3509 2955 3567 bohe-

335 3595 537 3653 nensis
584 3596 622 3652 l.
673 3606 727 3657 4.
778 3614 919 3655 suae
966 3596 1237 3656 biblioth.
1288 3598 1617 3674 theologiae
1673 3600 1822 3658 mice
1852 3599 2018 3658 Feri
2050 3599 2384 3675 postillam,
2440 3597 2732 3657 Olomucii
2776 3609 2954 3661 1557.
3058 3623 3063 3628 ·

335 3684 727 3757 professorem
760 3686 1066 3762 egregium
1085 3690 1147 3745 et
1164 3686 1617 3747 declamatorem

329 3772 647 3832 facundum
693 3775 917 3833 salutat
965 3780 1028 3834 et
1070 3777 1244 3851 cujus
1290 3776 1510 3852 scripta
1541 3777 1615 3835 ab
1766 3787 1908 3841 725.
1970 3778 2168 3837 Habes
2207 3779 2356 3852 jam,
2421 3776 2704 3835 benevole
2752 3777 2951 3846 lector,

332 3862 593 3940 eleganti
640 3864 915 3923 methodo
962 3864 1218 3940 stiloque
1266 3866 1613 3924 succinctis·
1670 3868 2099 3943 amplissimam
2143 3866 2555 3942 theologorum
2599 3866 2809 3925 seriem
2841 3886 2876 3924 a
2907 3883 2952 3925 s.

334 3951 480 4011 simo
497 3953 717 4022 laudat,
752 3957 955 4028 pastor
973 3959 1100 4012 erat
1120 3954 1481 4024 Tremoniae,
1514 3974 1614 4014 su·
1670 3957 1950 4015 Anselmo
1981 3956 2314 4033 theologiae
2357 3955 2732 4014 scholasticae
2764 3955 2953 4014 veluti

333 4059 553 4116 umque
600 4061 835 4119 gregem
887 4043 1027 4114 zelo,
1080 4044 1363 4119 example,
1416 4044 1611 4115 verbo,
1667 4049 1913 4122 parente
1946 4045 2018 4104 ad
2053 4045 2228 4103 finem
2250 4063 2439 4118 usque
2460 4044 2700 4104 concilii·
2723 4044 2952 4103 triden-

331 4147 441 4204 ope
474 4130 747 4189 catholici
779 4132 1167 4208 magistratus
1208 4133 1270 4190 in
1312 4132 1426 4191 fide
1457 4133 1611 4192 anti·
1666 4136 1784 4194 tini
1844 4135 2205 4209 perductam.
2284 4134 2636 4192 Laetissima
2697 4134 2954 4192 occurrit

327 4236 445 4292 qua
476 4219 772 4278 continuit
806 4216 866 4302 (†
902 4233 956 4282 4.
992 4222 1118 4280 Dez.
1163 4217 1372 4301 1556).
1437 4223 1611 4281 Prae·
1668 4223 1947 4299 periodus
1990 4223 2182 4283 medio
2229 4240 2339 4282 sec.
2374 4222 2546 4292 xm„
2593 4222 2656 4280 in
2701 4242 2820 4298 qua
2857 4241 2950 4281 re-

328 4311 423 4365 ter
452 4307 871 4367 catechismum
894 4309 1131 4369 brevem
1165 4314 1227 4368 et
1256 4310 1608 4371 catholicum
1667 4314 1842 4372 fulsit
1861 4313 2149 4390 quadriga
2179 4313 2354 4388 plane
2374 4310 2629 4370 illustris
2650 4312 2948 4370 Alexan-

326 4396 388 4453 in
407 4396 664 4473 gratiam
674 4398 1018 4473 juventutis
1047 4400 1451 4458 tremonianae
1471 4419 1609 4460 con·
1665 4403 1702 4461 d
1719 4423 1751 4463 e
1769 4423 1798 4460 r
1830 4403 1974 4473 Hal„
1991 4403 2120 4461 Alb
2144 4406 2317 4460 ertu
2336 4419 2361 4459 s
2396 4401 2489 4471 M„
2542 4421 2585 4459 s.
2620 4401 2665 4458 Τ
2686 4400 2723 4459 h
2741 4420 2775 4461 o
2793 4421 2902 4460 ma
2923 4419 2948 4459 s

327 4485 632 4544 cinnatum
665 4487 912 4562 reliquit
932 4487 1321 4547 Institutionis
1340 4491 1607 4548 christia·
1664 4492 1929 4568 Aquinas
1989 4492 2050 4550 et
2111 4510 2155 4550 s.
2208 4492 2780 4559 Bonaventura,
2846 4490 2950 4564 qui

333 4610 410 4616 —
429 4611 580 4616 ---·—†
603 4612 644 4616 ψ
1663 4582 2032 4657 theologiam
2066 4580 2479 4639 scholasticam
2498 4579 2571 4637 ad
2602 4597 2947 4654 supremum

403 4659 440 4727 ¹)
486 4655 624 4727 Ejuss
678 4656 856 4710 Vitam
901 4658 1202 4784 deflcfigflit
1243 4659 1493 4714 Jossnnes
1538 4661 1608 4713 de
1661 4671 1784 4729 fere
1846 4670 2144 4746 fastigium
2213 4669 2650 4745 perduxerunt:
2728 4667 2948 4743 quibus

322 4728 663 4782 Munatones
704 4730 765 4784 Ο.
793 4730 846 4783 S.
875 4731 1039 4798 Aug„
1810 4761 1822 4772 .
2349 4759 2362 4771 .
2684 4758 2695 4769 .
2748 4757 2759 4768 .
2832 4757 2843 4768 .

322 4799 596 4865 (donibus,
643 4798 944 4869 episcopus
994 4803 1419 4868 gembrieemiev
1484 4804 1607 4872 ejus
1663 4762 2043 4835 praeiverant
2116 4759 2234 4816 duo
2317 4758 2512 4816 sidera
2583 4758 2947 4815 lucidlssima

321 4870 538 4924 amicus
565 4876 611 4940 (τ
638 4875 722 4931 15,
758 4876 896 4940 Apr.
935 4876 1107 4932 1571),
1150 4872 1371 4929 prodiit,
1396 4875 1456 4928 in
1483 4878 1604 4930 Act,
1661 4850 1882 4926 Hugo
1932 4853 1994 4907 et
2044 4847 2476 4907 Richardus
2510 4867 2545 4907 a
2595 4866 2640 4908 S.
2694 4846 2942 4945 Victore.

321 4942 414 4997 SS.
443 4945 528 5000 18.
557 4941 714 5011 Sept.
747 4942 811 5008 V,
838 4947 1136 5002 825—828.
1207 5001 1210 5002 a
1662 4938 1884 4997 Exinde
1919 4957 2055 4997 vero
2088 4939 2215 5012 ejus
2238 4935 2516 5012 splendor
2549 4936 2810 4993 decrevlt
2841 4953 2943 5009 pe-

1112 4730 1270 4785 arolo
1300 4731 1366 4786 V.
1408 4751 1440 4784 a
1480 4750 1607 4786 eon·
