3475 5364
561 352 723 406 1347
818 337 1189 390 1521—1540.
1215 333 1523 402 Theologia
1548 350 1685 387 mor.
1713 336 1772 386 et
1795 336 1941 402 past.
1969 313 2191 399 Melius,
2219 335 2580 400 Rosemondt,
2611 334 2889 401 Giachari‚
3000 353 3171 407 1343

555 541 756 581 rerum
801 521 1259 597 expetendarum
1305 524 1365 578 et
1412 520 1826 597 fugiendarum
1884 521 2090 580 driano
2106 522 2482 593 Vqundati3
2514 521 2792 580 interfuit
2821 522 2998 580 etiam
3032 540 3172 580 cum

556 613 630 671 ab
682 612 946 670 Ortvvino
998 612 1197 669 Gratio
1245 610 1600 680 concinnati,
1652 629 1830 685 quam
1886 611 2119 669 Ruardo
2152 611 2382 686 Tapper
2414 615 2474 670 et
2503 612 2630 670 Nic.
2653 610 2884 686 Coppin
2903 611 2975 668 de
2997 612 3171 670 Mon·

554 700 789 760 curavit
818 699 1829 761 Edw.BrownLondini169oinf.
1886 700 2051 758 tibus
2102 700 2393 775 colloquio
2441 701 2513 759 de
2565 700 2978 759 controversiis
3026 700 3172 759 fidei

555 785 652 872 (cf.
687 810 867 866 supra
895 810 951 865 p.
994 799 1156 852 1174
1192 784 1286 870 a.).
1888 793 2094 848 contra
2123 788 2214 848 Jo.
2248 790 2570 848 Pistorium
2605 787 2666 869 (†
2705 800 2756 850 5.
2780 790 2911 848 Dec.
2954 785 3171 868 1526).

1892 877 2141 950 Scripsit
2215 879 2254 935 l.
2331 879 2730 954 peroptimum
2808 879 3173 953 inscriptum

650 978 794 1028 625.
826 967 865 1025 J
870 985 1088 1026 oannes
1121 967 1504 1043 Cagnazzo
1539 965 1601 1024 Ο.
1630 966 1830 1024 Praed.
1891 964 2311 1040 Confessionale
2342 968 2495 1027 clero
2525 971 2587 1026 et
2616 969 2799 1044 vulgo
2830 967 3172 1026 deserviens

555 1058 717 1134 ligur
747 1058 836 1115 bis
870 1057 1055 1114 studii
1087 1055 1469 1114 bononiensis
1511 1055 1832 1130 primarius
1889 1056 2138 1114 cuilibet
2199 1056 2519 1115 confessori
2581 1062 2644 1115 et
2692 1059 2852 1114 recte
2902 1057 3176 1115 confiteri

554 1164 784 1223 regensi,
819 1148 880 1203 et
916 1145 1238 1221 inquisitor
1281 1145 1575 1221 generalis
1626 1144 1828 1201 adver·
1891 1146 2113 1204 volenti
2144 1146 2457 1204 admodum
2494 1147 2643 1204 utile
2675 1149 2736 1203 et
2772 1146 3171 1204 necessarium

555 1254 659 1294 sus
740 1235 1094 1293 haereticam
1174 1234 1525 1309 pravitatem
1596 1233 1657 1290 in
1739 1252 1829 1290 ea·
1888 1235 1958 1291 de
1993 1234 2163 1293 modo
2195 1235 2309 1293 rite
2342 1234 2676 1305 confitendi,
2725 1240 2881 1293 recte
2927 1235 3174 1293 vivendi

553 1326 686 1383 dem
704 1324 962 1393 civitate,
985 1324 1179 1382 clarus
1194 1323 1506 1398 theologus
1522 1316 1585 1405 (†
1617 1318 1829 1403 1521),
1887 1329 1946 1379 et
1959 1323 3002 1398 salubriter-moriendi,Antverpiael
3021 1333 3053 1385 5
3073 1336 3090 1385 1
3110 1333 3172 1391 83

552 1414 794 1489 collegit
826 1414 1127 1470 Summam
1172 1431 1540 1470 summarum
1585 1412 1652 1468 de
1682 1414 1829 1469 casi-
1896 1422 2080 1480 1519;
2142 1422 2323 1477 1524:
2384 1424 2501 1474 155
2519 1425 2566 1474 4.
2622 1447 2701 1456 --
2751 1413 3172 1471 Michaelis

552 1504 659 1561 bus
689 1498 1060 1561 conscientiae
1077 1498 1140 1581 ι),
1193 1520 1345 1576 quae
1390 1501 1638 1558 Tabiena
1670 1502 1830 1577 vulyo
1885 1502 2396 1560 Assensionis
2459 1502 2709 1577 Hispani
2769 1501 2999 1576 prodiit
3062 1502 3171 1560 In-

553 1592 672 1651 fuit
715 1591 874 1649 dicta
917 1591 1083 1671 (quia
1124 1593 1329 1648 auctor
1369 1589 1599 1658 Tabiae,
1646 1589 1829 1665 vulgo
1884 1593 2121 1648 structio
2210 1598 2566 1661 curatorum,
2664 1591 3170 1667 Caesaraugustae

552 1681 794 1758 Taggia,
844 1680 907 1738 in
937 1680 1180 1755 Liguria
1223 1683 1315 1736 est
1360 1675 1584 1757 natus),
1633 1679 1827 1736 Bono·
1898 1689 2055 1740 1525
2107 1679 2169 1736 in
2206 1692 2260 1741 4.
2295 1712 2380 1723 ——
2412 1680 2659 1738 Antonii
2711 1680 3065 1738 Saxolini
3100 1679 3170 1738 Ο.

553 1770 684 1829 niae
725 1777 921 1837 1517;
981 1778 1178 1838 15203
1229 1767 1493 1825 Venetiis
1535 1775 1733 1836 1580;
1798 1786 1831 1824 a
1885 1769 2022 1825 Min.
2085 1769 2349 1844 episcopi
2426 1769 2745 1827 minerbini
2821 1770 2886 1827 in
2946 1769 3172 1844 Apulia

553 1858 949 1918 Leonardo
982 1878 1015 1914 a
1044 1858 1237 1932 Lege
1270 1857 1592 1914 Mantuano
1625 1874 1825 1932 recog·
1886 1851 2115 1937 (15253
2151 1855 2185 1923 †
2230 1853 2421 1939 1528)
2453 1857 2793 1916 Illuminata
2824 1860 3167 1916 conscientia

552 1948 682 2007 nita
712 1952 772 2006 et
802 1946 976 2005 novis
1011 1946 1220 2022 synodi
1251 1946 1611 2004 tridentinae
1642 1946 1826 2003 refor·
1884 1946 2106 2023 dialogi
2152 1949 2337 2005 forma
2377 1948 2707 2024 conscripta
2757 1946 2980 2022 prodiit
3031 1947 3167 2006 Flo-

553 2037 916 2095 mationibus
967 2036 1095 2111 ejus
1145 2035 1344 2092 studio
1391 2035 1702 2110 integrata,
1751 2034 1827 2091 ib.
1883 2036 2107 2094 rentiae
2179 2045 2340 2097 1512
2419 2037 2483 2093 111
2548 2048 2602 2097 4.
2672 2070 2749 2080 --
2819 2035 3166 2094 Vincentius

562 2136 744 2189 1602.
780 2160 863 2169 -—
894 2125 1192 2183 Antonius
1225 2124 1503 2182 Melius
1536 2124 1606 2181 de
1627 2123 1830 2181 Orema
1886 2119 2245 2182 Giachari
2283 2119 2658 2206 (Glacharus)
2692 2124 2763 2182 de
2783 2126 2950 2201 Lugo
2983 2124 3162 2183 ditio-

555 2217 619 2277 Ο.
641 2216 694 2278 S.
716 2216 866 2290 Aug.
900 2213 1105 2272 doctor
1135 2213 1461 2289 theologiae
1493 2212 1828 2288 parisiensis
1885 2213 1976 2271 nis
2025 2213 2392 2273 seirariensis
2444 2214 2508 2272 Ο.
2561 2215 2765 2272 Praed.
2830 2214 2910 2290 (fl.
2971 2211 3162 2293 1540)

553 2311 612 2363 et
658 2323 765 2379 per
813 2305 991 2363 breve
1024 2302 1063 2360 J
1069 2301 1173 2360 ulii
1205 2303 1280 2359 11.
1314 2301 1626 2376 utriusque
1668 2302 1827 2377 juris
1883 2302 2084 2377 plures
2115 2303 2494 2377 quaestiones
2515 2303 2586 2360 ad
2611 2321 2800 2361 mores
2831 2306 3164 2377 spectantes

552 2394 756 2452 doctor
799 2395 1048 2463 creatus,
1111 2395 1203 2449 ter
1264 2391 1554 2461 visitator,
1619 2393 1830 2468 quater
1884 2393 2178 2462 tractavit,
2228 2411 2455 2450 necnon
2487 2396 2548 2450 et
2579 2394 2646 2449 de
2678 2395 3000 2450 nece33itate
3031 2410 3164 2450 con-

552 2482 827 2542 definitor
888 2484 949 2539 et
1016 2490 1182 2543 1516
1233 2480 1487 2538 vicarius
1536 2480 1829 2555 generalis
1879 2481 2148 2552 fessionis
2190 2482 2400 2539 vocalis
2445 2481 2709 2540 omnium
2759 2484 3161 2556 peccatorum3

554 2570 616 2653 (†
657 2582 749 2633 12.
784 2574 943 2645 Sept.
983 2564 1197 2649 1526),
1249 2570 1422 2643 plura
1466 2569 1724 2643 reliquit,
1761 2572 1831 2625 ut
1883 2570 1951 2626 de
1981 2570 2154 2628 libero
2201 2571 2466 2645 arbitria,
2515 2570 2723 2647 gratia,
2777 2570 3163 2646 praescientia

552 2667 627 2720 tr.
660 2662 729 2719 de
761 2679 888 2719 vero
934 2678 1002 2717 ac
1045 2659 1290 2734 leyitimo
1330 2659 1604 2716 intellectu
1644 2658 1826 2733 privi-
1883 2662 1944 2716 et
1975 2658 2529 2734 praedestinatione,
2577 2677 2805 2719 necnon
2837 2661 2905 2718 de
2926 2676 3160 2738 purya-

552 2751 841 2826 legiorum
872 2749 1182 2824 praecipue
1232 2746 1731 2805 confessariorum
1764 2765 1829 2804 ac
1882 2751 2029 2805 torio
2049 2749 2453 2825 etsusfrayiis:
2486 2749 2626 2808 haec
2653 2749 2770 2807 tria
2789 2749 3162 2824 prodierunt,

551 2841 845 2915 potestate
876 2836 1219 2895 absolvendi
1258 2839 1320 2894 et
1350 2835 1732 2910 dispensandi
1764 2836 1826 2892 in
1882 2835 2335 2900 Venetiis1569
2368 2839 2433 2896 111
2452 2849 2520 2909 4;
2554 2856 2688 2896 cum
2706 2838 2858 2908 aliis,
2887 2839 2966 2900 ib.
2991 2847 3160 2902 1538

552 2928 785 2986 casibus
819 2926 1129 2986 reservatis
1171 2924 1531 2982 ordinariam
1565 2928 1826 2999 potesta·
1882 2926 1946 2982 in
1980 2934 2047 2995 83
2096 2927 2360 3001 Specchio
2401 2928 2465 2984 di
2495 2947 2630 2985 vera
2661 2930 2777 2985 vita
2809 2925 3161 3002 christiana,

551 3021 672 3075 tem
703 3016 968 3090 integrae
1003 3014 1279 3090 potestati
1311 3014 1672 3083 restituente,
1695 3013 1823 3071 Bri·
1882 3015 2203 3074 Mediolani
2262 3025 2425 3078 1534
2477 3016 2539 3075 in
2587 3028 2642 3077 4.
2689 3049 2776 3061 -
2819 3017 2859 3075 J
2876 3036 3114 3076 oanne
3137 3035 3164 3075 s

551 3106 680 3164 xiae
721 3112 882 3166 1525
920 3104 984 3161 in
1017 3113 1088 3173 43
1120 3103 1383 3161 Venetiis
1422 3113 1620 3173 1566;
1655 3104 1826 3161 Scala
1883 3104 1954 3161 de
1987 3105 2231 3163 Marte
2264 3105 2439 3174 OSB.,
2491 3105 2833 3180 Aquitanus
2876 3126 2932 3164 n.
2978 3115 3161 3174 1436,

551 3196 640 3253 del
687 3192 975 3251 Paradiso
1029 3210 1139 3251 con
1189 3192 1549 3267 espositione
1594 3191 1829 3250 mistica
1880 3192 2135 3251 vicarius
2168 3194 2461 3270 generalis
2494 3213 2599 3270 per
2618 3195 2955 3253 universam
2978 3195 3162 3270 Aqui·

550 3284 608 3342 di
642 3282 887 3342 historie
920 3282 1133 3351 divine,
1178 3281 1414 3339 Cremae
1456 3291 1613 3343 1611
1654 3282 1715 3340 111
1752 3293 1824 3350 4;
1880 3283 2120 3354 taniam,
2172 3285 2244 3341 ad
2276 3283 2663 3342 instauranda
2695 3288 2756 3341 et
2786 3284 3161 3342 reformanda

550 3375 863 3432 Cremonae
922 3381 1082 3434 1626
1137 3374 1245 3429 etc.
1297 3404 1382 3413 —
1434 3370 1825 3430 Godescalcus
1881 3373 2239 3431 monasteria
2287 3373 2466 3430 verbo
2517 3376 2578 3430 et
2626 3374 2894 3448 exemplo
2943 3373 3006 3431 in
3050 3372 3163 3431 hoc

550 3463 808 3522 Rosem
828 3461 1015 3520 ondt
1065 3455 1531 3542 (Rosemundus)
1562 3461 1823 3518 Braban-
1879 3480 2124 3520 munere
2175 3462 2497 3538 plurimum
2549 3462 2860 3520 laboravit.
2922 3462 3162 3521 Electus

546 3556 666 3622 tus,
699 3549 1165 3619 Lindhoviensi8‚
1212 3550 1416 3608 doctor
1458 3555 1517 3608 et
1564 3550 1823 3624 philoso-

546 3642 717 3717 phiae
749 3632 1045 3716 professor
1063 3639 1435 3708 lovaniensiS,
1471 3640 1565 3697 vir
1596 3639 1821 3706 melior,

546 3730 780 3790 Erasmi
816 3729 1045 3803 judicio
1095 3727 1297 3786 LXIX
1347 3747 1436 3803 ep.
1496 3739 1591 3797 13,
1643 3746 1822 3802 quam

546 3839 654 3893 pro
687 3819 920 3896 vulgari
954 3821 1112 3876 sorte
1132 3818 1561 3892 theologorum,
1585 3816 1638 3873 d.
1661 3816 1822 3873 Petri

545 3910 863 3968 canonicus
897 3902 980 3964 sss
1017 3906 1215 3964 literas
1261 3925 1474 3981 magna
1519 3905 1693 3963 laude
1725 3924 1823 3962 ex-

545 3998 825 4073 planavit.
860 3997 1093 4053 Primus
1124 3996 1218 4052 vel
1265 4014 1296 4053 e
1342 3996 1550 4069 primis
1584 3994 1821 4066 dicitur,

543 4088 648 4162 qui
680 4087 753 4144 ad
786 4087 1193 4144 controversas
1237 4083 1307 4141 de
1342 4084 1576 4141 casibus
1609 4101 1820 4157 quaes·

543 4176 735 4234 tiones
797 4192 827 4231 e
880 4173 931 4230 d.
982 4174 1201 4231 Thoma
1250 4172 1602 4229 hauriendas
1665 4173 1822 4230 viam

545 4264 792 4341 aperuit.
858 4263 1098 4320 Praeses
1147 4261 1265 4319 fuit
1314 4260 1546 4337 collegii
1598 4261 1669 4318 ab
1704 4262 1817 4318 Ha-

620 4546 658 4613 ¹)
686 4545 905 4596 Summa
945 4550 1282 4609 peccatorum
1330 4537 1548 4607 prodiit
1592 4538 1822 4592 Parisiis

542 4618 683 4671 1505
734 4611 1133 4665 Benedicti
1184 4609 1534 4680 Sangalli
1579 4610 1640 4664 O.
1684 4609 1820 4663 Min.

543 4686 617 4756 (fl.
669 4688 846 4755 1538),
900 4699 1045 4751 quae
1097 4684 1243 4737 forte
1295 4681 1489 4737 eadem
1554 4685 1639 4735 est
1689 4698 1818 4734 cum

541 4774 764 4812 summa
788 4759 851 4810 de
869 4760 1100 4825 pecca-tis
1142 4753 1345 4824 gallice
1372 4753 1647 4822 impressa.
1674 4753 1820 4823 Lug-

1880 3553 1973 3608 est
2004 3570 2050 3607 a.
2093 3560 2256 3612 1496
2306 3552 2370 3609 in
2410 3551 2748 3625 episcopum
2783 3551 3158 3610 condomien·

1881 3658 2002 3698 sem
2057 3634 2120 3721 (†
2178 3636 2388 3721 1521).
2460 3639 2726 3715 Reliquit
2778 3641 3159 3699 Euchiridion

1879 3729 2245 3804 sacerdotale,
2278 3728 2520 3787 Parisiis
2544 3741 2564 3790 1
2588 3739 2730 3796 519,
2766 3729 2923 3805 quod
2957 3730 3160 3788 estin-

1879 3821 2006 3875 star
2054 3818 2394 3876 catechismi
2411 3814 2471 3896 ¹).
2519 3850 2604 3860 —
2653 3818 2967 3877 Geminum
3007 3837 3158 3893 opus

1878 3912 1968 3964 est
2000 3907 2273 3964 Manuale
2305 3909 2367 3964 in
2399 3908 2762 3983 Decaloqum,
2800 3907 3156 3983 symbolum.

1878 3996 2208 4054 orationem
2255 3996 2624 4065 dominicam,
2678 3997 2950 4055 Coloniae
2991 4004 3150 4058 1537

1878 4084 2083 4160 lingua
2127 4083 2319 4160 patria
2364 4085 2590 4143 editum
2635 4107 2666 4141 a
2700 4086 3156 4144 Christiano

1879 4192 1993 4231 van
2026 4175 2313 4231 Honeff
2339 4174 2401 4232 Ο.
2431 4176 2567 4232 Min.
2597 4175 2770 4232 Conv.
2789 4175 3154 4233 ——Joannes

1878 4263 2119 4321 Lasko
2168 4264 2424 4321 Polonus
2475 4263 2775 4321 nobilibus
2807 4263 3154 4338 parentibus

1877 4355 2057 4410 natus
2089 4356 2178 4410 est
2213 4372 2261 4411 a.
2304 4361 2488 4415 1466.
2521 4352 2708 4428 Regni
2743 4353 2999 4427 polonici
3030 4359 3158 4411 erat

1953 4545 1992 4609 ¹)
2021 4539 2102 4594 Cf.
2131 4539 2497 4608 Ziegelbauer
2522 4540 2653 4593 hist.
2679 4540 2759 4593 rei
2788 4540 2874 4595 lit.
2894 4539 3043 4595 OSB.
3062 4540 3154 4598 ΙΙΙ,

1877 4626 1922 4664 8.
1949 4615 1983 4667 3
2009 4620 2035 4676 ἓ
2061 4615 2144 4675 32,
2176 4643 2240 4652 —
2272 4611 2494 4664 Arcturi
2522 4611 2755 4666 k'illonii
2798 4612 3045 4666 doctoris
3061 4629 3156 4682 pa-

1877 4682 2128 4735 risiensis
2156 4686 2213 4736 et
2238 4683 2490 4752 episcopi
2534 4683 2977 4750 sylvanectensis
3004 4682 3156 4754 (Sen-

1877 4753 1964 4818 lis,
1982 4764 2008 4815 †
2027 4759 2183 4811 1526)
2210 4757 2486 4822 Speculum
2503 4766 2832 4824 curatorum,
2851 4754 3156 4825 Rotomagi

541 4830 684 4883 duni
732 4831 871 4884 1584
912 4830 968 4880 et
1008 4825 1239 4880 Parisiis
1282 4829 1419 4882 1595
1465 4823 1821 4879 tributaBe-
1877 4842 1919 4877 s.
1969 4842 2049 4883 a.;
2118 4824 2349 4879 Parisiis
2413 4831 2550 4882 1526
2615 4827 2720 4879 sub
2781 4826 3155 4895 inscriptione

542 4899 848 4954 nedicto
878 4899 946 4953 N.
973 4898 1124 4968 gallo
1155 4897 1217 4952 Ο.
1246 4897 1379 4951 Min.

1875 4899 2083 4950 Statuta
2107 4901 2385 4965 synodalia
2403 4898 2676 4951 dioecesis
2689 4896 3155 4964 sylvanectensis.
