3475 5364
400 355 521 408 555
633 341 1005 393 1351—1375.
1034 337 1443 408 Hagiographi.
1472 337 1525 390 8.
1554 336 1946 402 ColumbinuS,
1978 338 2290 405 Bozolasto,
2315 339 2656 394 Bertholdus
2678 345 2779 398 etc.
2892 360 3015 412 656

396 518 646 604 (Nardo)
678 521 799 582 sive
831 523 1071 583 brevem
1102 524 1413 583 historiam
1445 544 1677 585 monas·
1733 526 1796 584 in
1829 527 1999 584 Anal.
2031 525 2170 585 boll.
2205 526 2283 584 IV
2315 526 2556 606 (1885),
2596 537 2900 590 323-333.
2935 563 3015 570 —

394 612 532 670 terii
562 612 806 692 neritini
836 613 910 671 ab
941 634 990 672 a.
1030 623 1484 684 1090-1368,
1518 614 1677 690 quod
1733 615 2050 674 Thomas
2100 614 2171 674 de
2222 617 2642 676 Bozolasto
2695 618 2757 676 Ο.
2812 617 3016 676 Praed.

394 701 548 760 alius
594 702 965 761 continuavit
1013 703 1087 761 ad
1140 722 1189 761 a.
1229 712 1415 773 1412,
1459 704 1674 774 italice,
1733 704 1987 763 Insuber
2030 705 2269 781 scripsit
2287 702 2330 785 ¹)
2381 707 2556 764 vitam
2606 707 2654 765 b.
2708 706 3018 782 Sibyllinae

396 792 457 848 et
489 791 772 850 Muratori
801 791 1055 850 inseruit
1086 791 1181 851 88.
1228 811 1339 852 rer.
1374 793 1437 850 it.
1472 793 1674 864 XXIV,
1734 793 2040 870 Pupiensis
2069 795 2285 853 sororis
2318 793 2390 853 de
2422 795 2800 855 Poenitentia
2830 814 2874 855 s.
2905 797 3016 855 Do·

399 880 1263 943 889-91n.Pro‘diitsubtitulo
1278 878 1679 941 Cronacadeli
1733 883 1935 941 minici
1974 880 2053 963 ⁷(†
2110 894 2200 946 19.
2252 884 2422 942 Mart.
2484 880 2697 967 1367),
2750 886 2845 944 cui
2892 885 3017 961 ipse

394 968 586 1026 abbati
627 969 691 1026 di
733 988 778 1027 s.
821 970 963 1032 Ben.
1008 970 1113 1029 che
1158 970 1578 1047 gubernavano
1623 969 1679 1030 la
1732 977 1860 1031 erat
1891 993 1925 1031 a
1956 972 2438 1033 confessionibus.
2502 974 2585 1032 Ea
2634 977 2869 1050 recepta
2898 974 3018 1035 fuit

394 1057 635 1117 ecclesia
666 1059 737 1117 de
769 1077 811 1116 s.
846 1058 1030 1117 Maria
1071 1059 1142 1118 de
1175 1060 1399 1130 Nerito,
1450 1061 1515 1119 in
1547 1063 1676 1121 Col·
1731 1062 1888 1121 inter
1933 1063 2083 1121 Acta
2112 1062 2204 1121 88.
2239 1063 2310 1120 ad
2353 1073 2445 1125 10.
2481 1063 2652 1122 Mart.
2685 1063 2790 1133 ΙΙΙ,
2842 1073 2922 1127 68
2957 1067 3017 1122 et

392 1147 534 1206 lana
581 1146 640 1204 di
694 1166 869 1224 opere
920 1149 1100 1208 scelte
1134 1196 1148 1210 .
1180 1194 1191 1205 .
1227 1194 1239 1206 .
1291 1149 1352 1207 di
1403 1150 1676 1210 Scrittori
1734 1171 1769 1210 a
1820 1153 1992 1210 Razzi
2043 1151 2201 1210 inter
2251 1151 2404 1210 vitas
2457 1152 2551 1211 88.
2603 1154 2725 1212 ord.
2758 1173 2807 1211 a.
2850 1164 3009 1216 1605

392 1236 682 1295 Salentini
706 1236 926 1295 diretta
953 1237 1028 1296 da
1049 1237 1202 1296 Salv.
1227 1238 1476 1308 Grande,
1498 1240 1675 1299 Lecce
1734 1240 1822 1298 ed.
1860 1251 1928 1310 33
1974 1241 2173 1300 italice
2219 1241 2449 1300 reddita
2500 1261 2535 1299 a
2577 1243 2721 1300 Don.
2753 1243 2912 1319 Lago
2944 1243 3015 1300 de

401 1333 560 1388 1867
617 1327 658 1383 t.
721 1337 770 1387 1.
819 1359 907 1369 --
959 1326 1278 1386 Chronicon
1337 1329 1676 1387 monasterii
1735 1330 2089 1390 Florentiola
2142 1340 2324 1393 1599.
2376 1363 2458 1373 -
2504 1331 2724 1391 Thom
2744 1349 2819 1391 as
2862 1331 2936 1389 de
2967 1350 3013 1390 s.

393 1414 597 1472 Kastel
625 1415 691 1473 in
721 1415 1057 1491 palatinatu
1099 1416 1402 1492 superiore
1435 1418 1676 1494 scripsit
1731 1420 1923 1477 Gerv
1945 1419 2104 1478 asio
2140 1419 2353 1478 nobilis
2383 1420 2695 1481 brixiensis
2726 1421 2790 1479 Ο.
2812 1420 3013 1479 Praed.

391 1503 780 1563 Hermann
824 1505 952 1581 ejus
983 1504 1181 1576 abbas,
1217 1500 1672 1589 (1323·1356),
1734 1505 1833 1589 (de
1895 1510 2065 1584 cujus
2127 1513 2327 1567 tamen
2391 1512 2583 1568 aetate
2658 1513 2720 1568 et
2777 1510 3014 1569 nomine

391 1593 550 1667 quod
582 1593 761 1652 habes
794 1594 952 1668 apud
972 1595 1179 1653 Moritz
1199 1594 1542 1655 Geschiohte
1571 1596 1676 1655 der
1730 1597 1959 1657 Echard
2004 1596 2079 1666 ΙΙ,
2134 1606 2257 1661 377
2312 1591 2493 1656 dubia
2541 1597 2764 1679 movet)
2827 1600 3014 1674 scrip-

391 1681 608 1740 Grafen
640 1701 757 1742 von
788 1683 1073 1744 Sulzbach
1103 1685 1179 1753 11,
1223 1694 1586 1748 103—116.
1730 1687 1876 1746 sisse
1925 1686 2147 1745 dicitur
2196 1704 2241 1744 c.
2295 1706 2344 1744 a.
2402 1696 2586 1749 1365.
2634 1693 2760 1746 ncta
2804 1687 2899 1746 88.
2949 1689 3012 1747 Ο.

1733 1775 1954 1844 Praed„
1990 1775 2177 1834 vitam
2211 1793 2284 1833 ss.
2321 1776 2626 1844 Dominici,
2661 1777 2822 1835 Petri
2848 1778 2920 1835 M.
2954 1781 3014 1836 et

483 1870 626 1923 334.
679 1861 733 1919 8.
785 1861 1045 1922 Joannes
1097 1861 1672 1945 Columbinus1)
1730 1865 1982 1924 Thomas
2043 1866 2151 1939 Aq.
2216 1862 2504 1945 (inedita).
2582 1899 2669 1909 —-
2732 1866 3012 1924 Petrus

390 1949 673 2010 fundator
705 1950 932 2009 ordinis
948 1951 1332 2011 Jesuatorum
1350 1949 1670 2034 (†31.Jul.
1728 1954 1953 2014 Olavi
2002 1949 2326 2033 (Olafsson)
2365 1953 2429 2012 Ο.
2481 1954 2616 2013 Cist.
2668 1956 3011 2013 Alvastren-

399 2033 591 2121 1367)
633 2039 875 2114 adjutus
908 2060 943 2099 a
973 2040 1215 2101 Nicolao
1250 2041 1558 2101 Vincentio
1580 2060 1669 2101 so·
1727 2043 1809 2102 sis
1844 2041 2085 2122 prior2),
2121 2061 2165 2101 s.
2194 2043 2488 2119 Birgittae
2521 2063 2571 2102 a.
2608 2053 2686 2107 35
2723 2064 2758 2103 a
2788 2044 3010 2102 confes-

389 2128 476 2187 cio
508 2147 616 2188 suo
647 2131 823 2188 vitam
868 2130 917 2192 b.
953 2130 1112 2188 Petri
1152 2130 1388 2190 Petroni
1422 2131 1670 2190 Carthu·
1732 2132 2000 2191 sionibus
2033 2132 2279 2211 (1378),
2333 2133 2568 2208 scripsit
2615 2150 2748 2191 oum
2781 2133 3011 2192 Petro

388 2217 538 2276 siani
585 2220 847 2278 senensis
892 2215 953 2300 (†
992 2215 1190 2302 1361)
1242 2226 1304 2278 et
1351 2239 1445 2278 res
1483 2220 1558 2278 ab
1605 2240 1672 2280 eo
1729 2221 2258 2292 vadstenensi,
2292 2222 2397 2297 qui
2415 2222 2646 2297 primus
2665 2222 2828 2280 illius
2844 2241 3008 2281 sanc·

345 2305 348 2308 ’
387 2307 680 2381 praeclare
700 2311 894 2384 gestas
911 2308 1109 2367 italice
1128 2310 1378 2385 scripsit.
1403 2310 1673 2369 Fuerunt
1728 2314 1823 2369 tae
1855 2315 2165 2386 exceperat
2178 2311 2589 2381 confessioneS,
2624 2311 2814 2387 ipsius
2835 2313 3011 2371 vitam

387 2395 449 2454 hi
482 2396 657 2455 ambo
686 2397 900 2457 intima
932 2397 1190 2457 amicitia
1241 2417 1376 2457 cum
1406 2399 1462 2457 b.
1496 2400 1671 2458 Petro
1729 2401 1888 2476 apud
1922 2400 2112 2458 Fant
2156 2402 2271 2459 Ser.
2319 2420 2429 2458 rer.
2476 2419 2635 2459 suev.
2693 2410 2875 2463 1871.
2907 2400 3010 2458 ΙΙΙ.

388 2487 692 2562 conjuncti
723 2490 784 2545 et
814 2487 1036 2563 optime
1068 2487 1266 2545 omnia
1295 2488 1668 2563 perscrutati.
1727 2493 1867 2548 sect.
1906 2498 1959 2550 2.
2006 2498 2120 2553 188
2154 2529 2191 2535 -
2219 2498 2362 2551 206.
2410 2523 2498 2534 --
2532 2489 2765 2547 Berth
2786 2489 3010 2548 oldus

388 2574 636 2650 Utrique
667 2594 833 2634 suam
869 2595 1107 2652 operam
1144 2577 1399 2636 contulit
1432 2577 1668 2636 Joachi·
1728 2578 2253 2637 bombacensis
2288 2578 2578 2652 parochus
2611 2578 2779 2636 testis
2812 2579 3010 2637 ocula-

391 2682 521 2723 mus
553 2664 812 2740 quidam,
846 2665 1017 2725 cuib.
1039 2666 1253 2725 Petrus
1265 2667 1446 2741 jussu
1466 2665 1669 2726 divino
1726 2670 1828 2726 tus
1871 2666 2111 2742 scripsit
2158 2667 2479 2743 pretiosam
2528 2667 2716 2726 Leben
2765 2668 2871 2726 der
2916 2669 3011 2730 sel.

388 2753 596 2813 diebus
642 2759 777 2813 ante
828 2755 1058 2814 obitum
1107 2773 1280 2813 suum
1332 2755 1668 2831 quindecim
1736 2754 2010 2834 Liutyart
2074 2755 2345 2814 Stisterin
2396 2775 2513 2816 von
2560 2756 2885 2815 Wittichen
2945 2757 3009 2816 Ο.

387 2862 627 2903 arcanas
661 2844 879 2902 multas
912 2862 1048 2902 suas
1099 2847 1359 2904 exstases
1406 2864 1474 2903 ac
1502 2864 1668 2903 reve·
1726 2864 1772 2902 e.
1807 2846 2007 2904 Clarae
2039 2840 2556 2927 (1291-1348),
2604 2865 2782 2922 quam
2824 2846 3014 2905 edidit

388 2933 637 2992 lationes
699 2933 947 3008 aperuit.
1012 2933 1177 2991 Hanc
1240 2934 1424 2992 vitam
1486 2934 1670 2992 latine
1733 2935 1906 2994 Mone
1964 2934 2027 2992 in
2077 2933 2668 3011 Quellensammlung
2728 2935 2834 2993 der
2882 2936 3010 2994 bad.

387 3039 457 3079 ex
487 3022 689 3080 italico
722 3022 1033 3080 transtulit
1063 3040 1130 3081 ac
1162 3023 1390 3097 copioso
1412 3023 1547 3082 stilo
1567 3042 1665 3081 ex·
1727 3022 2292 3100 Laudesgeschichte
2368 3024 2474 3093 III,
2541 3034 2666 3087 442
2686 3059 2745 3069 -
2766 3034 2864 3088 66.
2924 3058 3012 3070 ·-

387 3110 621 3169 ornavit
665 3110 1158 3170 Bartholomaeus
1206 3111 1483 3170 Senensis
1532 3113 1669 3171 Car·
1724 3112 1976 3172 Joannis
2081 3107 2445 3195 (Graunton)
2542 3113 3015 3173 Grandisoni

385 3199 622 3258 thusiae
653 3200 999 3260 florentinae
1031 3200 1365 3271 monachus,
1399 3201 1585 3276 ipsam
1607 3201 1669 3259 in
1726 3201 1988 3277 episcopi
2039 3201 2444 3261 excestriensis
2493 3203 2618 3261 sive
2683 3203 3011 3263 exoniensis

385 3292 509 3347 tres
539 3288 598 3346 11.
633 3287 923 3357 distinxit,
959 3291 1020 3347 et
1049 3290 1110 3347 ll.
1132 3290 1195 3347 in
1216 3290 1424 3366 capita,
1448 3290 1668 3366 quibus
1729 3285 1964 3369 (13273
1998 3289 2032 3357 †
2072 3299 2168 3353 15.
2201 3289 2324 3349 Jul.
2369 3288 2560 3372 1369)
2603 3292 2871 3369 Leyenda
2905 3290 3013 3356 88.

387 3382 448 3436 et
476 3377 686 3436 titulos
735 3378 1026 3454 praefixit,
1075 3381 1251 3437 notas
1303 3397 1543 3454 quoque
1594 3379 1669 3438 ad
1725 3379 2040 3456 according
2084 3381 2148 3439 to
2178 3380 2282 3438 the
2321 3398 2429 3438 use
2461 3380 2526 3451 of
2550 3380 2765 3439 Exeter
2791 3381 3013 3456 prodiit

387 3468 602 3526 calcem
636 3468 923 3544 apposuit.
958 3469 1102 3527 Eam
1136 3469 1221 3527 sic
1251 3468 1667 3545 interpolatam
1727 3487 1868 3528 cura
1899 3470 1973 3527 M.
2008 3469 2287 3544 Reynold,
2322 3469 2565 3529 London
2606 3480 2790 3533 1881.

388 3555 536 3632 (non
567 3557 933 3634 originalem,
969 3576 1120 3634 quae
1153 3557 1397 3633 reperiri
1425 3577 1544 3616 non
1565 3576 1668 3634 po-

386 3641 532 3728 tuit)
577 3645 856 3705 exhibent
904 3648 1031 3705 Act.
1084 3646 1179 3705 88.
1237 3655 1334 3707 29.
1370 3648 1502 3722 Maj.
1540 3647 1666 3717 Vll,
1820 3656 1963 3710 335.
1998 3647 2096 3705 Ad
2136 3646 2444 3706 historiam
2484 3649 2811 3706 literarium
2861 3648 3012 3706 refer

395 3744 757 3805 184—-22s,
810 3735 1046 3795 omissis
1096 3736 1446 3810 plerumque
1493 3736 1667 3795 notis.
1725 3734 2193 3794 Guilelmum
2242 3734 2313 3793 de
2354 3737 2781 3813 Pastrengo
2815 3731 3011 3819 (Past-

390 3857 470 3867 —
519 3824 864 3883 wilhelmus
926 3824 1319 3884 Jordanus
1381 3844 1502 3884 can.
1547 3845 1668 3903 reg.
1724 3820 1983 3907 regicus)
2015 3825 2425 3895 Veronensem,
2471 3825 2578 3901 qui
2609 3825 2726 3884 suit
2756 3826 3012 3884 causidi-

388 3913 601 3971 Viridis
633 3914 805 3973 vallis
838 3910 899 3995 (†
929 3909 1138 3993 1372),
1173 3914 1275 3989 qui
1295 3914 1578 3990 opuscula
1598 3915 1670 3973 de
1726 3931 1833 3972 cus
1896 3917 2078 3989 atque
2141 3914 2279 3973 inde
2321 3914 2506 3990 judex
2556 3917 2618 3974 et
2668 3917 3015 3989 procurator

384 4003 785 4073 tabernacuIO,
820 4003 892 4061 de
925 4003 1151 4079 nuptiis
1194 4010 1254 4061 et
1284 4002 1357 4061 de
1389 4003 1669 4081 gradibus
1725 4002 2007 4071 Veronae,
2020 4007 2365 4079 praeceptor
2385 4008 2446 4062 et
2466 4003 2691 4062 amicus
2703 4004 3013 4063 Petrarcae

384 4092 448 4149 in
492 4092 748 4150 latinum
813 4093 885 4150 de
951 4093 1253 4152 teutonico
1333 4094 1667 4163 transtulit,
1729 4088 2034 4174 (fl.1351).
2052 4093 3013 4170 Collegitl.devirisillustribus,de

385 4181 569 4239 vitam
620 4181 946 4240 virtutibus
1006 4182 1243 4258 plenam
1288 4181 1535 4262 «Ioannis
1598 4182 1670 4242 de

386 4271 634 4346 Speculo
698 4271 840 4329 alias
901 4271 972 4330 de
1023 4272 1350 4349 eureghem
1400 4272 1667 4347 ejusdem
1805 4266 1842 4345 ¹)
1870 4261 2141 4318 Nicolaus
2180 4261 2447 4316 Picard
2465 4280 2545 4316 us
2579 4263 2648 4317 de
2693 4263 3012 4330 Larisvilla,

384 4358 649 4418 coenobii
695 4360 922 4419 diaconi
970 4355 1034 4443 (†
1083 4357 1275 4443 1353)
1331 4361 1395 4419 in
1426 4359 1671 4419 flamm
1728 4353 1831 4459 {lui
1858 4334 2068 4422 multos
2095 4350 2379 4422 sermones
2422 4333 2709 4407 (ineditos)
2738 4335 3012 4435 ⁰,.⁰¹.¹.didil⁵'

1756 4425 1851 4460 um
1879 4416 2039 4461 vutam
2069 4408 2191 4459 tum
2236 4409 2497 4461 maraculo
2535 4425 2578 4460 s.
2620 4411 2749 4461 Rem
2768 4426 2847 4475 qu
2871 4406 3013 4478 poh-

385 4466 562 4525 3⁸ss1⁷⁶r
592 4449 781 4510 ⁰b²⁸²¹⁴⁸
795 4446 1012 4523 fratrss
1029 4452 1249 4517 narrat*
1287 4469 1464 4525 quem
1486 4451 1670 4509 habes
1730 4478 1874 4532 tiore
1900 4478 2036 4532 stilo
2064 4477 2321 4542 donavit,
2351 4477 2509 4531 haud
2534 4477 2883 4533 infacundus
2908 4495 3013 4535 sec.

389 4576 464 4581 »ψ
487 4576 542 4579 2-
631 4575 690 4580 -ff
1727 4549 1877 4603 X1V.
1904 4549 2012 4603 scri
2055 4552 2161 4603 tor.
2207 4553 2477 4604 M'racula
2503 4549 2688 4620 legere
2716 4550 2928 4619 poteris
2951 4550 3014 4604 in

465 4628 500 4689 ¹)
531 4620 724 4674 Vitam
775 4620 950 4689 hujus
999 4620 1181 4674 sancti
1232 4624 1429 4674 narrat
1469 4620 1558 4675 Jo.
1608 4620 1671 4675 B.
1729 4621 1897 4675 Anal.
1925 4569 2060 4678 boll).
2088 4620 2163 4673 lv
2192 4623 2389 4693 (1885),
2417 4625 2719 4678 337—343.

387 4692 598 4746 Rossi
639 4691 700 4745 in
750 4695 1044 4761 Triumpho
1081 4696 1292 4746 divinae
1333 4697 1546 4760 qratiae
1572 4709 1673 4763 per
1809 4699 1846 4758 ⁹)
1893 4691 2031 4761 Ejus
2082 4698 2243 4747 vitam
2293 4703 2339 4747 et
2388 4697 2653 4748 miracula
2716 4691 3016 4762 descripsit

386 4766 436 4819 b.
464 4763 550 4818 J0.
581 4763 1006 4827 Columbinum,
1051 4762 1262 4818 Romae
1307 4768 1465 4829 1648,
1509 4764 1673 4818 cu'us
1729 4762 2005 4817 Matthias
2045 4762 2368 4819 Larsson
2406 4765 2717 4818 monachus
2761 4766 2809 4835 (†
2835 4766 3013 4834 1486).

385 4839 647 4906 excerpta
692 4834 962 4890 exhibent
988 4836 1127 4888 Acta
1167 4834 1258 4889 SS.
1288 4839 1376 4892 31.
1404 4834 1519 4892 Jul.
1605 4835 1673 4902 Π,
1731 4835 2140 4903 Fragmentum
2215 4835 2400 4890 edidit
2474 4835 2605 4897 ΜΘ.
2676 4834 3012 4900 Grandison,

386 4912 687 4965 354—398.
1731 4905 2028 4961 Karlstadt
2053 4911 2209 4963 1888.
