3475 5364
499 340 522 390 1
547 338 664 391 107
735 325 1106 377 1501—1520.
1133 319 1445 391 Theologia.
1470 322 1642 376 schol.
1669 320 1728 375 in
1760 321 1877 377 ord.
1908 320 2101 377 Praed.
2130 325 2188 375 et
2207 323 2450 390 August.
2472 320 2742 376 Crockart
2760 323 2868 376 etc.
2940 339 3006 390 11
3024 336 3115 391 08

494 507 557 565 Ο.
621 507 815 568 Conv..
878 506 1063 563 Ticini
1111 507 1387 582 publicus
1435 508 1768 583 theologiae
1824 508 2076 567 Thomae
2106 526 2395 566 summam
2422 503 2487 586 (†
2522 504 3115 587 1512)—-Matt,hia

492 596 805 671 professor,
869 595 1126 653 vicarius
1193 596 1482 672 generalis
1542 596 1768 655 ordinis
1828 618 1863 657 a
1892 598 2078 657 Pace
2113 594 2209 675 (de
2233 591 2368 676 Paz)
2391 596 2671 671 HispanO,
2699 595 2932 653 Pinciae
2953 595 3114 671 pub-

493 680 725 767 (1511;
788 681 822 749 †
881 681 1091 765 1513),
1154 686 1324 761 cujus
1384 685 1620 760 quidem
1671 705 1768 760 qq.

493 773 923 850 quodlibetales
968 774 1032 831 in
1064 773 1158 832 via
1190 774 1346 832 Scoti
1378 793 1499 833 non
1529 775 1766 851 prodie-

491 865 651 920 runt.
723 864 994 935 Quaestio
1044 863 1114 921 de
1148 864 1552 939 cujuscunque
1583 866 1770 923 scien·

492 953 624 1023 tiae,
676 955 736 1010 et
787 951 1133 1027 praesertim
1186 953 1476 1011 naturalis
1507 954 1769 1029 philoso-

491 1040 666 1116 phiae
696 1040 960 1116 subjecto
983 1040 1205 1115 prodiit
1224 1060 1358 1099 cum
1378 1042 1766 1113 diversorum,

1825 688 1938 747 lico
1999 687 2334 763 professore
2394 704 2460 744 ac
2509 685 2797 761 magistro
2841 686 3111 760 regente,

1827 776 2214 835 Salmanticae
2257 794 2396 833 vero
2442 793 2485 832 s.
2521 774 2864 850 Scripturae
2916 774 3107 832 inter·

1826 869 2010 941 prete,
2045 866 2137 924 cui
2158 865 2469 939 cajetanus
2503 862 2931 938 opusculorum
2965 879 3103 920 suo-

1825 974 1957 1012 rum
1974 953 2497 1029 aliquainscripsit
2514 948 2573 1031 (†
2589 962 2622 1013 :3
2634 965 2686 1015 0.
2706 952 2866 1028 Sept.
2892 963 2914 1012 1
2932 960 2965 1013 5
2979 962 3004 1013 1
3023 948 3111 1027 7),

1825 1046 1883 1101 et
1917 1045 2087 1119 cujus
2121 1042 2468 1101 relectiones
2515 1041 2641 1100 sive
2685 1039 3105 1116 repartitiones

491 1130 836 1205 praesertim
902 1130 1288 1188 Scotistarum
1349 1134 1441 1201 tr„
1507 1132 1769 1191 Venetiis
1825 1133 1889 1190 in
1920 1136 2105 1191 totam
2142 1152 2185 1190 s.
2209 1132 2571 1206 Scripturam
2605 1134 2666 1189 et
2685 1129 3107 1188 commentaria

501 1228 682 1282 1517.
716 1218 1016 1277 Summam
1049 1222 1383 1278 astesanam
1419 1218 1512 1301 (cf.
1532 1241 1588 1296 p.
1615 1216 1771 1303 611)
1826 1222 1887 1279 in
1920 1223 2257 1280 universam
2291 1221 2605 1280 s.Thomae
2637 1237 2929 1277 summam
2961 1235 3103 1276 msc.

491 1327 627 1365 cum
670 1308 921 1366 Barth.
968 1308 1186 1367 Bellati
1234 1310 1365 1384 ejus
1412 1310 1599 1368 sodali
1646 1330 1768 1368 cas-

489 1397 708 1473 tigavit
739 1396 952 1472 edique
986 1397 1233 1467 curavit,
1285 1398 1544 1457 Venetiis
1582 1410 1767 1463 1478.

489 1519 576 1527 --
611 1486 892 1544 Sancto
924 1485 1134 1545 Villa
1178 1487 1250 1545 de
1283 1488 1612 1548 Mediolano
1644 1507 1767 1564 reg.

490 1574 608 1635 obs.
641 1574 861 1633 tribuit
903 1574 1164 1633 Joannes
1199 1597 1234 1635 a
1265 1595 1309 1633 a.
1345 1578 1602 1636 Antonio
1636 1573 1766 1657 (111,

495 1659 605 1745 80)
653 1665 969 1739 Reperiam
1015 1665 1077 1722 in
1122 1675 1157 1726 4
1205 1666 1267 1728 ll.
1319 1668 1766 1735 sententiarum,

492 1753 756 1811 Basileae
788 1763 947 1816 1507
973 1753 1036 1811 in
1060 1764 1130 1823 43
1163 1755 1407 1813 Parisiis
1438 1766 1592 1818 1521
1626 1756 1685 1813 in
1712 1765 1767 1818 8.

496 1875 575 1885 -
640 1842 1171 1901 Bernardinus
1224 1845 1654 1903 Lavinetha
1703 1845 1766 1903 Ο.

490 1931 665 1991 Conv.
729 1930 929 1989 Gallus
993 1939 1178 1989 artem
1239 1953 1510 2010 maynam
1561 1936 1765 2010 Raym.

489 2020 701 2078 Lulli
763 2019 1196 2095 interpretatus
1245 2028 1336 2080 est
1384 2024 1770 2100 vulgavitque

491 2109 766 2186 Lugduni
837 2119 997 2171 1517
1063 2111 1125 2168 in
1191 2122 1244 2173 4.
1297 2146 1383 2153 —
1428 2112 1767 2171 Joannes

491 2198 864 2257 Picardus
898 2198 1047 2257 alias
1067 2198 1139 2257 de
1171 2201 1473 2259 Cambia
1502 2221 1622 2278 reg.
1644 2203 1766 2263 obs·

490 2287 732 2363 collegit
792 2288 1124 2346 thesaurum
1183 2291 1562 2365 theoloqorum
1618 2303 1649 2352 4
1707 2291 1767 2353 ll.

490 2376 919 2435 sententiarum
963 2380 1532 2454 correspondentem,
1565 2380 1767 2438 docto-

489 2485 620 2523 rum
655 2469 715 2524 et
746 2466 1166 2542 magistrorum
1201 2465 1337 2548 (30)
1383 2471 1642 2543 quatuor
1673 2488 1766 2527 or-

489 2554 693 2612 dinum
742 2554 1203 2615 mendicantium
1251 2562 1310 2614 et
1343 2559 1768 2616 nonnullorum

489 2662 611 2702 non
625 2644 986 2721 regularium
1003 2646 1358 2705 decisionem
1373 2649 1767 2724 complecten-

489 2739 628 2794 tem.
660 2733 801 2792 Fuit
834 2751 983 2808 opus
1015 2736 1264 2810 dignum
1311 2739 1513 2812 praelo
1537 2738 1768 2812 judica.-

489 2825 618 2901 tum
665 2823 729 2879 in
773 2823 1025 2882 comitiis
1070 2825 1448 2901 generalibus
1495 2828 1769 2885 Mantuae

490 2912 796 2969 celebratis
845 2931 893 2969 a.
937 2924 1120 2977 1503.
1171 2914 1307 2972 hinc
1338 2915 1561 2990 prodiit
1603 2927 1764 2979 1506

492 3000 821 3058 Mediolani.

583 3189 615 3240 5
629 3187 661 3238 2
675 3189 727 3240 7.
744 3178 1022 3238 Nondum
1034 3181 1549 3250 totillustratore8‚
1568 3182 1768 3241 defen-

491 3284 649 3326 sores
682 3271 743 3325 et
774 3270 1048 3342 patronos
1094 3270 1249 3328 sicut
1282 3273 1510 3340 Scotu8‚
1559 3275 1769 3331 nactus

489 3360 577 3414 est
599 3375 643 3415 s.
678 3357 723 3414 Τ
739 3357 779 3414 h
795 3376 829 3416 o
844 3377 902 3415 m
921 3379 954 3416 a
970 3378 1014 3427 a,
1051 3377 1156 3418 nec
1178 3360 1355 3418 etiam
1375 3361 1483 3420 hoc
1506 3368 1769 3438 tempore

489 3445 707 3505 multos
737 3449 1068 3522 reperimus
1101 3450 1405 3526 theologos
1451 3470 1519 3508 ex
1562 3451 1768 3509 ordine

488 3555 533 3593 s.
567 3536 873 3594 Dominici.
938 3538 1165 3597 Horum
1213 3539 1364 3597 sorte
1413 3540 1766 3616 praecipuus

489 3624 605 3683 fuit
635 3626 1077 3696 Bandellus,
1112 3628 1185 3685 de
1217 3647 1336 3704 quo
1369 3629 1541 3689 infra.
1591 3630 1766 3688 Prae-

489 3715 779 3773 termissis
812 3716 904 3782 iis,
939 3734 1193 3790 quorum
1228 3719 1450 3792 scripta
1481 3718 1640 3795 typis
1674 3719 1766 3777 lu-

488 3823 610 3862 cem
688 3824 808 3864 non
884 3810 1254 3881 aspexerunt,
1333 3808 1768 3884 Reginaldo

491 3894 842 3968 (Raynaldo)
892 3895 965 3953 de
1011 3896 1357 3955 Montoro
1411 3898 1626 3966 Sicu10‚
1662 3899 1767 3971 qui

490 3983 1003 4041 salmanticensem
1038 3984 1372 4044 illustravit
1407 3986 1767 4044 academiam

487 4088 697 4146 regens
729 4073 1048 4147 primarius
1082 4073 1142 4131 in
1179 4074 1402 4132 ordinis
1434 4076 1763 4151 gymnasio,

486 4159 821 4235 provinciae
834 4160 1051 4219 siculae
1063 4163 1414 4238 praeposito,
1437 4164 1571 4222 fidei
1585 4184 1766 4239 quae-

488 4249 670 4308 sitore
719 4268 824 4325 per
870 4250 1129 4310 Siciliam
1169 4253 1448 4327 generali,
1493 4254 1766 4330 episcopo

488 4339 943 4415 cephaloediano
976 4336 1200 4418 (Cefalu
1245 4352 1439 4413 14963
1474 4341 1509 4408 †
1551 4340 1763 4425 1511),

487 4428 660 4503 cujus
690 4429 841 4488 forte
874 4429 908 4493 l.
929 4431 998 4488 de
1025 4431 1454 4490 reductionibus
1473 4435 1765 4492 naturali-

488 4519 591 4575 bus
613 4537 679 4577 ac
698 4518 769 4577 de
788 4520 1131 4578 futurorum
1153 4521 1627 4598 contingentium
1648 4523 1765 4580 dif-

1826 1311 2049 1369 servari
2071 1311 2453 1369 Salmanticae
2472 1309 2629 1385 apud
2651 1307 2881 1367 sodales
2901 1307 3106 1365 ferun-

1826 1404 1928 1458 tur
1961 1435 2044 1443 —
2066 1399 2494 1459 Eustachio
2527 1397 2879 1456 Platesio
2910 1397 3107 1454 Bono-

1824 1490 2017 1548 niensi
2049 1488 2348 1548 Vincentii
2379 1486 2653 1546 Bandelli
2673 1485 2810 1544 Ord.
2830 1485 3103 1561 magistri

1826 1578 1888 1636 in
1920 1579 2222 1637 laboribus
2254 1578 2425 1639 socio,
2476 1577 2536 1634 in
2584 1575 2765 1634 variis
2799 1573 3102 1634 conventi-

1826 1669 1938 1726 bus
1970 1668 2181 1743 priore‚
2205 1665 2678 1743 congregationis
2713 1662 3103 1723 lombardicae

1825 1756 2122 1832 praefecto
2155 1760 2215 1814 et
2245 1755 2468 1815 ordinis
2509 1756 2917 1829 procuratore:
2966 1770 3100 1827 spe-

1825 1846 2023 1904 ciatim
2103 1845 2395 1904 nominari
2470 1848 2731 1901 merent:
2825 1842 3105 1900 Petrus

1826 1935 1865 1993 C
1881 1955 1910 1992 r
1925 1954 1958 1993 o
1975 1954 2005 1992 c
2020 1936 2059 1991 k
2074 1954 2151 1992 ar
2166 1939 2192 1992 t
2211 1934 2283 1993 de
2304 1932 2620 2001 Bruxellis‚
2644 1932 2683 1989 J
2686 1930 2893 1990 oannis
2914 1931 3103 2007 Major

1826 2024 2153 2099 discipulus
2238 2028 2299 2081 et
2375 2022 2660 2097 magister
2734 2020 3101 2078 celeberrimi

1824 2112 2221 2171 Francisci
2285 2112 2356 2169 de
2419 2110 2791 2169 Victoria.
2855 2108 3099 2167 Adoles-

1826 2220 1961 2261 cens
1993 2202 2232 2261 Parisiis
2264 2200 2481 2259 studiis
2511 2217 2750 2275 operam
2779 2198 2942 2256 dedit
2989 2198 3107 2257 sub

1824 2291 1863 2348 J
1866 2310 1915 2352 0.
1937 2292 2139 2366 Major,
2175 2292 2280 2349 ubi
2299 2289 2689 2349 nominalium
2720 2287 3100 2362 opinionibus

1825 2380 2221 2447 imbuebatur,
2272 2398 2419 2455 quas
2467 2382 2527 2436 et
2566 2377 2851 2453 magister
2882 2376 3105 2433 artium

1825 2470 2232 2545 profitebatur.
2296 2468 2408 2527 Sed
2458 2466 2903 2525 conversatione
2933 2465 3102 2523 soda-

1826 2559 1973 2617 lium
2005 2577 2049 2617 s.
2084 2558 2372 2617 Dominici
2404 2561 2629 2632 captus),
2664 2556 2846 2631 hujus
2878 2558 3101 2612 vestem

1825 2647 2023 2707 induit
2055 2648 2278 2728 (1503)
2327 2653 2508 2723 atque
2541 2664 2741 2705 sanam
2775 2663 2817 2702 s,
2850 2644 3102 2702 'l'homae

1826 2738 2159 2797 doctrinam
2193 2738 2433 2813 penitus
2465 2735 2740 2794 imbibit:
2773 2734 2944 2808 cujus
2966 2732 3102 2791 dein

1826 2828 2057 2884 exstitit
2101 2829 2506 2902 propugnator
2550 2824 2887 2883 acerrimus.
2952 2822 3104 2879 Hinc

1826 2917 1897 2973 ad
1930 2916 2205 2992 legendas
2240 2914 2562 2973 sententias
2612 2916 2704 2970 est
2753 2911 3101 2981 destinatus,

1825 3005 1962 3063 dein
1992 3005 2406 3064 baccalaureus
2428 3007 2735 3080 promotus
2770 3020 2813 3059 s.
2847 3000 3104 3058 doctoris

1826 3113 2112 3153 summam
2159 3112 2375 3170 magno
2420 3092 2761 3150 auditorum
2810 3107 3108 3148 concursu.

1826 3188 1917 3241 est
1948 3184 2376 3260 interpretatus
2409 3178 2469 3263 (†
2511 3177 2719 3258 1514).
2790 3179 2944 3237 Haec
2976 3179 3104 3254 ejus

1825 3292 2031 3348 opera:
2068 3273 2525 3331 Summularium
2567 3273 2718 3328 artis
2749 3269 3107 3337 dialecticae,

1826 3362 1995 3421 utilis
2056 3361 2373 3420 admodum
2450 3357 2864 3433 interpretatio
2924 3375 3105 3432 super

1825 3455 2054 3509 textum
2073 3451 2230 3509 Petri
2263 3450 2428 3525 Hisp.
2461 3468 2582 3507 una
2612 3466 2747 3505 cum
2777 3447 3104 3505 fructuosis

1825 3540 2182 3615 quibusdam
2216 3538 2602 3614 quodlibetis‚
2645 3536 2893 3594 Parisiis
2938 3544 3099 3598 1508

1826 3630 1886 3687 in
1919 3629 1988 3699 f.;
2024 3629 2412 3688 Acutissimae
2443 3647 2539 3703 qq.
2572 3624 2892 3701 etquidem
2926 3642 3104 3699 peru-

1824 3719 1962 3776 tiles
1995 3721 2058 3776 in
2089 3719 2348 3795 sinqulos
2378 3716 2708 3775 Aristotelis
2740 3715 3002 3791 loyicales
3022 3713 3113 3786 us

1825 3808 1970 3865 item
2023 3808 2085 3866 in
2135 3807 2190 3865 d.
2223 3808 2477 3865 Thomae
2528 3806 2600 3863 de
2645 3806 2712 3861 A.
2747 3803 3102 3877 opusculum

1823 3897 1892 3954 de
1922 3904 2047 3955 ente
2078 3905 2127 3954 et
2158 3898 2417 3972 essentia,
2463 3893 2708 3953 Parisiis
2750 3903 2913 3955 1509
2950 3892 3013 3949 in
3047 3892 3105 3961 f.;

1835 3996 2033 4054 1514;
2065 3986 2498 4063 argutissimae‚
2532 3983 2783 4043 subtiles
2814 3999 2882 4039 ac
2899 3981 3109 4040 fecun-

1823 4076 1930 4133 dae
1962 4095 2059 4151 qq.
2092 4075 2424 4151 physicales
2476 4077 2537 4132 in
2572 4077 2611 4133 8
2644 4074 2699 4129 ll.
2722 4071 3101 4147 physicorum

1823 4169 1883 4223 et
1917 4165 1978 4222 in
2014 4176 2047 4226 :5
2085 4166 2145 4222 ll.
2179 4167 2248 4223 de
2279 4167 2480 4223 anima
2528 4161 2886 4228 Aristotelis,
2941 4160 3102 4218 Pari·

1822 4254 1926 4311 riis
1968 4264 2165 4324 1510;
2209 4263 2406 4325 1515;
2446 4262 2601 4314 1521
2646 4251 2776 4309 inf.
2809 4249 3113 4325 lpsohor·

1822 4346 1988 4401 tante
2019 4343 2361 4402 Franciscus
2392 4342 2465 4400 de
2486 4340 2744 4399 Victoria
2775 4337 3107 4397 Secundam

1823 4432 2113 4491 secundae
2145 4450 2407 4491 summae
2440 4450 2483 4489 s.
2519 4430 2775 4489 'rhomae
2807 4427 2880 4486 ab
2912 4446 2981 4487 eo
3014 4446 3106 4485 re·

1823 4522 2121 4598 cognitam
2173 4525 2234 4580 et
2284 4523 2616 4581 accuratam
2663 4518 2825 4594 typis
2856 4517 3110 4587 dodim,

488 4608 753 4668 ficultate
785 4609 1111 4684 prodiit—
1146 4610 1443 4670 Joanne
1475 4612 1763 4688 Harley
1828 4665 1957 4670 ἡ,
1984 4666 2139 4670 .-ἠέ

489 4699 682 4775 Anglo
744 4731 829 4742 —
892 4700 1169 4758 Thoma
1229 4700 1300 4758 de
1354 4700 1765 4760 Calvisano

487 4787 779 4847 Brixiensi
814 4786 975 4869 (hinc
1006 4788 1185 4848 etiam
1219 4788 1290 4847 de
1313 4787 1556 4858 Brixia).
1592 4791 1764 4865 cujus
1824 4821 1911 4871 tra

1903 4749 1939 4870 Ι)
1967 4745 2126 4799 Hanc
2176 4745 2664 4834 iteruin-gemino
2709 4744 2896 4829 indice
2947 4743 3109 4826 illus·

1941 4836 2032 4871 am
2084 4836 2211 4873 mox
2264 4823 2444 4890 (1010)
2496 4818 2679 4872 edidit
2727 4834 2850 4887 eJus
2894 4816 3106 4871 sodalis

486 4884 889 4936 memorantur
908 4879 1328 4937 commentaria
1348 4875 1617 4956 (inedita)
1638 4879 1703 4936 in
1722 4898 1765 4937 s,
1822 4891 1856 4945 J
1872 4906 1905 4942 a
1923 4907 1951 4942 c
1968 4906 1999 4942 o
2017 4890 2052 4942 b
2070 4907 2105 4942 u
2125 4909 2149 4942 s
2176 4907 2210 4943 a
2228 4890 2354 4944 loco
2383 4891 2564 4944 natali
2592 4890 2652 4944 in
2675 4888 2980 4943 Hannonis.
2993 4888 3114 4942 sito
