3475 5364
225 405 263 458 6
274 405 311 457 5
1140 383 1462 454 Sigebertus
1492 384 1928 439 Gemblaceusis.
2759 404 2793 458 6
2804 404 2841 457 6

222 572 384 642 cula,
439 576 699 647 tempore
759 571 883 630 fere
944 569 1337 629 novissimum
1412 573 1505 629 est
1560 569 1924 629 bibliotheca
1954 569 2351 629 ecclesiastica
2378 571 2447 628 A.
2468 569 2670 630 Miraei
2690 572 2844 630 Ant-

227 661 708 737 Chronoyraphia
725 678 834 719 seu
852 662 1204 735 conspectus
1224 658 1503 718 historiae
1559 659 1796 736 verpiae
1839 668 2000 723 1639
2036 679 2093 734 p.
2125 669 2443 730 131—58‚
2479 663 2539 718 et
2571 678 2705 718 cum
2729 661 2842 719 hu-

220 750 581 809 universalis
613 748 1123 826 synchronisticus
1156 747 1229 806 ab
1260 768 1311 809 a.
1345 757 1503 811 381·
1550 749 1654 824 jus
1700 748 1941 807 scholiis
1986 748 2050 806 in
2097 747 2241 808 bibl.
2287 748 2682 808 ecclesiastica
2727 750 2834 807 Fa-

232 849 432 909 10993
464 858 640 914 quam
672 842 865 897 totam
888 837 1107 896 iterum
1129 837 1354 907 revisit,
1376 855 1503 896 coi·-
1560 838 1731 896 bricii
1798 836 2129 914 Hamburgi
2184 846 2371 909 1718,
2421 856 2571 913 opus
2620 837 2680 896 in
2721 856 2842 913 quo

222 929 400 998 rexit,
433 928 594 986 auxit
624 931 687 985 et
706 926 781 985 ad
815 939 837 989 1
862 937 881 989 l
907 938 972 990 11
1012 943 1206 1002 usque
1225 925 1503 984 deduxit:
1561 926 1858 986 succincte
1889 926 2077 985 nimis
2110 926 2183 984 de
2203 926 2461 1002 singulis
2492 927 2638 1003 agit,
2673 928 2845 1002 cujus

222 1017 333 1076 sed
407 1018 468 1075 in
539 1016 747 1075 ordine
822 1015 1236 1092 chronologico
1312 1015 1507 1073 omnia
1559 1015 1843 1074 meritum
1874 1014 1939 1073 in
1971 1033 2038 1074 eo
2073 1018 2182 1087 est,
2213 1015 2376 1091 quod
2409 1015 2618 1074 saltem
2649 1016 2841 1091 pluri·

223 1106 486 1164 triennio
500 1107 691 1164 serius
707 1123 948 1164 narrare
960 1105 1128 1175 solet,
1141 1122 1318 1178 quam
1335 1106 1507 1180 gesta
1559 1124 1662 1163 um
1740 1104 2099 1185 scriptorum
2176 1105 2416 1163 nomina
2476 1123 2843 1181 operumque

223 1200 401 1253 sunt:
433 1195 589 1270 quod
619 1197 822 1253 tamen
842 1211 1139 1252 nonnemo
1170 1193 1383 1251 scribis
1415 1197 1503 1250 at·
1559 1198 1916 1270 argumenta
1990 1193 2308 1253 memoriae
2376 1194 2841 1270 consignaverit,

221 1284 460 1344 tribuit.
513 1283 967 1342 Continuatores
1029 1280 1243 1340 habuit
1301 1282 1505 1357 plures
1559 1300 1713 1359 quae
1728 1282 1995 1359 alioquin
2015 1282 2304 1341 oblivioni
2325 1282 2582 1342 fuissent
2602 1281 2841 1341 tradita.

221 1393 405 1448 quam
466 1372 648 1443 ullus⁴
678 1372 834 1430 alius
899 1374 1135 1447 praeter
1183 1369 1506 1429 Martinum
1562 1372 1736 1430 Gesta
1766 1372 2038 1430 abbatum
2064 1365 2542 1448 yemblacenaium
2592 1367 2842 1452 (940—

226 1462 537 1520 Polonum.
598 1460 839 1520 Primus
891 1459 988 1539 (ad
1034 1479 1087 1523 a.
1139 1455 1334 1542 1135)
1387 1459 1506 1518 fuit
1571 1457 1762 1539 1050)
1807 1460 1967 1519 inter
2006 1460 2133 1525 ΜΕ.
2167 1459 2265 1519 SS.
2295 1460 2450 1531 VIII,
2490 1469 2834 1524 523—557

223 1551 606 1609 Anselmus
638 1549 1067 1627 gemblacensis
1084 1548 1265 1608 abbas
1283 1544 1341 1629 (l
1367 1560 1382 1609 1
1408 1556 1504 1619 13;
1559 1568 1683 1612 cur.
1701 1550 1891 1620 Perta,
1917 1548 2100 1625 quiet
2115 1549 2625 1608 continuationem
2645 1567 2842 1625 usque

222 1638 259 1705 'l'
302 1635 514 1721 1136),
560 1640 666 1715 qui
709 1639 903 1697 multa
949 1657 1083 1697 cum
1131 1637 1305 1696 laude
1337 1656 1505 1713 prae·
1559 1639 1630 1696 ad
1665 1657 1714 1696 a.
1756 1648 1921 1702 1136
1957 1641 2198 1697 auctore
2229 1638 2708 1698 Godescalco
2739 1656 2840 1695 ex-

224 1729 347 1788 fuit
389 1730 698 1787 literarum
744 1746 943 1787 amore
987 1745 1340 1803 morumque
1386 1727 1505 1784 ele·
1561 1727 1756 1797 hibet;
1790 1731 1853 1786 et
1882 1729 2000 1785 vita
2046 1727 2312 1787 Wicberti
2343 1724 2667 1810 (Guiberti)
2700 1727 2842 1785 fun-

225 1818 432 1894 gantia
476 1816 942 1885 commendatae,
984 1814 1220 1891 ingenio
1256 1814 1507 1891 quidem
1561 1815 1786 1875 datoris
1818 1816 2094 1875 ecclesiae
2115 1816 2545 1894 gemblacensis
2582 1813 2642 1896 (†
2667 1812 2841 1894 962),

226 1907 529 1983 Sigeberto
589 1906 854 1975 inferior,
911 1903 1139 1980 judicio
1188 1904 1504 1974 fiuctuanS,
1560 1924 1712 1980 quae
1761 1904 1987 1981 prodiit
2034 1905 2114 1969 ib.
2158 1924 2214 1980 p.
2253 1915 2632 1973 504—5163
2684 1904 2844 1963 inter

229 1997 331 2053 sed
365 2000 561 2054 tamen
596 1995 675 2053 ob
705 1995 898 2053 multa
929 1993 1107 2051 utilia
1138 2011 1291 2069 quae
1323 1993 1508 2052 tradit
1560 1996 1692 2052 acta
1722 2012 1961 2069 quoque
1994 1993 2092 2057 SS.
2129 2003 2227 2057 23.
2260 1995 2398 2069 Maj.
2428 1994 2496 2064 V,
2537 2002 2843 2056 260·265.

226 2084 736 2143 commendatione
770 2084 988 2160 <lignus
1004 2078 1064 2164 ¹).
1109 2081 1285 2141 Hunc
1317 2082 1508 2142 secuti
1578 2081 1733 2141 Vitae
1764 2083 2071 2142 Deoderici
2100 2102 2191 2160 ep.
2227 2083 2539 2142 mettensis
2576 2078 2638 2164 (†
2666 2081 2838 2160 984),

226 2180 371 2232 aunt
429 2174 666 2248 aliquot
714 2172 1161 2231 continuatores
1209 2170 1505 2247 anonymi,
1560 2172 1721 2230 inter
1782 2171 1909 2230 ΜΘ.
1972 2171 2073 2243 IV,
2136 2181 2439 2235 461-——83
2505 2170 2597 2234 ed.
2645 2171 2842 2241 Pertz;

227 2263 330 2337 qui
376 2268 436 2320 et
484 2262 893 2321 additamenta
942 2259 1195 2320 subinde
1240 2260 1506 2319 inserue-
1562 2280 1609 2323 s.
1642 2261 1921 2338 Siyeberti
1953 2262 2111 2337 regis
2132 2260 2458 2320 conditoris
2478 2260 2755 2318 ecclesiae
2782 2265 2844 2316 et

228 2352 452 2432 runt2).
483 2350 720 2409 Prodiit
751 2351 892 2408 haec
913 2349 1189 2409 chronica
1218 2368 1404 2425 saepe,
1438 2351 1510 2407 ut
1563 2350 1839 2408 abbatiae
1900 2368 1947 2412 s.
2008 2349 2252 2408 Martini
2312 2353 2480 2408 extra
2539 2348 2842 2407 civitatem

228 2442 315 2502 ed.
346 2440 615 2500 Auberto
650 2439 888 2509 Miran,
922 2438 1280 2513 Antverpiae
1320 2448 1507 2510 16083
1563 2441 1919 2498 mettensem
1984 2433 2047 2521 (†
2110 2434 2282 2522 663),
2344 2438 2504 2497 inter
2563 2439 2692 2496 Act.
2744 2436 2844 2499 SS.

227 2531 446 2605 optime
477 2533 535 2588 et
570 2528 978 2587 acutatissime
1022 2546 1156 2586 cum
1197 2527 1508 2588 continua·
1573 2540 1622 2591 1.
1654 2528 1824 2586 Febr.
1857 2528 1905 2596 Ι,
1943 2536 2311 2591 227—231.
2345 2566 2373 2596 ‚
2404 2527 2563 2586 Vitas
2581 2545 2656 2587 ss.
2681 2525 2842 2585 Mac·

228 2619 495 2678 tionibus
528 2618 691 2676 inter
722 2618 849 2676 ΜΘ.
883 2616 979 2678 ss,
1013 2620 1055 2675 t.
1080 2616 1177 2688 VI,
1201 2625 1436 2680 268·47
1452 2626 1510 2689 4,
1564 2612 1767 2698 1002·st
1798 2635 1844 2675 ο.
1882 2613 2053 2699 565),
2102 2624 2153 2675 et
2196 2617 2525 2676 Theodardi
2572 2610 2634 2699 (†
2669 2609 2844 2697 ees),

230 2728 362 2767 cura
411 2710 753 2768 Bethmann
804 2719 866 2765 et
915 2706 1051 2766 inde
1102 2707 1260 2783 apud
1309 2707 1509 2783 Migne
1565 2707 1953 2783 prosequitur
1999 2706 2127 2783 ipse
2173 2706 2247 2766 de
2287 2725 2349 2766 se
2379 2707 2443 2765 in
2476 2706 2582 2768 SE.
2615 2724 2660 2769 c.
2703 2716 2846 2775 171,

228 2812 270 2857 t.
300 2799 456 2858 ch.
490 2798 575 2856 Ea
606 2796 753 2856 olim
770 2796 972 2873 magni
994 2795 1189 2867 fiebat,
1212 2795 1315 2853 sed
1336 2795 1510 2854 modo
1565 2795 1869 2855 urbaniori
1902 2795 2044 2854 stilo
2075 2796 2398 2859 melioravi.
2478 2794 2665 2853 Vitam
2697 2812 2844 2869 quo-

231 2888 299 2945 ab
346 2887 608 2946 eruditis
660 2904 778 2944 non
829 2884 986 2943 tanti
1029 2884 1115 2946 fit.
1178 2884 1308 2944 Etsi
1352 2885 1510 2942 enim
1565 2903 1680 2959 que
1711 2903 1758 2946 8.
1780 2885 2086 2943 Lantberti
2118 2903 2252 2943 cum
2284 2885 2349 2943 in
2380 2884 2590 2961 primis
2622 2883 2850 2941 urbane

232 2996 501 3053 magnam
536 2973 740 3050 prodit
761 2973 1133 3051 diligentiam
1155 2978 1216 3032 et
1239 2972 1511 3033 lectionis
1565 2973 1989 3044 meliorassem,
2024 2977 2229 3050 postea
2249 3022 2263 3036 .
2285 3018 2297 3031 .
2320 3019 2334 3032 .
2367 2972 2649 3032 defloravi
2690 2990 2847 3030 com-

235 3067 509 3136 srnctum,
545 3069 707 3123 caret
738 3069 937 3122 tamen
956 3063 1326 3122 accuratione
1341 3064 1510 3121 chro-
1566 3062 1977 3138 partitionibus
2010 3063 2396 3138 antiquorum
2432 3063 2610 3137 juxta
2641 3078 2846 3119 conse-

233 3155 500 3231 nologica
553 3156 615 3210 et
659 3151 889 3228 judicio
940 3152 1163 3212 critico.
1225 3152 1401 3210 Liber
1445 3153 1513 3210 de
1566 3152 1876 3227 quentiam
1909 3170 2125 3229 rerum,
2154 3152 2427 3228 quamvis
2459 3151 2713 3227 priorem
2748 3152 2849 3207 ut-

236 3242 620 3318 scriptoribus
651 3237 1042 3300 ecclesiasticis
1074 3235 1277 3322 (171),
1328 3241 1416 3299 ed.
1450 3241 1513 3298 in
1566 3244 1704 3315 pote
1735 3240 2067 3317 simplicem
2095 3241 2335 3316 quidam
2368 3239 2560 3316 magis
2592 3239 2850 3316 amplec-

1568 3333 1778 3388 tantur
1827 3334 1888 3389 et
1937 3329 2234 3388 curiosius
2298 3329 2648 3392 describant.
2739 3327 2854 3385 Est

236 3446 544 3500 infrunitae
571 3445 782 3499 mentis
801 3443 1103 3499 audaciam
1128 3443 1298 3498 editis
1324 3444 1514 3509 etiam,
1569 3419 1727 3478 enim
1762 3437 1943 3478 flensu
1962 3419 2221 3495 ΒΡΘΥΫᾸΟΥ
2251 3422 2313 3477 0¹³
2342 3416 2540 3477 verbis
2573 3416 2846 3476 elatior-¹

235 3519 376 3585 quod
404 3516 624 3588 ipsein
666 3517 704 3570 l.
745 3516 814 3570 de
860 3514 998 3570 viris
1042 3515 1124 3570 ill.
1166 3517 1316 3569 inter
1343 3531 1515 3585 opera
1568 3508 1834 3568 Priorem
1866 3508 1981 3566 sub
2013 3507 2163 3566 falsa
2180 3507 2417 3566 Reineri
2449 3505 2687 3565 nomine
2720 3504 2847 3563 edi-

236 3606 324 3642 sua
387 3591 613 3656 absque
675 3587 884 3640 rubore
947 3587 1225 3650 meminit,
1288 3586 1515 3655 scriptis
1569 3596 1661 3654 dit
1704 3596 2081 3673 chapeaville
2127 3596 2307 3655 Gesta
2352 3599 2516 3671 pont,
2564 3597 2766 3670 tungr·
2801 3594 2847 3663 1,

236 3660 475 3740 PPbliciss
501 3658 1011 3739 adhstffli⁸⁵et“·.E¹²
1030 3661 1333 3741 P⁰⁸.¹.⁵q.¹¹⁹⁴m
1357 3657 1515 3738 Varia·
1574 3695 1692 3749 411
1718 3707 1731 3756 ;
1767 3686 2012 3744 alteram
2044 3685 2384 3743 defloratam
2411 3687 2558 3743 Acta
2574 3683 2674 3746 SS.
2692 3682 2851 3758 Sept.

235 3733 479 3806 ejusdem
510 3734 700 3785 errati
735 3733 977 3793 notavit,
1004 3731 1266 3799 subjicit:
1321 3728 1515 3792 „Vitas

236 3803 315 3856 58.
339 3820 373 3857 a
396 3803 537 3873 Sige
548 3804 707 3856 berto
735 3801 1085 3870 conscriptas
1111 3801 1264 3870 quod
1286 3800 1515 3862 attinet,
1570 3774 1639 3846 V,
1677 3784 1821 3838 589·
1856 3774 2110 3851 Anffiqffi
2144 3793 2282 3832 vero
2313 3773 2415 3832 issffi
2437 3777 2582 3831 sunt
2597 3772 2851 3847 Moyses,

237 3891 322 3927 nec
386 3875 528 3928 illae
593 3873 764 3926 fidem
828 3873 1046 3940 ubique
1122 3870 1514 3926 authenticam
1570 3862 1610 3921 J
1613 3882 1773 3934 osne,
1810 3863 2014 3934 David,
2048 3863 2476 3922 Constantinus
2509 3862 2609 3933 M„
2659 3879 2704 3924 S.
2737 3861 2852 3918 Be-

236 3947 479 4000 faciunt-⁶
532 3949 639 4000 etc·
692 3943 941 3997 LibssUOS
968 3943 1250 4013 ejusmodi
1291 3947 1517 4014 praeter
1569 3952 1858 4011 nedictus.
1894 3952 2235 4028 ,Respondi
2268 3950 2734 4020 Trevirensibus,
2770 3949 2856 4006 ita

236 4017 516 4144 {33³3}
544 4017 748 4141 gffibgsa
766 4014 1008 4144 ἐῖἔὲὶ
1053 4015 1150 4069 lib·
1196 4014 1266 4068 de
1317 4015 1401 4069 lit·
1448 4015 1515 4077 H'
1571 4043 1793 4100 iterum
1825 4041 2190 4118 SigebertuS,
2230 4043 2300 4099 de
2329 4041 2556 4116 jejunio
2605 4045 2855 4116 quatuor

336 4169 372 4220 ι,
400 4161 487 4214 cf.
543 4158 739 4229 Biogr.
789 4166 908 4213 nat..
959 4157 1028 4211 de
1079 4156 1237 4228 Belg.
1289 4157 1332 4221 1,
1380 4161 1516 4216 3:282
1572 4139 1912 4206 temporum,
1961 4130 2065 4204 qui
2096 4130 2336 4207 regulas
2369 4130 2679 4205 cujusdem
2708 4128 2856 4185 Ber-

242 4230 364 4286 Hist.
395 4232 486 4287 lit.
515 4230 611 4290 XI.
639 4233 942 4285 6:23—626.
980 4227 1350 4283 continuatio
1377 4228 1517 4281 haec
1570 4221 1744 4279 nonis
1791 4215 1889 4292 (cf.
1919 4218 2221 4278 Nomencl.
2253 4218 2299 4290 Ι,
2330 4216 2481 4300 981)
2525 4216 2853 4276 secundum

237 4303 513 4372 reperitur
541 4301 603 4354 in
633 4299 760 4360 MG¹·
790 4300 880 4355 SS·
902 4299 1279 4363 V1‚375-85‚
1306 4304 1517 4367 Appen·
1571 4308 1917 4385 allegoriam
1963 4313 2034 4367 ut
2082 4307 2201 4366 sibi
2249 4307 2490 4366 videtur
2536 4306 2683 4366 bene
2716 4323 2851 4364 con-

238 4374 384 4456 dic-em
425 4391 479 4426 ²²·
509 4377 799 4453 1113-’.60
839 4370 1051 4458 ad553⁰it
1090 4372 1394 4424 Samson
1434 4386 1516 4452 af·
1572 4398 1839 4457 cinnatas
1881 4397 2200 4455 observant
2243 4400 2305 4455 et
2345 4417 2380 4455 a
2425 4394 2856 4456 consuetudine

238 4444 406 4516 chiep.
433 4445 758 4498 rhemensis
784 4447 832 4513 (ἢ
860 4446 1034 4514 1101),
1061 4458 1233 4511 quam
1261 4442 1436 4495 habes
1456 4458 1517 4494 in

242 4514 694 4571 pistorii-struve
734 4516 850 4569 Ser.
893 4530 996 4569 rer.
1026 4512 1213 4567 Germ.
1241 4514 1282 4569 Ι.
1310 4516 1451 4568 1015
1475 4530 1518 4564 s.
1571 4486 2018 4545 LOOdissenSium
2065 4485 2464 4545 diflssordant·‘
2528 4482 2854 4561 Β’439430113Ῐο

332 4597 371 4644 ἰ
400 4589 487 4644 Cf.
517 4587 588 4640 de
617 4586 710 4639 his
739 4586 864 4640 fuse
892 4587 951 4637 et
984 4584 1205 4638 erudite
1245 4583 1518 4637 disseren·
1573 4575 1915 4634 continetur
1959 4574 2187 4650 duplici
2233 4575 2504 4650 epistola,
2551 4592 2702 4648 quae
2735 4591 2856 4630 non

241 4665 336 4713 tem
356 4653 699 4714 'Bethmann
727 4657 763 4712 1.
790 4675 869 4716 c.;
897 4655 1064 4726 Sigfr.
1082 4655 1285 4709 Kirsch
1314 4655 1382 4708 de
1401 4656 1519 4708 vita
1574 4669 1668 4724 est
1699 4665 1827 4724 sine
1859 4664 2052 4739 pretio
2083 4682 2192 4739 pro
2217 4663 2471 4722 historia
2489 4664 2669 4739 hujus
2696 4662 2854 4737 jeju-

240 4731 527 4855 {temripffl
545 4726 1519 4829 sigiberti,Beroliniiffli,l.ju3<ta
1574 4755 1681 4814 nii.
1749 4752 2091 4829 ,Descripsi
2144 4752 2378 4812 heroico
2422 4756 2610 4810 metro
2656 4749 2854 4809 Eccle-

304 4804 552 4857 tbmann
580 4801 950 4855 doctissimae
978 4799 1333 4856 sednhtatis.
1374 4797 1519 4851 Hist.

240 4872 306 4928 fit„
332 4875 426 4940 IX,
454 4877 782 4934 535-5653
824 4869 1207 4924 Wattenbach
1248 4872 1290 4924 t·
1330 4869 1399 4934 Π,
1426 4870 1519 4933 lv,
1576 4843 1816 4913 siasten,
1850 4861 2026 4918 quem
2075 4860 2251 4917 opere
2304 4844 2622 4900 stromateo
2656 4838 2858 4914 tripli-

243 4951 377 5007 5⁶2&
405 4945 681 5000 Potthast
708 4960 765 5012 p.
797 4947 935 4998 1016
964 4957 1033 5002 ss,
1575 4933 1724 4990 citer
1785 4931 2025 5008 digessi,
2091 4930 2165 4989 ad
2217 4931 2468 5000 literam,
2523 4928 2857 5005 allegorice,

438 5045 635 5100 Hurter,
663 5040 997 5089 nomenclator
1023 5040 1063 5086 11
1092 5041 1165 5087 ed.
1198 5042 1246 5089 3.
2504 5032 2538 5083 3
