3475 5364
526 328 688 382 1567
901 315 1271 370 1541—1563.
1298 311 1558 382 Liturgia
1585 314 1643 366 et
1669 313 1905 367 Ascesis.
1930 311 2227 377 Batnai-di,
2256 312 2496 379 Ciruelo‚
2530 312 2758 380 Vaccus,
2972 335 2995 385 1
3016 333 3157 388 553

517 498 780 556 Andreas
814 498 1080 558 Flores
1115 500 1178 559 Ο.
1212 500 1434 569 praed„
1475 501 1795 576 Hispanae,
1853 501 2129 575 operibus
2190 501 2611 578 philosophicis
2674 502 2795 560 scil.
2846 521 3145 562 commen·

517 587 704 645 Caroli
721 588 786 646 V.
808 587 947 662 imp.
973 590 1150 664 jussu
1169 590 1542 649 concinnavit
1561 590 1797 648 brevem
1852 589 2021 647 tariis
2082 589 2147 648 in
2207 590 2754 660 Aristotelem,
2826 592 3145 650 Petrum

514 675 982 752 familiaremque
1044 682 1240 737 rer'um
1292 679 1427 736 fidei
1479 679 1799 738 catholicae
1854 678 2203 753 Hispanum,
2256 680 2665 738 Boethium
2717 685 2843 747 etc„
2909 681 3143 739 mathe-

514 765 970 826 instructionem
999 768 1120 826 sive
1153 768 1587 837 catechismum,
1621 787 1799 843 quem
1855 767 2084 826 maticis
2114 771 2173 826 et
2192 768 2583 845 astrologicis,
2618 769 2859 827 medicis
2881 773 2987 827 etc.
3021 769 3153 828 huc

516 853 989 934 archiepiscopus
1035 858 1331 917 toletanus
1391 857 1455 916 in
1516 861 1642 916 tota
1691 875 1799 915 sua
1853 860 2078 932 spectat
2096 857 2397 931 Expositio
2445 858 2582 915 libri
2613 858 2871 917 Mis-salis
2901 859 3021 916 sive
3048 858 3139 918 of-

514 943 760 1001 dioecesi
784 945 1181 1006 adhibendum
1204 947 1315 1004 sub
1337 947 1600 1005 censuris
1622 966 1795 1022 prae·
1855 945 2118 1004 ficiorum
2163 947 2688 1006 ecclesiasticorum
2733 948 3140 1006 commentarii

515 1032 767 1107 scripsit,
814 1037 919 1109 qui
951 1036 1086 1095 inde
1117 1035 1182 1094 in
1212 1038 1340 1095 toto
1371 1036 1798 1111 Hispaniarum
1851 1034 1914 1095 ll.
1939 1044 1995 1105 3,
2018 1035 2315 1110 Compluti
2345 1045 2507 1099 1528
2542 1036 2607 1094 iu
2626 1035 2664 1093 f.
2699 1036 2783 1094 De
2814 1037 2944 1112 ejus
2964 1054 3149 1113 scopo

512 1140 694 1198 regno
739 1130 1012 1202 acceptus
1063 1125 1325 1183 omnium
1370 1125 1433 1183 in
1480 1144 1690 1184 manus
1735 1128 1797 1183 et
1852 1123 1936 1181 ita
1968 1123 2173 1183 scribit
2206 1124 2330 1183 Nic.
2365 1125 2761 1183 Antonius
2811 1122 2911 1208 (ΙΙ,
2957 1121 3141 1206 186);

512 1229 615 1269 ora
645 1215 978 1285 pervolavit
1019 1214 1130 1272 hoc
1173 1213 1384 1273 titulo:
1433 1214 1521 1271 De
1564 1215 1621 1271 la
1664 1215 1795 1272 doc·
1853 1212 2120 1280 ,Biblica
2149 1214 2493 1273 testimonia
2527 1215 2590 1273 in
2622 1215 2682 1271 11.
2717 1214 3147 1274 ecclesiasticis

511 1301 670 1357 trina
706 1299 1057 1373 Christiana,
1093 1303 1282 1361 Toleti
1324 1312 1488 1366 1552
1523 1303 1586 1361 in
1621 1310 1673 1366 8.
1706 1335 1797 1347 -
1848 1301 2319 1376 intemeratoque
2371 1303 2592 1361 Missae.
2629 1303 2819 1361 officio
2861 1304 2985 1378 jam
3032 1303 3138 1362 de-

510 1388 737 1447 Ewaldi
768 1391 1021 1452 Vincii
1060 1393 1426 1450 novesiensis
1459 1392 1795 1450 Primordia
1849 1390 2027 1449 ducta
2058 1391 2385 1450 secundum
2405 1392 2708 1467 proprium
2740 1411 2976 1451 sensum
2999 1393 3137 1450 lite-

511 1479 858 1539 christiarme
888 1481 1182 1558 reliyionis
1210 1500 1316 1539 seu
1335 1481 1727 1540 catechismus
1747 1478 1791 1561 ¹)
1847 1480 2046 1547 talem,
2099 1499 2276 1554 quem
2307 1481 2381 1539 ab
2413 1480 2622 1539 horum
2670 1481 2998 1540 officiorum
3031 1501 3142 1540 an·

510 1566 728 1643 prodiit
754 1570 1024 1631 Coloniae
1056 1581 1206 1633 1551
1232 1592 1245 1642 ;
1288 1580 1472 1634 1553,
1505 1602 1590 1614 --
1622 1570 1790 1628 Lam·
1849 1568 2039 1643 tiquis
2057 1569 2386 1628 editoribus
2408 1570 2741 1646 siguificare
2757 1571 2954 1646 posita
2973 1574 3143 1640 sunt,

509 1656 716 1714 bertus
750 1660 820 1718 de
854 1661 1137 1720 Balven
1170 1660 1421 1718 ultimus
1453 1660 1634 1717 abbas
1667 1677 1790 1717 mo·
1848 1676 1982 1716 eum
2016 1676 2189 1733 saepe
2237 1678 2270 1716 a
2301 1658 2516 1717 literali
2562 1659 2783 1718 biblico
2816 1660 3141 1729 diversum,

509 1749 755 1805 nasterii
787 1748 1261 1823 Riddagshusani
1284 1748 1346 1807 Ο.
1369 1748 1506 1807 Cist.
1543 1744 1790 1827 (1553),
1847 1750 2027 1822 atque
2058 1747 2201 1805 item
2234 1748 2514 1806 moralem
2555 1768 2675 1806 non
2705 1748 2902 1807 minus
2936 1750 3009 1807 ab
3044 1750 3149 1807 his

509 1835 676 1909 prius
708 1838 953 1896 Lutheri
983 1838 1203 1897 assecla
1233 1837 1370 1896 dein
1400 1837 1790 1907 adversarius,
1847 1836 2188 1894 auctoribus
2218 1836 2567 1895 intimatum
2587 1840 2916 1913 cunctaque
2936 1855 3139 1897 sacrae

511 1926 623 1984 sub
663 1946 781 2002 quo
827 1927 1250 1986 monasterium
1298 1931 1390 1985 ter
1422 1927 1791 1984 devastatum
1847 1925 2026 2000 hujus
2047 1925 2133 1983 rei
2155 1925 2885 2002 mysteriainterpretatur
2904 1945 3136 1987 arcana.

509 2015 627 2073 fuit
687 2020 746 2073 et
796 2016 1030 2075 demum
1082 2017 1359 2085 deletum,
1423 2015 1793 2073 concinnavit
1845 2013 1922 2071 Et
1941 2014 2178 2089 quidem
2200 2016 2238 2073 1.
2268 2025 2317 2075 1.
2340 2015 2599 2073 declarat
2631 2035 2697 2073 ea
2729 2015 2946 2085 omnia,
2980 2036 3145 2092 quae

511 2104 938 2177 Catechismum,
980 2105 1051 2164 de
1083 2124 1201 2181 quo
1234 2104 1302 2163 cf.
1336 2105 1471 2181 allg.
1506 2104 1559 2161 d.
1593 2104 1789 2180 Biogr.
1846 2103 1905 2160 in
1957 2107 2178 2179 septem
2232 2103 2389 2162 horis
2442 2104 2739 2163 canonicis
2800 2108 2860 2163 et
2922 2105 3137 2164 missae

507 2194 570 2263 11,
609 2204 686 2258 35
726 2214 768 2253 s.
1847 2192 2034 2266 prima
2068 2197 2248 2267 parte.
2298 2212 2475 2268 quam
2511 2197 2724 2251 vocant
2764 2195 3133 2253 catechume-
3179 2256 3185 2263 ,

1845 2299 2054 2339 norum
2104 2282 2515 2352 continentum
2566 2292 2618 2345 2.
2664 2301 2847 2341 vero.
2884 2327 2895 2339 .
2931 2328 2942 2341 .
2985 2284 3134 2342 mis-

601 2384 741 2435 719.
777 2374 846 2431 In
876 2393 1048 2432 sacra
1079 2373 1316 2448 liturqia
1338 2372 1697 2430 illustranda
1729 2376 1789 2429 et
1845 2371 1965 2428 sale
1997 2369 2274 2440 officium,
2324 2370 2483 2446 quod
2529 2390 2635 2447 per
2678 2374 2875 2430 totum
2907 2391 3133 2431 annum

506 2462 855 2521 vindicanda
885 2466 1121 2537 praeter
1151 2466 1244 2519 tot
1276 2460 1619 2537 apologetas
1650 2461 1787 2519 fidei
1844 2459 2004 2517 varie
2036 2460 2386 2531 celebratur,
2426 2460 2606 2535 juxta
2651 2460 2949 2536 duplicem
2994 2480 3126 2520 sen-

505 2551 837 2621 catholicae,
852 2551 1195 2627 praesertim
1210 2550 1491 2608 demissae
1505 2550 1787 2609 sacrificio
1843 2565 1975 2606 sum
2026 2549 2298 2623 exponit3
2365 2557 2418 2609 3.
2470 2550 2573 2623 qui
2626 2549 2782 2608 circa
2833 2555 3131 2609 secretum

505 2640 791 2701 adversus
837 2642 1016 2716 hujus
1051 2640 1233 2699 seculi
1265 2643 1573 2699 novatores
1603 2639 1787 2698 disse·
1841 2637 2049 2695 missae
2071 2654 2353 2697 canonem
2368 2639 2588 2696 versari
2610 2638 2834 2711 debuit,
2856 2658 2930 2698 ne
2946 2640 3125 2700 codex

502 2734 719 2800 renteS,
762 2731 961 2805 plures
993 2729 1096 2787 alii
1129 2729 1448 2805 diligenter
1478 2733 1621 2786 sunt
1652 2749 1781 2786 ver·
1841 2727 2090 2784 nimium
2122 2731 2505 2803 turgesceret,
2540 2730 2991 2804 praetermissus
3010 2729 3131 2787 fuit

505 2821 635 2878 sati.
687 2820 1120 2877 Guilelmus
1151 2818 1528 2876 Bernardi
1561 2817 1622 2875 Ο.
1645 2819 1784 2875 Min.
1841 2816 1912 2872 ab
1947 2819 2188 2874 auctore
2222 2818 2286 2874 in
2318 2817 2477 2875 aliud
2510 2820 2767 2893 tempus,
2801 2837 2907 2876 nec
2929 2819 3129 2878 editus

501 2909 684 2982 Belga
717 2908 1044 2982 disputavit
1074 2909 1142 2964 de
1172 2927 1244 2969 ss,
1277 2909 1601 2964 litterarum
1633 2925 1783 2964 com-
1840 2908 2205 2978 unquam,ut
2221 2905 2908 2981 existimo,cujuslocum
2924 2907 3130 2966 brevia

503 3000 884 3054 manicatione
902 3015 1223 3070 earumque
1259 3014 1467 3054 sensus
1489 2998 1782 3071 germani·
1840 2993 1954 3050 ista
1988 2994 2303 3052 subierunt
2334 2996 2654 3068 opuscula:
2693 2995 2774 3053 De
2808 2999 2935 3054 arte
2958 3016 3133 3072 prae·

502 3088 641 3156 tate,
677 3103 741 3143 ac
774 3087 843 3143 de
877 3086 1195 3144 catholicae
1217 3085 1508 3143 Ecclesiae
1527 3085 1783 3142 veritate
1839 3081 2100 3140 dicandi:
2148 3083 2219 3141 de
2265 3089 2389 3142 arte
2422 3085 2838 3143 memorativa:
2886 3087 2955 3143 de
2988 3104 3139 3145 vera

501 3175 822 3235 christiana
840 3175 1127 3250 quaedam
1150 3174 1457 3242 axiomata,
1493 3173 1562 3231 de
1583 3174 1781 3249 sepul·
1837 3171 1978 3229 luna
1993 3172 2264 3230 sabbathi
2282 3176 2343 3229 et
2358 3173 3080 3232 correctioneKalendarii.
3098 3184 3128 3213 ¹

499 3265 652 3322 turis
697 3268 757 3322 et
789 3264 1080 3338 exsequiis
1127 3264 1271 3339 quid
1305 3262 1680 3320 sentiendum
1722 3267 1783 3321 et
1839 3259 2187 3319 Paradoxae
2216 3265 2573 3338 quaestiones
2603 3262 2681 3338 X,
2741 3263 3130 3323 salmanticae

500 3354 951 3422 observandum,
977 3352 1210 3411 Parisiis
1239 3362 1398 3414 1547
1424 3353 1489 3410 in
1512 3362 1783 3427 8.,opus·
1849 3359 2009 3412 15:38
2059 3351 2123 3408 in
2158 3361 2232 3418 4.,
2280 3369 2399 3425 quo
2447 3351 2509 3408 in
2553 3370 2642 3426 op.
2688 3353 2923 3426 quaerit
2969 3353 3128 3412 inter

500 3445 698 3502 cuium
762 3462 977 3501 rarum.
1055 3475 1139 3486 -—
1201 3442 1414 3498 Petrus
1476 3441 1781 3499 Ciruelo
1838 3439 1947 3496 alia
1965 3439 2038 3497 de
2059 3440 2180 3499 loco
2200 3440 2456 3515 paradisi
2478 3441 2813 3509 terrestris;
2848 3440 2921 3498 de
2941 3443 3125 3500 tertia

499 3534 852 3608 Aragonius,
888 3531 1229 3607 parisiensis
1263 3531 1482 3594 doctor,
1531 3530 1783 3606 insignis
1838 3528 1963 3604 lege
1998 3528 2257 3604 Spiritus
2292 3546 2333 3586 S.
2370 3529 2524 3588 circa
2554 3528 2732 3587 finem
2764 3529 3000 3599 mundi;
3054 3531 3133 3589 de

497 3622 828 3698 theologus,
846 3621 1230 3697 philosophus
1263 3623 1440 3694 atque
1462 3620 1782 3677 mathema·
1838 3617 2332 3693 multiplicatione
2353 3637 2557 3676 sensus
2580 3618 2860 3689 literalis3
2895 3618 2967 3677 de
2988 3620 3124 3678 cab-

498 3712 671 3780 ticuS,
727 3713 895 3771 homo
946 3713 1072 3767 erat
1115 3709 1396 3767 indefessi
1451 3709 1513 3765 in
1566 3708 1782 3766 studiis
1838 3706 1969 3764 bala
2001 3710 2060 3765 et
2093 3706 2284 3781 magia
2308 3707 2661 3781 judaeorum
2705 3709 2767 3766 in
2800 3709 3128 3767 enarranda

496 3800 716 3859 laboris
769 3800 1054 3875 librisque
1105 3802 1391 3874 perpetuo
1441 3798 1779 3866 adhaerenS,
1837 3795 2033 3853 divina
2054 3796 2244 3853 Biblia
2274 3796 2718 3870 etc.Hispanice
2748 3801 2985 3872 praeter
3013 3799 3129 3857 alia

498 3891 666 3963 cnjus
715 3889 1015 3964 permulta
1070 3888 1287 3963 scripta
1348 3887 1509 3945 edita
1557 3887 1780 3962 passim
1836 3884 2050 3942 edidit:
2123 3885 2639 3960 Contemplaciones
2704 3905 2838 3963 muy
2898 3888 3126 3946 devotas

498 3978 655 4036 inter
707 3978 1110 4052 philosophiae
1162 3977 1462 4035 studiosos
1526 3977 1778 4034 circum·
1837 3973 2005 4032 sobre
2039 3975 2126 4031 los
2160 3975 2473 4048 mysterios
2507 3974 2577 4032 de
2614 3974 2669 4034 la
2701 3975 2915 4034 Pasion
2946 3977 3017 4035 de
3051 3975 3123 4037 N.

496 4067 772 4125 feruntur
804 4067 1051 4142 ejusque
1085 4066 1453 4140 diligentiam
1489 4070 1550 4122 et
1581 4064 1779 4123 erudi·
1837 4062 1890 4120 S.
1942 4063 1995 4120 J.
2047 4063 2298 4132 Christo,
2354 4081 2460 4122 con
2510 4083 2595 4121 un
2645 4064 2896 4123 Tratado
2946 4065 3018 4123 de
3068 4065 3133 4124 la

496 4156 718 4215 tionem
767 4176 887 4214 non
939 4156 1236 4232 vulgarem
1283 4155 1564 4212 indicant.
1628 4154 1777 4212 Eum
1836 4152 1959 4209 vita
1999 4151 2263 4210 solitaria
2296 4153 2775 4228 contemplativa,
2825 4154 3125 4230 Compluti

495 4244 768 4303 Ximenes
833 4245 986 4303 card.
1041 4244 1315 4320 praefecit
1377 4242 1684 4301 cathedrae
1736 4262 1777 4299 s.
1846 4250 2007 4304 1543
2057 4241 2119 4298 in
2157 4252 2225 4310 43
2275 4242 2420 4299 Arte
2463 4243 2532 4299 cle
2576 4242 2701 4299 bien
2746 4244 3009 4317 confsar
3038 4243 3123 4302 asi

496 4335 750 4393 Thomae
814 4334 1221 4409 complutensi,
1286 4352 1539 4407 eumque
1602 4333 1775 4389 etiam
1836 4349 1978 4403 para
1997 4330 2052 4388 el
2072 4331 2348 4390 Confesor
2368 4349 2522 4390 como
2546 4350 2688 4405 para
2708 4332 2762 4388 el
2790 4332 3122 4404 Penitente,

493 4424 649 4481 inter
709 4427 1112 4499 praeceptores
1164 4422 1421 4497 Philippi
1472 4420 1546 4477 II.
1599 4422 1779 4479 fuisse
1835 4419 2131 4494 Compluti
2163 4429 2357 4484 1524:
2393 4419 2625 4494 Hispali
2657 4430 2817 4481 1544
2846 4420 2906 4479 in
2932 4430 2986 4484 8.
3009 4427 3129 4485 etc.

491 4513 708 4572 ferunt.
772 4513 1096 4571 Canonicus
1145 4519 1270 4570 erat
1320 4511 1632 4587 theologus
1685 4527 1778 4567 ec·
1833 4543 1920 4552 —-—
1956 4509 2241 4567 Vascus
2290 4510 2467 4567 Diaz
2514 4509 2757 4567 Tanco
2804 4510 2948 4568 alias
2995 4510 3129 4568 Cla·

494 4603 702 4662 clesiae
736 4602 1144 4661 salmantinae.
1179 4600 1616 4659 Praetermissis
1647 4600 1778 4674 ejus
1835 4597 2023 4655 vedan
2057 4598 2110 4655 el
2142 4599 2395 4656 Estanco
2428 4598 2857 4656 Fraxinalensis
2893 4603 3133 4675 praeter

1834 4687 1950 4745 alia
1968 4688 2296 4763 composuit
2311 4683 2355 4766 ¹)
2393 4688 2611 4745 Jardin
2644 4688 2734 4745 del
2754 4689 2929 4746 Alma
2953 4688 3124 4748 Chri-

570 4815 606 4876 1)
635 4806 714 4861 De
755 4824 868 4875 quo
906 4808 976 4861 cf.
1017 4807 1212 4874 aliqua
1246 4805 1522 4859 Katholik
1550 4805 1778 4870 1895.1‚

493 4883 594 4936 187
621 4881 850 4933 auctore
879 4877 947 4932 N.
976 4877 1206 4932 Paulus.
1911 4876 1949 4945 ¹)
1978 4873 2061 4931 Cf.
2090 4874 2214 4930 Nic.
2243 4875 2529 4928 Antonius
2556 4874 2625 4939 11,
2652 4879 2776 4932 322.
