3475 5364
533 363 563 417 1
578 362 656 416 03
669 364 700 416 5
1008 350 1147 402 1476
1160 351 1379 403 —1500.
1407 346 1460 403 S.
1488 344 1800 415 Scriptura.
1829 345 2243 400 commentaria
2268 347 2328 399 et
2356 344 2655 401 versiones.
2974 363 2999 415 1
3014 362 3143 417 03ss

529 530 831 590 auxiliaris
863 532 1126 609 episcopi
1156 532 1474 591 leodiensis
1508 528 1568 613 (†
1595 541 1647 593 3.
1674 532 1802 590 Dec.
1860 532 1963 608 qui
1980 532 2452 591 etHexaemeron
2468 536 2528 590 et
2543 530 2710 591 Pauli
2731 530 3018 607 epistolas
3038 549 3138 589 ex-

534 631 559 681 1
576 628 735 691 492;
786 623 1110 680 secundum
1158 621 1512 699 Biographie
1561 623 1682 681 nat.
1731 620 1806 678 de
1859 622 2143 697 planavit,
2178 640 2328 697 quae
2360 623 2563 680 tamen
2582 621 2997 680 commentaria
3018 639 3139 680 non

527 709 816 785 Belgique
831 710 929 781 XI,
952 719 1076 773 828
1098 711 1324 786 aliquot
1341 711 1514 769 annis
1533 706 1803 791 tardius).
1859 710 2223 786 prodierunt.
2254 709 2489 769 Floruit
2522 730 2571 768 a.
2610 722 2635 772 1
2653 720 2796 773 476.

525 797 964 858 Commentatus
1011 803 1104 859 est
1152 799 1541 877 Evangelium
1593 800 1801 868 Lucae,

524 888 879 964 Magistrum
892 888 1323 947 sententiarum
1334 890 1568 965 aliaque
1582 890 1803 964 scripta
1949 898 2091 951 496.
2171 887 2220 945 G
2234 907 2276 945 ιι
2293 888 2312 945 i
2327 888 2348 946 l
2362 907 2393 947 e
2410 888 2431 945 l
2446 907 2505 944 m
2523 908 2563 946 ιι
2580 908 2606 948 s
2683 889 2737 947 le
2814 888 2873 946 M
2889 907 2919 946 e
2935 908 2975 946 n
2991 908 3025 946 a
3038 908 3078 946 n
3096 889 3137 948 d

523 977 787 1052 reliquit.
864 1011 952 1022 —
1013 977 1457 1037 Guilelmus
1519 979 1804 1037 Textor
1859 972 2206 1057 (Menunus)
2241 977 2304 1035 O.
2336 976 2477 1035 Min.
2516 979 2695 1053 jussu
2723 977 3006 1036 Ludovici
3038 978 3136 1037 XI.

522 1066 1043 1143 Aquisgranensis,
1079 1086 1122 1125 s.
1152 1068 1483 1143 theologiae
1503 1067 1710 1126 doctor
1742 1069 1802 1125 et
1855 1066 2053 1126 Biblia
2067 1066 2409 1140 sacrajuxta
2422 1068 2819 1127 recensionem
2849 1067 3141 1126 versionis

520 1154 585 1212 in
615 1156 926 1232 gymnasio
945 1156 1259 1232 professor,
1294 1157 1471 1215 subin
1491 1156 1796 1216 ecclesias·
1855 1156 2073 1215 latinae
2135 1155 2171 1213 i.
2235 1174 2282 1212 e.
2347 1154 2632 1216 historiae
2708 1156 3143 1215 ecclesiasticae

521 1247 612 1302 tes
645 1244 898 1321 vigilans
929 1249 989 1303 et
1020 1245 1255 1321 eloquio
1288 1246 1480 1304 clarus
1513 1244 1796 1314 Basileae,
1854 1244 2070 1303 Petri
2132 1245 2221 1304 Co
2244 1246 2613 1305 mestoris
2676 1244 2889 1323 gallice
2951 1246 3139 1303 vertit

520 1336 581 1391 et
644 1334 1012 1411 Aquisgrani
1073 1334 1390 1393 canonicus
1452 1335 1532 1409 (fl.
1605 1330 1795 1412 1485)
1853 1334 1947 1393 vel
1978 1334 2131 1392 forte
2163 1333 2328 1391 dedit
2360 1336 2596 1393 tantum
2628 1334 2956 1393 versionem
2988 1334 3134 1393 Gui-

520 1422 760 1498 scripsit
789 1423 852 1481 in
885 1424 1272 1500 Evangelium
1300 1424 1552 1483 «Ioannis
1582 1426 1645 1482 et
1664 1424 1796 1483 alia.
1851 1423 1965 1481 arti
1978 1422 2055 1493 ,de
2071 1422 2328 1481 Moulins
2362 1418 2442 1503 (p.
2487 1434 2603 1487 184
2619 1419 2726 1505 a.):
2760 1441 2911 1498 quae
2939 1423 3141 1485 versio

519 1545 607 1554 —
640 1511 1010 1571 Guilelmi
1044 1512 1116 1571 de
1148 1512 1795 1575 ParisiisO.Praed.
1851 1512 2138 1588 prodiisse
2182 1510 2424 1570 videtur
2468 1531 2513 1571 c.
2559 1533 2608 1571 a.
2668 1522 2849 1577 1484.
2912 1513 3136 1572 Gallice

518 1600 776 1659 auctoris
807 1601 1005 1678 gravis
1050 1604 1111 1660 et
1156 1601 1332 1660 solidi
1352 1602 1594 1677 postilla
1623 1621 1799 1677 super
1852 1602 2075 1676 pariter
2105 1600 2285 1659 vertit
2330 1600 2517 1659 Vitam
2550 1603 2606 1660 J.
2642 1602 2857 1661 Christi
2888 1621 2924 1661 a
2954 1602 3132 1661 Lan-

517 1691 806 1766 evanyelia
821 1688 1192 1751 dominicalia
1208 1691 1533 1751 secundum
1555 1709 1793 1750 sensum
1851 1690 1888 1748 d
1909 1690 1989 1749 ul
2007 1710 2043 1766 p
2058 1690 2095 1747 h
2113 1708 2146 1748 o
2181 1690 2244 1749 Ο.
2278 1690 2470 1749 Carth.
2505 1691 2690 1750 latine
2706 1692 3004 1766 scriptam,
3028 1710 3071 1749 s.
3093 1692 3135 1749 1.

518 1778 810 1837 literalem
836 1780 1008 1856 juxta
1041 1781 1382 1839 concordias
1404 1780 1793 1857 evangelista·
1852 1782 1912 1837 et
1944 1799 2008 1848 εις
2051 1787 2250 1849 1488;
2282 1778 2563 1855 Lugduni
2590 1789 2753 1843 1493
2772 1781 2834 1838 in
2856 1780 2893 1837 f.
2916 1783 3023 1838 etc.
3046 1813 3132 1824 --·

517 1886 668 1937 rum,
720 1868 816 1926 cui
867 1869 1138 1945 subjecta
1186 1872 1277 1928 est
1325 1869 1574 1945 postilla
1618 1888 1797 1944 super
1851 1869 2100 1943 Aliquot
2149 1867 2209 1925 ll.
2274 1865 2531 1949 (Judith,
2582 1870 2811 1938 Esther.
2864 1870 3024 1928 Ruth
3072 1874 3135 1928 et

516 1957 824 2033 evangelia
855 1957 928 2016 de
960 1958 1199 2028 sanctis,
1233 1960 1468 2035 saepius
1487 1959 1711 2034 prodiit
1724 1962 1797 2016 ut
1851 1951 2362 2038 Machabaeorum)
2427 1958 2658 2017 svevice
2708 1959 2892 2016 vertit
2942 1958 2982 2017 J
2997 1965 3133 2017 ons

515 2046 879 2122 Argentinae
934 2057 1131 2116 1486;
1186 2057 1381 2119 1513;
1440 2056 1634 2118 15213
1682 2049 1795 2107 Pa·
1848 2046 2108 2105 Budde
2158 2046 2481 2105 monachus
2531 2048 2597 2106 in
2629 2048 2876 2106 Finniae
2927 2066 3131 2107 mona-

515 2135 679 2193 risiis
750 2146 914 2199 1509
978 2139 1088 2194 etc.
1168 2169 1256 2180 —
1314 2137 1354 2195 J
1371 2154 1657 2196 oannes
1719 2137 1793 2196 de
1848 2136 2027 2194 sterio
2059 2134 2399 2194 Naedendal
2429 2132 2491 2217 (†
2529 2131 2745 2217 1491),
2769 2155 2919 2212 quae
2939 2138 3141 2213 versio,

515 2224 670 2282 Aru
690 2225 924 2283 ndine
956 2221 1096 2306 (van
1113 2222 1310 2307 Riedt)
1331 2226 1593 2290 O.Carm.
1611 2227 1795 2303 Belga
1848 2225 2071 2299 prodiit
2118 2224 2185 2281 in
2233 2241 2325 2300 op.
2376 2225 2513 2282 Kle
2531 2244 2663 2283 mm
2681 2226 2813 2302 ing
2863 2226 3131 2286 Svenska

515 2314 811 2388 professor
841 2314 1184 2389 parisiensis
1214 2318 1276 2372 et
1294 2316 1482 2374 lector
1502 2333 1545 2373 a.
1571 2316 1794 2392 Script-
1848 2312 2239 2372 medeltidens
2299 2313 2722 2383 bibelarheten,
2788 2315 3130 2375 Stockholm

514 2405 687 2461 turae
747 2403 1199 2473 mechliniensis,
1263 2405 1577 2480 episcopus
1623 2405 1790 2464 auxi·
1859 2411 2195 2466 1848-55
2239 2405 2282 2462 t.
2334 2411 2387 2464 2.
2434 2436 2523 2446 —-
2574 2401 2803 2471 Quibus
2855 2403 3130 2464 addimus

514 2491 676 2550 liaris
720 2492 981 2568 episcopi
1027 2494 1397 2569 trajectensis
1443 2489 1503 2574 (†
1545 2503 1638 2556 13.
1671 2494 1790 2552 Jul.
1845 2491 1885 2549 J
1903 2510 2218 2550 oannem
2295 2490 2366 2550 de
2427 2487 2596 2575 (van)
2659 2493 2850 2551 Hese
2930 2491 3134 2573 (HeeS,

523 2576 734 2660 1497),
784 2581 1025 2656 scripsit
1067 2582 1130 2639 in
1175 2602 1262 2659 ep.
1296 2601 1339 2640 s.
1372 2582 1542 2640 Pauli
1574 2583 1646 2640 ad
1680 2583 1792 2642 Ro·
1848 2577 2056 2660 Hesse)
2092 2580 2506 2656 presbyterum
2535 2581 2999 2656 ultrajectinum,
3025 2583 3131 2657 qui

514 2690 717 2729 manos
748 2671 808 2728 et
838 2671 1131 2731 lecturam
1163 2670 1229 2729 in
1258 2672 1293 2730 l.
1316 2670 1652 2748 Sapientiae
1683 2691 1791 2732 no·
1853 2679 2019 2734 1489
2055 2668 2265 2728 invisit
2309 2672 2529 2728 terram
2576 2672 2839 2730 sanctam
2887 2673 2948 2731 et
2979 2671 3130 2731 alias

512 2759 758 2818 tabilem
838 2756 1194 2842 (ineditam).
1271 2794 1358 2803 —
1447 2761 1484 2819 J
1502 2779 1791 2821 oannes
1848 2761 2116 2836 regiones
2150 2757 2429 2829 orientia,
2463 2760 2624 2835 quod
2663 2761 2781 2820 iter
2811 2761 3129 2837 descripsit

513 2847 927 2907 Preslawiz
974 2849 1037 2908 O.
1072 2849 1275 2908 Praed.
1307 2849 1549 2909 natione
1580 2851 1791 2909 Prute-
1847 2848 1911 2906 in
1929 2867 2021 2922 op.
2043 2847 2399 2907 Itinerarius
2429 2891 2443 2906 .
2478 2898 2493 2913 .
2524 2894 2537 2907 .
2572 2868 2607 2908 a
2637 2850 3007 2909 Hierusalem
3022 2870 3134 2926 per

511 2955 645 3005 nus,
696 2937 889 3012 patria
936 2937 1249 3014 ElbinguS,
1297 2938 1609 3014 disciplina
1651 2940 1791 3015 Lip-
1846 2937 2108 2996 diversas
2158 2940 2356 3013 partes
2403 2938 2615 2996 mundi
2662 2958 2705 2996 s.
2757 2959 2805 2997 a.
2853 2945 2914 2996 et
2945 2940 2981 2996 l.
3030 2939 3131 3000 bis

513 3026 726 3084 siensis
759 3026 1086 3101 plurimum
1119 3028 1406 3087 laudatur
1435 3028 1507 3085 ab
1527 3028 1787 3105 ingeni0,
1847 3021 2262 3107 (Argentorati
2303 3035 2499 3097 1485;
2533 3045 2579 3085 c.
2620 3025 2843 3106 1494);
2879 3028 3133 3088 Parisiis

511 3112 864 3185 eruditione,
887 3116 1392 3192 disputationibus
1409 3117 1621 3187 acutis,
1643 3136 1788 3193 quo·
1853 3125 2054 3186 14893
2102 3115 2459 3174 Daventriae
2515 3126 2676 3179 1499
2728 3117 2837 3175 hac
2871 3116 3125 3194 inscrip-

512 3220 646 3260 rum
678 3203 1020 3262 testimonia
1036 3208 1181 3264 sunt
1195 3206 1370 3280 plura
1386 3206 1608 3281 scripta
1627 3207 1701 3264 ab
1722 3225 1790 3266 eo
1845 3205 2038 3263 tione:
2087 3204 2454 3264 Itinerarius
2496 3204 2552 3263 J.
2598 3205 2671 3263 de
2703 3206 2850 3265 Hes
2869 3225 2900 3264 e
2931 3226 3016 3281 pr.
3051 3207 3132 3265 ab

509 3292 733 3362 relicta,
752 3293 907 3353 inter
925 3313 1076 3369 quae
1096 3298 1158 3353 et
1187 3296 1682 3354 commentariain
1699 3315 1789 3371 ep.
1845 3293 2237 3363 Hierusalem,
2302 3293 2641 3352 describens
2704 3294 3129 3369 dispositiones

510 3382 820 3441 canonicas
837 3383 1000 3441 Petri
1019 3387 1080 3441 et
1092 3386 1132 3444 J
1136 3384 1342 3442 oannis
1361 3381 1440 3465 (fl.
1467 3396 1488 3448 1
1507 3395 1585 3448 48
1597 3380 1679 3465 2).
1699 3419 1789 3430 --
1841 3385 2154 3454 terrarum,
2176 3383 2527 3452 insularum,
2544 3384 2838 3442 montium
2859 3387 2920 3442 et
2939 3403 3124 3459 aqua-

508 3470 593 3529 De
616 3473 970 3548 Apocalypsi
988 3473 1228 3532 solliciti
1246 3473 1408 3532 fuere
1442 3473 1482 3532 J
1500 3476 1787 3534 acobus
1842 3490 1978 3529 rum
2026 3490 2093 3554 ac
2142 3472 2324 3531 etiam
2374 3471 2662 3546 quaedam
2715 3473 3013 3532 mirabilia
3062 3476 3126 3534 et

508 3560 580 3618 de
598 3560 634 3619 S
652 3561 922 3631 tralen,
941 3562 1044 3638 qui
1057 3563 1433 3639 gymnasium
1452 3564 1787 3623 coloniense
1841 3560 2105 3636 pericula
2167 3579 2288 3636 per·
2334 3560 2598 3620 diversas
2661 3565 2858 3636 partes
2913 3561 3121 3620 mundi

508 3667 616 3708 sua
647 3650 918 3709 doctrina
949 3654 1009 3709 et
1024 3651 1362 3710 eruditione
1385 3652 1591 3710 multis
1609 3653 1783 3711 annis
1842 3650 2250 3726 contingentia
2280 3649 2644 3708 lucidissime
2675 3669 2971 3710 enarrans.
3025 3650 3123 3709 Tr.

505 3739 829 3798 illustravit
878 3743 940 3799 et
988 3741 1179 3800 adhuc
1225 3741 1374 3800 vixit
1412 3752 1576 3804 1495
1615 3741 1783 3802 valde
1840 3738 1913 3796 de
1946 3740 2143 3798 decem
2177 3737 2521 3798 nationibus
2543 3741 2604 3797 et
2637 3740 2814 3798 sectis
2848 3740 3119 3799 christia-

506 3828 1162 3888 senex.-—-Joannes
1195 3830 1266 3888 de
1299 3831 1781 3889 BomaliaOP.
1839 3846 2085 3898 norum3
2121 3827 2473 3903 ep.Joannis
2498 3827 3120 3900 SoldaniadPiumII3
3218 3859 3221 3862 ·

503 3917 841 3976 Brabantus
873 3918 1170 3993 professor
1187 3920 1518 3996 theologiae
1539 3921 1782 3979 Lovanii
1839 3935 1927 3992 ep.
1974 3916 2351 3992 responsoria
2397 3916 2489 3975 Pii
2535 3917 2595 3975 P.
2642 3917 2715 3976 ad
2764 3918 3118 3986 Soldauum;

503 4025 733 4065 necnon
762 4010 824 4065 et
856 4007 1075 4076 doctor,
1124 4007 1444 4083 inquisitor
1485 4010 1783 4086 generalis
1838 4006 2088 4064 Joannis
2120 4006 2455 4082 presbyteri
2487 4006 2728 4065 maximi
2761 4007 3038 4065 indorum
3059 4013 3123 4067 et

504 4114 609 4171 per
639 4095 914 4171 Belgium
945 4096 1228 4156 adversus
1260 4098 1613 4157 haereticam
1644 4118 1780 4173 pra·
1838 4095 2182 4171 aethiopum
2226 4095 2689 4155 christianorum
2736 4097 2874 4173 imp.
2922 4100 2983 4155 et
3012 4115 3121 4172 pa·

505 4184 746 4245 vitatem
779 4182 840 4264 (†
877 4195 973 4248 25.
1009 4186 1140 4244 Dec.
1182 4182 1395 4270 1477),
1448 4188 1620 4262 cujus
1653 4187 1780 4245 lau·

501 4273 725 4332 dautur
754 4274 927 4332 etiam
961 4277 1387 4336 commentaria
1436 4277 1499 4334 in
1532 4276 1779 4334 Prover·
2382 4337 2393 4348 ,
2446 4338 2457 4348 ,

500 4361 614 4432 bia,
635 4362 1068 4434 Ecclesiastem,
1102 4365 1166 4422 in
1190 4376 1225 4426 4
1250 4365 1307 4422 ll.
1329 4366 1776 4434 sententiarum,
1833 4337 2760 4480 ὲᾷῗῖἐξθῧῢθὸιαῗέἒωιᾱὲὲξέέὲε
2772 4339 3119 4480 ξᾷἶειίἰθιῐιιὲἒ

498 4469 729 4511 necnon
762 4456 833 4510 tr.
868 4453 938 4511 de
971 4454 1326 4512 eucharistia
1357 4458 1417 4513 et
1451 4454 1778 4513 virtutibus
1834 4481 1935 4548 qui
1976 4481 2205 4536 parisiis
2245 4481 2573 4536 cathedram
2614 4482 2819 4536 rexerit
2859 4483 3117 4552 Gregorii

497 4541 850 4618 theologicis
870 4540 1148 4622 (inedita)
1190 4576 1262 4584 --
1301 4546 1361 4602 et
1393 4544 1450 4600 M
1466 4543 1673 4602 artin
1690 4562 1731 4601 u
1749 4563 1776 4601 s
1832 4551 2210 4619 ariminensis,
2226 4553 2323 4608 sed
2344 4552 2493 4608 viam
2512 4553 2564 4606 N
2568 4554 2905 4608 ominalium
2922 4554 3117 4607 inierit

496 4631 551 4689 A
565 4631 586 4688 l
601 4649 640 4706 p
656 4631 693 4688 h
712 4649 743 4689 o
758 4651 802 4690 n
817 4651 844 4689 s
862 4651 904 4690 u
921 4651 946 4690 s
980 4652 1014 4690 a
1046 4631 1313 4690 Corduba
1326 4629 1371 4709 1)
1418 4632 1481 4691 Ο,
1517 4633 1571 4691 S,
1603 4635 1776 4709 Aug„
1832 4626 1890 4678 et
1916 4624 2203 4692 quaedam
2222 4623 2619 4694 philosophica
2637 4624 2899 4706 ediderit.
2927 4625 3114 4679 Oasin·

1833 4712 1933 4765 ger
1960 4712 2091 4749 vero
2118 4713 2173 4765 p.
2195 4700 2299 4753 266
2320 4696 2471 4750 hunc
2493 4699 2861 4765 posteriorem
2886 4699 3115 4751 tantum

1832 4767 2139 4836 cognoscit,
2183 4783 2428 4835 eumque
2469 4768 2725 4838 appellat
2751 4768 2920 4837 Alph.
2948 4767 3116 4822 Mart.

576 4842 611 4909 ¹)
641 4838 723 4893 Cf.
768 4837 892 4891 Nic.
938 4836 1224 4889 Antonius
1273 4836 1419 4890 Bibl.
1471 4837 1616 4907 hisp.
1663 4840 1777 4892 vet.
1832 4854 1867 4891 a
1893 4837 2175 4900 Corduba,
2203 4844 2261 4893 et
2288 4838 2492 4907 prioris
2534 4838 2708 4893 etiarn
2748 4840 2883 4893 huic
2910 4839 3121 4893 tribuit

493 4910 532 4965 l.
560 4913 630 4966 10
655 4928 701 4964 c.
727 4915 795 4965 12
825 4926 878 4962 n.
906 4911 1011 4964 658
1028 4925 1114 4961 ss..
1143 4907 1241 4974 qui
1261 4907 1408 4964 Bibl.
1428 4908 1576 4977 hisp.
1595 4925 1776 4963 novae
1832 4925 2004 4978 opera
2032 4913 2079 4980 (†
2108 4914 2288 4980 1542).
