3475 5364
569 336 593 386 1
611 335 727 387 507
876 319 1249 373 1541—1563.
1276 316 1618 384 Interpretes
1644 333 1687 368 s.
1716 315 1897 370 Pauli.
1926 298 2259 380 Richardus,
2288 315 2548 381 Grandis,
2576 315 2853 379 Grimani,
3010 334 3185 388 1508

561 504 972 579 theologorum
1018 502 1318 561 facultatis
1370 508 1644 564 correcta.
1713 503 1842 561 Col·
1896 503 2384 562 annotationibus
2395 504 2729 579 explicavit,
2749 503 2988 571 Parisiis
3010 512 3179 567 1536

561 593 811 652 lationes
842 592 905 649 in
942 591 1314 661 Matthaeum,
1356 592 1599 650 Parisiis
1639 600 1840 663 1556;
1896 592 1956 650 in
1995 602 2048 655 8.
2083 626 2169 636 —
2203 593 2467 651 Marinus
2500 592 2845 652 Grimani
2894 592 3182 663 Venetae,

570 691 733 744 1562
754 682 902 751 inf.;
924 680 1341 740 Enarrationes
1360 683 1420 739 in
1440 681 1544 741 Ev.
1565 680 1837 756 Joanm's,
1895 681 2274 741 literatorum
2308 682 2629 753 MaecenaS,
2682 682 2775 740 vir
2818 681 3087 740 doctrina
3120 686 3187 740 et

561 770 804 829 Parisiis
866 779 1063 840 1550;
1115 770 1397 846 Lugduni
1454 780 1641 833 1555.
1704 771 1842 828 Non
1896 770 2238 846 eloquentia
2268 771 2462 829 clarus
2494 789 2562 829 ex
2581 771 2918 855 patriarcha
2950 772 3183 846 aquile-

563 861 754 919 solum
800 859 1004 918 Sixtus
1056 859 1338 930 senensis,
1403 858 1507 917 sed
1568 862 1631 917 et
1678 858 1840 918 Rich.
1888 860 2048 935 jensi
2080 880 2115 919 a
2147 860 2445 919 Clemente
2477 860 2603 919 VII.
2651 860 3041 919 renunciatus
3088 864 3183 918 est

563 949 762 1011 Simon
793 948 1020 1008 labores
1038 949 1219 1023 hujus
1240 951 1514 1026 exegetae
1546 966 1841 1008 commen-
1897 949 2215 1008 cardinalis
2245 951 2357 1007 eta
2376 949 2560 1008 Paulo
2576 949 2663 1008 111
2678 950 2838 1008 inter
2851 950 3182 1008 cardinales

561 1038 680 1097 dat.
730 1071 817 1081 —
868 1037 1308 1096 Richardus
1372 1038 1436 1096 Ο.
1483 1037 1622 1096 Min.
1657 1038 1840 1096 Ceno-
1896 1058 2002 1114 pro
2033 1038 2213 1097 rebus
2245 1038 2481 1097 concilii
2512 1039 2778 1097 delectus
2810 1034 2871 1119 (†
2904 1039 3178 1114 28.Sept.

562 1146 773 1186 manus
805 1128 1012 1185 doctor
1041 1126 1387 1203 parisiensis
1408 1125 1595 1184 edidit
1624 1126 1841 1211 Petri
1906 1123 2118 1208 1546).
2182 1127 2446 1202 Reliquit
2496 1128 2918 1186 commentaria
2976 1128 3037 1185 in
3088 1146 3179 1203 ep.

561 1215 878 1275 Lombardi
909 1215 1359 1274 commentarios
1392 1217 1455 1273 in
1480 1223 1658 1273 totum
1672 1214 1840 1274 Psal-
1900 1216 2069 1274 Pauli
2102 1218 2181 1275 ad
2213 1217 2506 1275 Romanos
2536 1221 2598 1275 et
2629 1219 2707 1275 ad
2745 1216 3013 1291 Galatas,
3063 1217 3180 1275 Ve-

560 1308 769 1364 terium
818 1322 972 1363 nova
1019 1304 1329 1381 diligentia
1375 1307 1698 1375 contextos,
1731 1305 1842 1363 Pa-
1898 1305 2076 1364 netiis
2116 1314 2302 1369 1542.

561 1394 722 1453 risiis
762 1402 914 1457 1541
962 1395 1024 1452 in
1044 1394 1115 1463 ·f.‚
1167 1397 1230 1452 et
1262 1394 1604 1451 Antidotum
1636 1397 1843 1452 contra
2338 1459 2347 1469 ,

561 1483 791 1542 Erasini
838 1500 1145 1541 censuram
1188 1482 1253 1540 in
1298 1483 1570 1558 regulam
1615 1482 1669 1540 d.
1715 1484 1839 1541 Au·
1990 1492 2132 1547 689.
2151 1483 2580 1543 Celeberrimus
2595 1489 2656 1542 et
2671 1483 3180 1542 nominatissimus

560 1571 810 1649 gustini‚
858 1572 923 1630 in
973 1571 1061 1631 ed.
1112 1590 1245 1647 opp.
1280 1590 1325 1632 s,
1358 1572 1686 1647 Augustini
1720 1591 1841 1630 cur.
1896 1573 2230 1648 theologuS,
2263 1578 2736 1649 purpuratorum
2767 1574 2946 1631 decus
2978 1576 3039 1631 et
3060 1572 3182 1630 Ita-

560 1661 717 1737 Hug.
769 1680 802 1718 a
850 1662 1030 1721 Porta
1069 1671 1228 1723 1541
1269 1664 1310 1718 t.
1353 1672 1402 1723 1.
1466 1661 1612 1736 Ejus
1645 1680 1735 1736 ep.
1768 1661 1841 1718 ad
1896 1662 2012 1720 liae
2043 1661 2488 1720 nobilissimum
2509 1668 2923 1721 ornamentum
2957 1662 3062 1719 hac
3079 1681 3180 1720 ae·

561 1750 907 1809 Marcellum
939 1750 1253 1809 Cervinum
1284 1751 1354 1808 de
1388 1750 1730 1823 differentiis
1751 1752 1840 1807 in·
1897 1754 2020 1809 tate
2069 1754 2198 1810 erat
2226 1743 2630 1828 Hieronymus
2682 1750 3181 1827 Seripandus.

560 1848 650 1899 ter
696 1858 971 1917 ,araceum
1026 1847 1076 1897 et
1124 1840 1365 1897 latinum
1400 1839 1474 1898 N.
1515 1840 1576 1896 T.
1626 1846 1843 1897 textum
1898 1841 2092 1898 Natus
2125 1843 2217 1898 est
2250 1840 2340 1898 vir
2383 1840 2929 1916 praestantissimus
2960 1840 3181 1898 nobili-

560 1929 740 1987 habes
772 1928 933 2003 apud
966 1929 1020 1986 le
1052 1929 1186 1986 Plat
1215 1927 1313 1997 IV,
1356 1938 1719 1990 104—110.
1757 1961 1843 1971 --
1897 1928 2011 1987 bus
2043 1928 2392 2004 parentibus
2416 1929 2624 2005 Trojae
2645 1929 2706 1987 in
2729 1929 2947 2005 Apulia
2971 1940 3023 1991 6.
3043 1929 3180 2004 Maj.

563 2018 994 2077 commentaria
1039 2017 1348 2076 Nicolai
1399 2017 1730 2075 Grandis
1778 2017 1841 2075 0.
1905 2027 2104 2080 1493:
2158 2018 2296 2077 hinc
2327 2018 2392 2075 in
2423 2017 2720 2094 baptismo
2752 2017 3043 2093 Trojanus
3075 2037 3183 2077 no-

562 2107 701 2166 Min.
735 2109 796 2164 in
828 2108 1095 2180 epistolas
1138 2107 1220 2166 ad
1250 2107 1557 2173 Romanos,
1604 2105 1841 2180 prodie-
1896 2106 2180 2165 minatus.
2244 2107 2480 2183 Aegidii
2531 2106 2910 2166 viterbiensis
2974 2104 3070 2189 (cf.
3123 2127 3181 2183 p.

560 2200 708 2254 runt
740 2196 980 2255 Parisiis
1020 2205 1183 2258 1537
1208 2195 1273 2253 in
1292 2195 1348 2264 f„
1383 2200 1443 2253 et
1474 2198 1535 2253 in
1553 2194 1844 2254 Hebraeos
1907 2191 2101 2275 1215)
2138 2196 2517 2255 concionibus
2562 2200 2888 2255 commotus
2930 2196 3181 2272 perado-

570 2295 733 2349 1546
769 2286 834 2343 in
870 2295 938 2353 ὃς
986 2282 1274 2362 Apoloqia
1311 2302 1428 2357 pro
1467 2286 1642 2342 unica
1674 2285 1842 2360 May·
1898 2285 2194 2343 lescensa.
2219 2295 2295 2347 12
2317 2285 2742 2362 augustiniano
2758 2284 2950 2343 ordini
2965 2303 3183 2344 nomen

561 2376 768 2433 aalma
802 2374 1185 2450 ejusdemque
1217 2374 1517 2449 apologiae
1568 2376 1843 2432 tutamen
1897 2372 2061 2432 dedit
2091 2368 2335 2456 (1507).
2401 2374 2816 2449 Philosophiae
2861 2377 2922 2432 et
2952 2374 3184 2433 theolo-

560 2467 621 2522 et
651 2464 925 2533 anchora,
959 2464 1040 2522 ib.
1068 2470 1233 2524 1518
1265 2463 1328 2521 in
1352 2473 1426 2532 4.,
1460 2462 1532 2520 de
1565 2481 1682 2537 qua
1703 2481 1842 2522 con·
1897 2464 2030 2539 giae
2080 2462 2272 2522 cultui
2323 2464 2594 2522 studium
2642 2463 2914 2538 adjunxit
2943 2463 3181 2539 lingua-

561 2552 854 2612 troversia
884 2553 952 2615 cf.
974 2571 1159 2628 supra
1189 2571 1244 2627 p.
1286 2561 1450 2614 1300
1488 2570 1529 2609 s.
1565 2550 1844 2629 Proloqua
1897 2571 2030 2610 rum
2063 2570 2305 2629 graecae
2338 2556 2399 2609 et
2433 2552 2754 2612 hebraicae.
2789 2552 2880 2610 Ad
2912 2552 3178 2611 excolen-

558 2643 624 2702 in
658 2641 1012 2720 Magistrum
1051 2641 1485 2701 sententiarum
1517 2645 1577 2699 et
1609 2640 1842 2702 collatio
1897 2641 2039 2700 dum
2093 2641 2282 2722 magis
2335 2641 2646 2718 ingenium
2705 2642 2881 2718 plane
2945 2640 3175 2718 insigne

560 2731 929 2791 diversarum
973 2731 1431 2789 translationum
1477 2731 1752 2789 Psalterii
1785 2735 1844 2789 et
1900 2731 2137 2790 Romam
2170 2731 2395 2789 accitus
2428 2737 2520 2790 est
2536 2733 2610 2790 ab
2632 2730 2858 2789 ordinis
2873 2732 3175 2808 magistro,

562 2821 836 2897 apologia
880 2821 1307 2879 ecclesiasticae
1356 2820 1655 2890 editionis,
1707 2820 1841 2878 ubi·
1898 2821 2002 2895 qui
2019 2838 2154 2878 eum
2185 2819 2411 2878 ordinis
2442 2821 2824 2880 secretarium
2848 2819 3183 2897 designavit

561 2928 795 2985 cunque
827 2908 1001 2968 lectio
1036 2910 1280 2985 vulgata
1297 2909 1371 2967 ab
1391 2909 1665 2968 hebraica
1683 2910 1841 2967 veri·
1897 2929 1945 2967 a.
1986 2919 2171 2971 1514.
2206 2913 2378 2968 Anno
2418 2920 2580 2973 1519
2616 2910 2679 2967 in
2711 2909 2964 2969 comitiis
2997 2928 3183 2985 gene-

560 3001 684 3056 tate
717 3001 822 3056 aut
856 2998 997 3057 alias
1030 2999 1257 3056 variare
1290 2997 1618 3067 videbatur,
1653 2999 1840 3056 inter·
1897 2997 2122 3056 ralibus
2142 3017 2352 3072 regens
2369 2998 2754 3059 bononiensis
2769 3002 2832 3057 et
2845 2998 3023 3075 paulo
3038 3002 3185 3074 post

560 3091 726 3146 texta
756 3106 861 3163 per
893 3087 1309 3146 commentaria
1341 3087 1502 3144 Petri
1524 3087 1840 3146 Lombardi
1896 3087 2252 3146 auctoritate
2312 3087 2616 3163 pontificia
2676 3087 3006 3164 theologiae
3053 3107 3181 3146 ma-

560 3177 622 3235 in
655 3176 1033 3244 Psalte1·ium‚
1068 3177 1319 3234 Parisiis
1364 3186 1519 3239 1541
1579 3177 1646 3234 in
1680 3177 1717 3234 f.
1753 3209 1838 3220 —
1896 3176 2085 3252 gister
2138 3179 2231 3235 est
2268 3176 2616 3235 declaratus.
2679 3178 2852 3236 Anno
2891 3185 3054 3239 1523
3091 3177 3178 3234 vi-

562 3265 926 3325 Philibertus
989 3265 1227 3325 Hares
1246 3266 1378 3324 che
1441 3265 1503 3323 Ο.
1570 3266 1624 3323 S.
1688 3268 1840 3342 Aug.
1896 3265 2092 3324 carius
2153 3266 2444 3341 generalis
2505 3265 2980 3342 congregationis
3041 3264 3171 3322 Car-

560 3355 720 3431 prior
781 3355 1048 3414 coenobii
1112 3354 1478 3430 parisiensis,
1524 3355 1844 3429 inquisitor
1896 3354 2171 3413 bonariae
2220 3355 2295 3413 ad
2342 3373 2385 3412 s.
2432 3354 2470 3412 J
2474 3374 2723 3414 oannem
2767 3355 3030 3432 eligitur,
3079 3353 3175 3411 cui

559 3463 666 3521 per
717 3445 1040 3504 Galliarum
1102 3463 1352 3521 regnum
1419 3438 1479 3523 (†
1537 3455 1633 3507 21.
1688 3445 1840 3520 Aug.
1898 3444 2131 3502 muneri
2162 3462 2268 3519 per
2299 3444 2610 3502 biennium
2641 3463 2860 3520 magna
2879 3463 3015 3502 cum
3033 3462 3176 3519 pru-

569 3531 781 3615 1545)‚
845 3534 1117 3611 vulgavit
1166 3534 1588 3592 commentaria
1638 3533 1842 3592 brevia
1898 3532 2100 3591 dentia
2121 3536 2183 3591 et
2201 3533 2470 3608 profectu
2491 3533 2838 3610 disciplinae
2869 3532 3179 3591 satisfecit.

562 3627 622 3682 et
655 3624 918 3683 dilucida
948 3627 1013 3681 in
1045 3643 1130 3699 ep.
1154 3624 1210 3683 d.
1231 3621 1405 3681 Pauli
1426 3625 1503 3680 ad
1524 3624 1840 3690 Romanoa,
1896 3620 1968 3680 In
2000 3622 2388 3680 nobilioribus
2419 3622 2628 3680 Italiae
2660 3622 3004 3680 civitatibus
3040 3640 3179 3680 con-

560 3714 621 3771 in
655 3714 876 3788 quibus
923 3717 1060 3788 post
1104 3716 1367 3771 exactam
1413 3712 1838 3788 expositionem
1898 3710 2169 3770 cionatus
2202 3715 2294 3768 est
2325 3714 2496 3769 tanta
2526 3711 2898 3786 eloquentiae
2917 3711 3086 3780 fama,
3108 3715 3180 3769 ut

559 3803 918 3877 apostolicae
939 3803 1173 3868 mentiS‚
1208 3801 1581 3859 definitiones
1602 3819 1840 3875 quoque
1899 3803 1960 3857 et
1993 3801 2232 3859 Carolus
2263 3799 2329 3858 V.
2363 3800 2501 3875 imp.
2535 3819 2670 3859 eum
2702 3799 2960 3858 libenter
2977 3803 3039 3857 et
3061 3799 3178 3858 fre·

560 3911 766 3950 vocum
801 3892 1204 3949 difficiliorum
1237 3895 1297 3949 et
1316 3890 1682 3948 diversarum
1718 3891 1839 3965 sig·
1898 3893 2151 3963 quenter
2199 3889 2406 3948 audire
2457 3890 2732 3951 voluerit.
2796 3887 2866 3946 In
2916 3888 3178 3964 capitulo

559 3981 968 4039 nificationum
987 3981 1373 4054 acceptiones.
1409 3980 1549 4037 item
1584 3979 1840 4038 auctori-
1895 3979 2155 4055 generali
2211 3988 2373 4041 1539
2410 3978 2659 4055 Neapoli
2706 3978 2908 4036 habito
2953 3978 3179 4036 electus

560 4072 712 4127 tates
747 4069 811 4127 V.
845 4070 904 4130 Τ.
940 4069 1063 4127 sive
1099 4069 1246 4126 LXX
1287 4071 1683 4144 interpretum
1718 4069 1840 4127 sive
1895 4068 2067 4125 estin
2084 4067 2437 4144 magistrum
2468 4068 2803 4144 generalem
2835 4066 3079 4135 ordinis,
3114 4067 3182 4124 in.

562 4158 865 4216 hebraicae
945 4158 1228 4228 veritatis,
1308 4176 1458 4232 quas
1537 4157 1840 4216 interdum
1896 4175 2014 4231 qua
2075 4157 2367 4233 dignitate
2429 4178 2477 4214 a.
2538 4165 2613 4219 12
2664 4174 2877 4233 magna
2917 4156 3176 4231 justitia,

562 4247 836 4321 sequitur
885 4246 1203 4322 apostolae,
1267 4266 1390 4305 eam
1455 4247 1838 4305 lucidissimis
1897 4246 2159 4315 caritate,
2213 4245 2351 4316 ze10,
2405 4265 2547 4321 pace
2599 4248 2658 4304 et
2703 4245 3021 4321 exemplari
3056 4244 3181 4302 vita

559 4388 597 4394 ,
1895 4335 2170 4410 praefuit.
2235 4335 2492 4395 Concilio
2523 4334 2852 4393 tridentino
2884 4333 3176 4406 interfuit,

560 4452 892 4523 episcopum
918 4452 1035 4512 Jac,
1065 4451 1330 4514 Hurault,
1362 4457 1427 4504 ut
1451 4454 1568 4505 tam
1597 4451 1838 4505 arduum
1897 4424 2001 4482 nbi
2036 4444 2169 4483 cum
2201 4424 2335 4482 aliis
2357 4424 2677 4501 dOPUtsstUS
2697 4427 2789 4482 θεῖ
2805 4423 2880 4483 ad
2896 4423 3178 4523 collige-¹¹·

561 4529 791 4592 tamque
819 4523 1122 4593 mysticum
1151 4541 1293 4593 opus
1322 4522 1742 4577 commentariis
1779 4522 1842 4575 il·
1898 4514 2004 4573 dos
2038 4514 2277 4580 abusa&
2313 4513 2415 4588 qui
2449 4512 2600 4572 circa
2621 4512 2989 4587 Scripturam
3020 4531 3062 4570 s.
3096 4532 3176 4569 lr-

561 4595 923 4650 lustrandum
952 4595 1313 4663 susceperim.
1368 4593 1520 4659 Quin
1563 4595 1843 4648 hactenus
1899 4607 2221 4678 repserant,
2270 4606 2330 4660 et
2375 4601 2447 4660 gd
2488 4621 2691 4661 eorum
2723 4601 2980 4660 remedia
3010 4619 3176 4660 0¹00-

559 4665 1844 4807 &¹Pfft‘fflm.insssszffiiffimsssfflffie5353‘32533
1899 4693 2142 4768 giumda
2174 4692 2666 4766 formamque
3075 4690 3175 4748 d.-

561 4811 641 4867 Cf.
672 4812 736 4866 R.
765 4813 960 4865 Simon
1003 4811 1146 4865 Hist.
1174 4808 1298 4863 crit.
1338 4809 1435 4863 des
1478 4809 1655 4878 princ.
1685 4809 1843 4862 Com·
1899 4784 2144 4840 oretum·
2207 4781 2369 4841 Circa
2418 4785 2722 4856 peccatum
2776 4780 3065 4856 originale
3114 4783 3177 4837 et

560 4886 732 4937 ment.
762 4900 806 4938 c.
834 4888 901 4940 39
929 4903 983 4953 p.
1011 4886 1115 4938 575
1142 4899 1184 4936 s.
1897 4871 2220 4946 peccatoris
2223 4870 2704 4946 justificationem
2716 4869 3177 4946 singulariserat
