3475 5364
2850 365 2973 418 7:38

353 361 474 415 737
685 343 998 414 Theologia
1021 345 1136 415 pol.
1164 345 1292 400 adv,
1320 344 1490 401 Wicl.
1521 345 1891 415 Patrington‚
1925 345 2232 414 Homburg‚
2261 345 2512 400 Zwicker
2537 349 2639 402 etc.

349 526 687 612 operibus¹)
733 534 806 589 tr.
858 534 1093 590 tantum
1143 533 1212 590 de
1259 534 1633 591 immaculata
1691 532 1758 591 Ο.
1778 532 1917 595 Min.
1930 532 2574 607 patriaNorfolciensis,
2591 531 2976 604 stheologiae

350 619 645 693 Deiparac
678 620 739 678 V.
772 623 1142 698 conceptione,
1177 621 1332 680 forte
1364 623 1632 696 quaestio
1692 621 1903 680 doctor
1921 625 1983 681 et
2001 621 2300 697 professor
2332 620 2683 691 oxoniensis,
2707 621 2978 679 minister

271 738 275 742 ·
348 727 415 767 ex
447 709 578 785 ejus
610 710 1030 769 commentario
1060 709 1125 768 in
1155 711 1194 773 1.
1232 723 1285 769 3.
1318 713 1465 769 sent.
1499 730 1631 786 pro·
1690 711 2077 786 provincialis
2106 729 2215 787 per
2233 711 2508 787 Angliam
2535 706 2596 792 (†
2629 706 2836 790 1407),
2872 710 2975 784 qui

348 797 461 856 diit
487 798 552 856 in
584 798 987 858 monumentis
1022 799 1343 875 seraphicis
1363 801 1527 858 Petri
1561 800 1632 859 de
1689 799 1912 875 scripta
1942 817 2179 874 quoque
2211 798 2538 858 elaboravit
2584 818 2765 874 super
2794 799 2974 857 schis-

349 887 514 957 Alva,
545 887 791 946 Lovanii
829 898 992 950 1665
1030 907 1084 962 p.
1127 898 1265 951 191.
1299 921 1383 932 —-
1418 890 1632 966 Regi·
1687 893 1846 947 mate
1876 889 2038 947 inter
2068 888 2439 947 Bonifacium
2470 888 2567 950 IX.
2600 891 2663 946 et
2693 887 2976 946 Benedic-

349 975 624 1034 naldus
656 977 1407 1054 LanghamusAnglus,
1430 979 1634 1038 doctor
1687 982 1820 1035 tum
1852 976 2010 1035 XIII.
2056 1011 2144 1021 —
2189 977 2532 1036 Joannes
2581 977 2825 1036 Marro
2877 974 2976 1058 (de

348 1065 836 1142 cantabrigiensis
867 1061 951 1147 (fl.
983 1061 1195 1147 1410),
1217 1067 1310 1125 vir
1328 1071 1455 1125 erat
1474 1068 1632 1126 acuti
1688 1065 1897 1135 Matre,
1931 1063 2186 1143 Mari-ey)
2219 1067 2283 1129 O.
2317 1066 2501 1124 Carm.
2549 1085 2616 1124 ex
2652 1084 2804 1141 pago
2835 1066 2975 1125 ebo-

346 1153 588 1230 ingenii,
623 1155 726 1212 sed
758 1155 1034 1213 nonnihil
1065 1155 1346 1232 litigiosi:
1381 1174 1627 1216 consue·
1686 1155 1918 1215 rac-ensi
1962 1154 2023 1234 (†
2060 1164 2113 1218 8.
2146 1155 2316 1214 Mart.
2379 1152 2588 1231 1407),
2637 1155 2743 1229 qui
2790 1154 2974 1230 scrip-

346 1246 514 1301 verat
544 1245 701 1301 enim
734 1249 945 1320 argute
963 1244 1290 1320 disputare,
1326 1245 1631 1304 subtiliter
1687 1244 1766 1302 sit
1796 1244 1977 1303 etiam
2012 1244 2285 1319 postillae
2333 1244 2398 1302 in
2431 1244 2673 1303 Cantica
2717 1243 2973 1302 cantico-

347 1331 730 1408 distinguere,
781 1333 1039 1392 dilucide
1087 1334 1396 1409 explicare,
1449 1334 1637 1393 solide
1686 1352 1839 1401 rum,
1874 1333 2299 1394 commentaria
2339 1333 2405 1391 in
2453 1332 2808 1409 magistrum
2841 1350 2974 1391 sen-

347 1420 714 1491 concludere,
747 1421 851 1480 sed
882 1441 952 1482 ex
984 1422 1260 1481 omnibus
1307 1442 1457 1499 pene
1490 1424 1630 1482 reli·
1685 1423 2008 1481 tentiarum
2056 1426 2164 1482 etc.
2212 1456 2298 1465 —
2344 1421 2643 1482 Celebrior
2684 1420 2805 1480 tuit
2847 1422 2976 1496 ejus

345 1510 523 1586 giosis
555 1510 867 1570 ordinibus
912 1511 1179 1571 doctores
1228 1531 1495 1587 quosque
1525 1513 1628 1572 ha-

344 1599 482 1657 buit
510 1598 771 1659 infensos
802 1604 865 1658 et
881 1600 1142 1670 infestae,
1178 1601 1321 1661 adeo
1342 1607 1413 1660 ut
1429 1603 1631 1677 plures

344 1691 549 1747 contra
565 1688 737 1746 illum
759 1691 821 1746 et
832 1688 962 1764 ipse
979 1689 1241 1749 vicissim
1262 1696 1465 1749 contra
1480 1692 1629 1751 alios

346 1772 711 1858 scriberetss).
781 1811 859 1821 -—-
922 1778 1268 1838 Joannes
1330 1779 1629 1838 Edaeus

349 1862 514 1948 (Ede,
548 1863 805 1945 Aedeus)
838 1867 902 1925 in
921 1867 1128 1925 Wallia
1145 1872 1343 1938 natue,
1378 1869 1627 1944 Augias,

346 1955 602 2014 Oxoniae
652 1956 829 2013 etiam
862 1956 1200 2015 Aristotelis
1247 1976 1423 2033 opera
1469 1976 1626 2016 com-

345 2043 653 2103 mentariis
684 2044 1015 2104 illustravit
1048 2042 1109 2126 (†
1149 2055 1358 2116 1406).
1385 2079 1459 2090 —-
1490 2049 1621 2104 An-

344 2135 616 2192 tonius
664 2133 949 2192 Visalli
995 2134 1058 2192 Ο.
1093 2135 1230 2193 Min.
1264 2135 1441 2198 conv,
1475 2137 1626 2194 Mes-

345 2223 629 2292 sanensis,
681 2223 955 2299 martyrii
1015 2223 1309 2283 desiderio
1354 2228 1629 2283 aestuans

344 2311 438 2370 bis
471 2311 544 2369 ad
582 2311 868 2392 barbaras·
907 2312 1176 2390 regiones
1225 2314 1342 2372 iter
1390 2313 1625 2384 direxit,

344 2400 445 2459 sed
492 2400 816 2460 obsistente
867 2402 1101 2460 Domini
1161 2402 1472 2461 voluntate
1533 2402 1626 2461 bis

343 2489 522 2548 etiam
574 2489 807 2567 regredi
858 2494 954 2548 est
1000 2491 1250 2556 coactae.
1291 2524 1377 2535 —·
1425 2491 1625 2568 Magni

344 2578 542 2637 meriti
602 2578 721 2637 fuit
770 2579 1205 2638 Guilelmus
1256 2580 1537 2639 Butler
1582 2599 1624 2638 S.

341 2668 677 2745 theologiae
705 2668 911 2727 doctor
936 2671 998 2727 et
1022 2668 1320 2745 professor
1350 2670 1625 2730 oxonien-

342 2758 444 2828 sis,
478 2758 814 2832 provinciae
845 2759 1218 2834 praepositus
1254 2755 1316 2840 (†
1347 2779 1392 2817 c.
1437 2770 1550 2822 141
1567 2772 1624 2828 ος

342 2846 668 2906 secundum
718 2847 868 2905 alios
918 2843 1168 2930 postea).
1232 2848 1372 2907 Ideo
1424 2858 1623 2907 autem

342 2935 697 3006 laudandus,
732 2936 891 3010 quod
923 2955 986 2994 se
1006 2943 1248 2995 strenue
1280 2938 1627 3012 opposuerit

342 3025 600 3084 versioni
631 3042 676 3082 s.
708 3025 1048 3100 'Scripturas
1077 3026 1141 3084 in
1173 3026 1444 3102 linguam
1476 3046 1621 3102 ang-

343 3112 534 3184 licam,
567 3132 720 3189 quae
750 3118 897 3173 tunc
915 3115 1246 3188 promiscue
1266 3115 1422 3174 inter
1441 3117 1618 3175 rusti·

343 3219 441 3263 cos
471 3208 533 3261 et
560 3204 819 3261 incultos
851 3203 1116 3263 homines
1160 3205 1280 3262 late
1324 3204 1623 3263 diffunde·

341 3292 537 3362 batur,
569 3293 728 3349 unde
773 3296 904 3351 orta
948 3297 1091 3351 sunt
1139 3294 1347 3368 gravia
1378 3294 1533 3351 mala
1563 3298 1627 3351 et

342 3381 635 3440 scandala.
687 3380 895 3440 Effecit
956 3384 1080 3440 sua'
1124 3383 1500 3457 operositate,
1553 3388 1625 3440 ut

342 3471 616 3528 ederetur
648 3469 927 3539 edictum,
976 3489 1095 3545 quo
1143 3474 1490 3530 vetarentur
1520 3471 1626 3529 illa

339 3558 528 3618 biblia
585 3559 813 3636 anglice
871 3559 1056 3629 versa,
1133 3566 1194 3618 et
1255 3560 1623 3643 exemplaria,

341 3647 562 3723 quibus
594 3648 999 3707 abutebantur
1044 3650 1325 3724 imperiti,
1371 3649 1623 3707 flammis

339 3736 736 3796 traderentur.

434 3924 578 3977 371.
612 3916 827 3975 Contra
865 3916 1191 3989 Wicleffitos
1209 3919 1272 3975 et
1291 3916 1623 3974 Lolbardos

341 4004 403 4062 in
434 4004 657 4081 Anglia
703 4005 908 4080 plures
952 4008 1298 4082 pugnarunt
1341 4006 1521 4064 verbo
1565 4008 1627 4063 et

343 4094 579 4169 scripto,
613 4097 684 4151 ut
729 4093 1072 4170 Bogerus
1117 4095 1440 4154 Ivonius
1488 4093 1547 4173 (a
1579 4113 1622 4153 s.

1685 1511 1905 1570 sodalis
1937 1512 2345 1587 Stephanus
2377 1511 2971 1587 Patringtonus,

1686 1599 2089 1669 EboracensiS,
2124 1601 2229 1675 qui
2257 1599 2319 1659 in
2353 1599 2648 1658 academia
2665 1598 2974 1662 oxoniensi

1685 1689 2010 1765 plurimum
2046 1690 2279 1749 claruit.
2343 1689 2556 1766 Magna
2586 1689 2785 1764 gratia
2812 1688 2974 1747 frue-

1687 1778 1867 1836 batur
1898 1779 1963 1837 in
1993 1780 2131 1838 aula
2176 1778 2420 1837 Henrici
2453 1777 2568 1847 1V.‚
2617 1782 2677 1835 et
2707 1776 2781 1836 ab
2812 1777 2973 1836 Hen-

1683 1866 1806 1926 rico
1868 1867 1954 1938 V„
2020 1868 2118 1926 cui
2194 1871 2323 1926 erat
2391 1887 2425 1925 a
2485 1866 2971 1935 confessionibuS,

1686 1956 1907 2015 missus
1957 1960 2051 2015 est
2099 1956 2555 2025 commissarius,
2606 1960 2679 2015 ut
2724 1956 2788 2014 in
2821 1955 2974 2013 Wie-

1684 2045 2009 2104 leffitarum
2056 2048 2117 2103 et
2147 2045 2578 2105 Lolbardorum
2629 2062 2854 2103 errores
2881 2044 2974 2101 in-

1684 2134 1964 2209 quireret.
2028 2134 2245 2194 Factus
2296 2137 2388 2192 est
2444 2146 2469 2196 1
2485 2143 2609 2196 415
2658 2133 2973 2208 episcopus

1684 2223 2077 2294 menevensiS,
2114 2243 2161 2282 a.
2187 2224 2311 2299 jam
2356 2222 2631 2298 sequenti
2663 2224 2971 2280 cicestren·

1684 2311 1767 2370 sis
1800 2322 1863 2370 et
1914 2312 2193 2371 interfuit
2241 2311 2494 2371 concilio
2545 2310 2971 2370 constantiensi

1683 2395 1747 2480 (†
1807 2397 2018 2482 1418).
2069 2435 2156 2444 —-
2206 2401 2585 2459 Nicolaus
2647 2400 2974 2458 Pontius

1682 2489 1994 2566 theologus
2025 2490 2357 2550 oxoniensis
2390 2485 2469 2571 (fl.
2503 2485 2710 2566 1410).
2746 2522 2826 2531 -
2862 2487 2972 2546 Bi-

1681 2578 2022 2638 chardus
2085 2578 2519 2638 Snetisham
2567 2578 2788 2646 doctor,
2836 2595 2972 2653 pro-

1682 2666 1888 2739 fessor,
1953 2668 2190 2728 demum
2255 2667 2583 2728 academiae
2637 2666 2971 2731 oxoniensis

1683 2758 2074 2817 cancellarius
2119 2753 2202 2840 (fl.
2247 2777 2290 2816 c.
2335 2752 2545 2837 1420).
2578 2790 2665 2801 —-
2710 2757 2780 2815 In
2828 2756 2970 2814 Ger-

1683 2847 1881 2906 mania
1901 2847 2226 2905 Wasmud
2247 2842 2972 2925 deHomburg(Hoen-

1682 2936 1855 3012 burg,
1904 2931 2232 3018 Homberg)
2280 2936 2573 3010 parochus
2622 2935 2972 2993 cathedralis

1683 3026 2027 3101 Moguntiae
2077 3020 2307 3106 (1392)
2359 3029 2420 3082 et
2468 3024 2809 3098 inquisitor,
2860 3023 2970 3081 im-

1682 3115 1976 3192 pugnavit
2021 3114 2388 3185 waldenses,
2436 3113 2734 3190 Beghinas
2767 3116 2828 3170 et
2859 3112 2970 3171 Be·

1682 3203 1957 3279 guardoe,
1993 3202 2320 3262 Lolbardos
2352 3206 2413 3261 et
2450 3202 2816 3261 Svestriones
2837 3194 2971 3283 (qui

1681 3295 1877 3351 tamen
1911 3296 1982 3349 tr.
2015 3311 2134 3350 non
2168 3292 2401 3350 videtui·
2442 3290 2778 3366 prodiisse).
2828 3289 2968 3349 Pro-

1680 3380 1963 3439 fessorem
1997 3380 2134 3439 dein
2166 3380 2291 3457 egit
2322 3382 2386 3438 in
2417 3379 2716 3438 academia
2747 3377 2969 3436 heidel-

1680 3469 1974 3546 bergensi,
2026 3470 2120 3528 cui
2173 3470 2353 3527 etiam
2407 3468 2498 3525 bis
2549 3468 2679 3527 scil..
2709 3476 2873 3529 14o3
2910 3472 2970 3528 et

1689 3568 1853 3621 1407
1890 3561 2085 3617 rector
2114 3557 2386 3633 praefuit.
2411 3556 2968 3615 —Waldenses

1682 3647 1913 3723 pariter
1945 3648 2183 3705 fortiter
2214 3651 2276 3705 et
2308 3655 2550 3704 strenue
2589 3644 2971 3720 impugnavit

1684 3737 1899 3794 Petrus
1932 3736 1971 3793 Z
1988 3736 2077 3794 wi
2094 3754 2124 3793 c
2142 3736 2179 3792 k
2196 3754 2228 3793 e
2244 3755 2274 3792 r
2306 3734 2370 3793 Ο.
2404 3734 2553 3793 Coel.
2587 3737 2779 3792 rector
2800 3732 2967 3791 scho-

1679 3827 1772 3884 lae
1834 3824 2217 3894 zittaviensis,
2282 3824 2419 3882 dein
2480 3823 2804 3897 inquisitor
2865 3840 2971 3897 per

1680 3914 2042 3984 Bohemiam,
2076 3914 2381 3972 Austriam
2431 3912 2696 3987 aliasque
2726 3911 2968 3987 provin-

1680 4004 1821 4062 cias.
1899 4002 2115 4062 Eorum
2178 4003 2397 4060 multos
2456 4000 2766 4071 convertit,
2828 4000 2970 4059 alios

1681 4092 1983 4168 repressit,
2036 4091 2180 4150 adeo
2230 4083 2301 4150 ut
2352 4092 2491 4149 haec
2523 4095 2686 4149 secta
2714 4090 2836 4149 fere
2868 4109 2965 4148 ex—

341 4180 547 4261 Ivone)
580 4183 644 4241 Ο.
680 4182 735 4241 S.
770 4186 920 4261 Aug.
968 4178 1321 4264 (secundum
1365 4184 1512 4242 alios
1560 4183 1623 4242 Ο.
1681 4183 1898 4241 stincta
1928 4181 2114 4239 fuerit
2146 4181 2305 4239 hisce
2326 4180 2391 4238 in
2408 4179 2766 4256 regionibus.
2803 4178 2970 4237 Obiit

343 4271 435 4330 SS.
484 4267 669 4352 Trin.)
717 4273 921 4331 doctor
979 4272 1487 4349 cantabrigiensis.
1537 4306 1625 4315 —
1679 4272 1903 4329 intera.
1936 4279 2326 4333 1400-1405.
2363 4270 2544 4327 Plura
2561 4277 2966 4335 monumenta,

342 4359 716 4419 Nicolaus
746 4361 1149 4420 Fakinham
1179 4356 1623 4443 (Fachinamus)
1681 4362 2053 4429 documenta,
2086 4362 2217 4417 acta
2248 4359 2321 4416 ab
2353 4377 2420 4417 eo
2452 4359 2675 4427 relicta,
2709 4374 2863 4433 quae
2894 4356 2968 4414 ad

1681 4451 1811 4525 ejus
1860 4449 2205 4507 referuntur
2254 4446 2720 4522 inquisitionem,
2768 4444 2966 4503 edide-

424 4555 457 4615 ¹)
484 4548 567 4604 cf.
610 4551 688 4602 Ar
731 4548 869 4603 elati
913 4548 1116 4618 Script.
1157 4548 1300 4602 med.
1342 4550 1382 4600 t.
1426 4554 1453 4604 1
1497 4565 1552 4616 p.
1593 4553 1625 4603 2
1680 4542 1828 4597 runt
1903 4539 2156 4606 Gretser,
2244 4537 2480 4611 Preger,
2560 4534 2965 4603 Wattenbach,

342 4636 473 4690 pag.
515 4624 586 4677 35
603 4643 615 4677 z

707 4620 987 4675 lrabosschi
1031 4620 1122 4673 Vl·
1163 4638 1219 4689 P·
1260 4625 1310 4676 1·
1351 4619 1390 4673 l·
1429 4624 1462 4675 2
1502 4637 1548 4674 0·
1576 4624 1625 4675 1·
1683 4627 1987 4703 Dollinger
2020 4631 2081 4685 et
2110 4626 2181 4684 H.
2218 4626 2434 4700 Haupt,
2469 4644 2643 4700 quem
2679 4625 2748 4683 cf.
2781 4624 2844 4682 in
2876 4642 2965 4699 op.

342 4710 399 4745 n.
423 4696 456 4747 2
484 4709 584 4751 ss.;
612 4691 813 4745 Matth.
841 4691 1028 4746 Ronto
1047 4691 1201 4746 Misc.
1230 4692 1288 4745 di
1306 4690 1466 4744 varia
1482 4691 1624 4745 Lett.
1683 4716 2156 4775 waldensertum
2190 4714 2314 4773 und
2340 4714 2698 4787 lnquisjffion
2729 4714 2808 4771 im
2827 4710 2963 4770 sfid,

344 4763 438 4826 1v,
463 4768 583 4824 2572
637 4763 803 4817 Feret
827 4763 920 4827 IV,
948 4767 1214 4820 317—20.

419 4843 456 4900 ν)
485 4833 568 4888 (Ἂν,
611 4834 862 4890 joannes
901 4852 934 4888 a
979 4852 1020 4888 Β.
1069 4836 1199 4887 Ant,
1253 4834 1396 4888 gibi,
1450 4836 1624 4888 franc.
1681 4806 1817 4863 ostl.
1855 4804 2149 4863 Deutschl.
2191 4813 2357 4866 1890
2394 4811 2765 4878 p.57ss.;82
2787 4819 2964 4861 sS.-—
3049 4811 3052 4814 ’

340 4903 436 4970 m,
461 4910 547 4961 55.

568 5005 760 5058 Hurter,
802 5004 1144 5051 Nomenclator
1187 5004 1230 5049 11
1269 5004 1327 5049 od
1369 5003 1417 5049 3.

1685 4894 1984 4953 Adversus
2019 4892 2363 4950 Wicleffitas
2380 4895 2442 4949 et
2461 4891 2707 4950 Husitas
2728 4888 2969 4965 scripsit

2578 4994 2648 5046 24
