3475 5364
363 367 387 419 ι
406 368 439 420 3
451 366 482 417 7
494 365 526 418 3
1414 345 1746 402 Dominicus
1774 348 1925 402 Sot0.
2809 363 2878 418 13
2890 366 2919 418 7
2933 367 2968 418 4

353 535 436 593 tis
471 535 747 593 omnibus
781 533 1234 593 difficultatibus
1255 534 1636 609 Complutum
1690 534 1920 593 tissime
1954 534 2253 593 recusavit
2283 553 2317 591 a
2347 533 2744 610 dignitatibus
2790 535 2968 593 eccle-

356 624 690 683 studiorum
736 641 914 683 causa
947 642 1008 681 se
1041 623 1309 692 contulit,
1364 622 1470 680 ubi
1503 641 1635 680 cum
1692 623 1947 682 siasticis
1968 624 2397 682 alienissimus:
2432 642 2614 698 quare
2630 623 2811 682 etiam
2829 624 2967 681 mis-

356 715 533 772 Petro
566 711 901 771 Fernandez
945 712 1016 770 de
1051 712 1339 771 Saavedra
1379 712 1637 787 optimae
1695 712 1918 771 sionem
1953 733 1986 771 a
2017 713 2167 789 regii
2210 712 2553 770 confessarii
2585 731 2827 771 munere
2860 711 2968 770 im·

355 802 576 861 indolis
622 802 1008 871 adolescente,
1073 820 1327 877 quocum
1381 801 1638 859 arctissi-
1691 802 1954 877 petravit
1985 797 2230 883 (1550).
2265 801 2467 859 Redux
2498 800 2571 859 ad
2593 818 2731 860 suos
2746 802 2969 860 electus

358 911 515 950 mam
530 891 668 949 iniit
684 891 1023 960 amicitiam,
1058 910 1100 948 s.
1120 891 1343 962 Thoma
1361 890 1433 948 de
1454 889 1636 947 Villa·
1692 893 1787 949 est
1815 890 1878 949 in
1910 892 2166 966 priorem
2200 892 2528 949 conventus
2551 891 2968 949 salmanticen-

358 978 1637 1057 novaususestmagistro.Famauniversita-
1693 981 1790 1050 sis,
1824 980 2280 1054 cathedramque
2323 979 2675 1037 matutinam
2723 980 2798 1038 ob
2831 980 2971 1038 Cani

358 1071 436 1127 tis
468 1060 813 1144 parisiensis
861 1069 1038 1127 exciti
1085 1068 1343 1127 Parisios
1389 1068 1639 1143 profecti
1691 1087 1986 1128 recessum
2010 1073 2312 1128 vacantem
2330 1068 2823 1127 communitotius
2842 1087 2969 1127 aca-

358 1161 519 1227 sunt,
573 1163 752 1233 atque
801 1158 1013 1216 festive
1059 1178 1093 1216 a
1137 1156 1496 1222 concivibus,
1535 1157 1637 1231 qui
1693 1158 1919 1217 demiae
1951 1158 2249 1234 expetitus
2281 1161 2418 1215 voto
2438 1175 2510 1215 ea
2542 1158 2672 1234 lege
2706 1161 2969 1233 accepta—

358 1266 578 1324 magno
596 1248 1071 1306 numeroibidem
1094 1246 1313 1304 studiis
1330 1246 1636 1315 vacabant,
1696 1248 1799 1318 vit,
1835 1251 1906 1305 ut
1936 1252 2071 1323 post
2103 1246 2558 1321 quadriennium
2607 1246 2753 1305 rude
2786 1246 2966 1304 dona·

357 1337 584 1412 excepti
618 1342 777 1395 sunt.
811 1336 975 1394 Serio
1006 1336 1409 1411 philosophiae
1440 1335 1639 1393 studio
1693 1342 1861 1395 ret-ur
1895 1333 1955 1418 (†
1996 1346 2091 1397 15.
2125 1336 2271 1393 Nov.
2316 1331 2523 1416 1500).

363 1444 425 1483 se
458 1426 835 1493 dediderunt,
868 1426 1007 1484 hinc
1038 1425 1207 1483 facile
1240 1426 1303 1482 in
1336 1444 1403 1482 ea
1433 1425 1635 1483 bacca-

359 1513 692 1574 laureatum
709 1517 852 1573 sunt
872 1515 1191 1573 consecuti.
1226 1514 1451 1571 Exinde
1470 1514 1638 1574 theo·
1788 1523 1929 1577 634.
1982 1514 2244 1572 Plurima
2293 1517 2435 1572 sunt
2485 1515 2664 1588 hujus
2715 1513 2970 1590 insignis

311 1601 321 1604 ⁷
361 1603 551 1680 logiae
613 1603 976 1679 aliquamdiu
1025 1603 1443 1671 incubuerunt,
1506 1621 1638 1660 mox
1695 1604 1954 1680 theologi
2001 1621 2193 1678 opera,
2241 1622 2492 1677 quorum
2546 1604 2779 1678 potiora
2828 1609 2973 1661 sunt

357 1693 1272 1767 tameninpatriamsuntreversi
1286 1692 1437 1750 circa
1461 1703 1476 1754 1
1497 1701 1638 1754 520.
1695 1693 2113 1768 philosophica,
2180 1691 2464 1750 sollicitus
2513 1692 2671 1750 enim
2722 1694 2851 1750 erat
2901 1692 2971 1749 de

362 1782 624 1841 Vacabat
644 1786 788 1841 tunc
806 1781 1104 1856 Compluti
1134 1782 1348 1839 artium
1367 1780 1642 1838 cathedra
1696 1781 1883 1840 solido
1929 1781 2316 1840 fundamento
2365 1800 2471 1856 pro
2517 1781 2644 1838 suis
2690 1780 2970 1856 operibus

357 1872 593 1930 aemulo
637 1871 950 1929 concursui
995 1870 1277 1945 exposita,
1312 1889 1490 1945 quam
1524 1870 1639 1928 Do·
1695 1869 2971 1947 theologicis:utSummulaeeditaeprimum

361 1960 617 2019 minicus
647 1963 778 2019 tota
808 1959 1129 2035 plaudente
1175 1959 1472 2017 academia
1521 1978 1639 2017 me·
1695 1959 2043 2035 prolixiores
2085 1969 2281 2029 15293
2315 1962 2524 2034 postea
2555 1959 2972 2017 contractiores

292 2110 304 2122 ‚
360 2051 487 2107 ruit
503 2049 917 2108 etmoderatus
943 2047 1639 2107 esteliminansescholis
1696 2048 2084 2109 Salmanticae
2129 2057 2288 2112 1536
2325 2048 2388 2106 in
2419 2048 2490 2118 f.;
2531 2058 2730 2117 15683
2772 2055 2970 2117 15753

358 2139 751 2197 nominalium
787 2138 1111 2213 opiniones.
1146 2137 1452 2195 Crescente
1485 2137 1641 2194 sama
1695 2138 2115 2196 Commentarii
2151 2140 2211 2194 in
2243 2139 2569 2196 Aristotelis
2598 2138 2970 2206 dialecticam,

360 2227 435 2285 ad
481 2228 791 2302 primarias
838 2227 1018 2284 etiam
1061 2226 1393 2302 theologiae
1442 2224 1637 2283 cathe-
1697 2225 2088 2285 salmanticae
2129 2236 2328 2296 15443
2371 2236 2564 2294 15663
2610 2236 2769 2289 1580
2806 2227 2868 2283 in
2899 2225 2970 2294 f.;

357 2316 496 2374 dras
530 2316 862 2384 anhelabat,
911 2315 1011 2373 sed
1060 2315 1203 2373 dum
1234 2314 1483 2391 grandia
1515 2332 1639 2371 mo·
1696 2315 1956 2375 Venetiis
1999 2325 2197 2383 1574;
2241 2324 2401 2378 1583
2438 2321 2544 2373 etc.
2578 2315 2641 2373 in
2667 2326 2734 2384 43
2772 2316 2833 2373 in
2855 2315 2969 2373 812.

362 2406 528 2473 litur,
565 2406 683 2463 Deo
716 2404 969 2462 interius
1018 2404 1363 2479 impellente
1396 2402 1458 2461 in
1490 2404 1637 2461 alte·
1686 2406 2082 2480 physicorum,
2117 2404 2504 2463 Salmanticae
2532 2413 2729 2474 15453
2773 2413 2971 2472 15723
3064 2446 3072 2454 .

359 2513 492 2552 rum
526 2496 797 2551 mutatur
827 2493 1040 2563 virum,
1065 2493 1203 2568 ,jam
1236 2496 1499 2551 sectatur
1529 2492 1639 2550 hu·
1706 2501 1867 2556 1582
1889 2494 1953 2551 in
1968 2494 2036 2563 f.;
2070 2493 2254 2551 Duaci
2276 2488 2435 2575 (cum
2452 2489 2778 2572 prioribus)
2807 2501 2969 2554 1613

361 2583 544 2653 milia,
580 2600 995 2657 secessumque
1027 2600 1094 2640 ac
1115 2581 1496 2641 solitudinem
1519 2599 1640 2639 me·
1696 2581 1761 2641 in
1796 2595 1866 2652 43
1915 2582 2270 2640 Deliberatio
2314 2583 2376 2639 in
2425 2600 2600 2640 causa
2643 2599 2972 2657 pauperum

320 2720 326 2726 .
358 2671 604 2731 ditatur.
636 2673 839 2732 Annos
871 2673 1047 2731 natus
1083 2680 1161 2735 30
1195 2670 1375 2747 petiit
1405 2669 1641 2728 admitti
1697 2691 1801 2731 seu
1850 2673 1919 2730 de
1950 2690 2062 2730 non
2093 2672 2395 2730 inhibendo
2419 2672 2647 2745 publico
2686 2671 2971 2730 mendica-

362 2763 427 2820 in
474 2761 742 2821 ordinem
788 2761 1266 2820 Praedicatorum
1317 2760 1641 2818 admissus·
1696 2762 1845 2836 bule,
1893 2762 2075 2819 latine
2120 2768 2182 2819 et
2226 2761 2548 2836 hispanice,
2584 2761 2973 2819 Salmanticae

360 2871 479 2925 que
513 2854 606 2910 est
644 2860 809 2913 1524
869 2853 1099 2909 mutato
1132 2850 1369 2930 nomine
1419 2867 1528 2907 suo
1578 2849 1641 2906 in
1705 2860 1899 2921 15453
1922 2849 2184 2909 Venetiis
2216 2861 2376 2913 1617
2398 2869 2411 2907 ε
2435 2849 2497 2908 id
2514 2850 2972 2909 misericordiam

366 2940 760 3009 Dominicum,
795 2958 1050 3015 eumque
1082 2942 1324 2998 secutus
1357 2941 1447 2997 est
1478 2938 1641 2996 fidis·
1696 2957 2008 3015 exposcere
2039 2940 2337 3016 persuasit
2353 2940 2530 2999 Sotus
2546 2943 2606 2997 et
2621 2939 2885 2998 obtinuit
2899 2934 2970 3018 1);

361 3029 551 3087 simus
585 3029 828 3098 amicae,
876 3048 1052 3104 quem
1100 3047 1282 3103 supra
1310 3027 1641 3086 nominavi·
1695 3030 1765 3087 de
1807 3035 2027 3087 natura
2069 3037 2120 3086 et
2157 3031 2354 3108 qratia
2397 3024 2456 3087 ll.
2490 3030 2529 3087 3
2576 3029 2648 3086 ad
2680 3028 2972 3104 synodum

362 3136 516 3187 mus,
550 3117 655 3192 qni
700 3117 896 3176 dictus
942 3121 1035 3176 est
1085 3116 1535 3176 Dominicus
1569 3115 1641 3173 de
1694 3117 2975 3193 tridentinam‚Venetiis15473Antverpiae

364 3207 436 3263 la
481 3207 666 3264 Cruz
716 3205 984 3280 obiitque
1035 3204 1443 3263 missionarius
1493 3208 1641 3263 stre·
1707 3216 1869 3269 1550
1904 3207 1968 3264 in
2003 3206 2069 3275 f.;
2105 3207 2346 3265 Parisiis
2379 3210 2440 3264 et
2458 3207 2853 3267 Salmanticae
2885 3207 2972 3265 ed.

362 3313 523 3353 nuus
556 3295 764 3353 Mexici
797 3313 841 3353 c.
886 3304 1068 3363 1560,
1116 3294 1320 3352 eodem
1366 3293 1488 3351 scil.
1524 3311 1639 3367 quo
1698 3295 1770 3353 ab
1789 3299 2029 3353 auctore
2045 3297 2422 3371 recognitaet
2436 3295 2761 3364 emendata
2786 3307 2808 3357 1
2829 3305 2972 3362 5613

364 3382 1641 3458 nosteranno.Cathedramvespertinamsal-
1705 3393 1823 3446 157
1836 3395 1904 3454 0;
1947 3392 2144 3454 15773
2179 3383 2661 3452 Mediuae1579;
2695 3383 2970 3460 Lugduni

362 3472 793 3532 manticensem
827 3471 1136 3530 concursui
1167 3470 1493 3547 expositam
1515 3471 1641 3545 ipse
1706 3481 1905 3543 15813
1957 3473 2220 3530 Venetiis
2262 3480 2448 3541 1584,
2496 3471 2655 3546 quod
2701 3490 2851 3546 opus
2884 3476 2976 3530 est

365 3562 632 3621 omnium
666 3562 897 3620 calculo
928 3565 991 3619 et
1020 3561 1235 3635 plausu
1266 3560 1532 3617 obtinuit
1549 3577 1641 3617 re·
1696 3564 1904 3619 contra
1922 3560 2288 3618 Lutheranos
2309 3563 2370 3618 et
2393 3561 2757 3636 PelagianoS,
2791 3563 2852 3618 et
2882 3561 2973 3618 in·

364 3652 571 3727 xitque
603 3671 651 3708 a.
697 3660 787 3713 16.
853 3649 1134 3708 Interfuit
1179 3649 1383 3707 vicarii
1417 3648 1641 3707 ordinis
1697 3652 1822 3709 star
1853 3649 2258 3708 commentarii
2290 3669 2398 3725 pro
2430 3649 2683 3708 decretis
2702 3648 2768 3708 V.
2799 3653 2860 3707 et
2880 3649 2973 3711 VI.

362 3741 605 3799 nomine
640 3736 913 3819 (vacante
933 3741 1079 3797 tunc
1099 3738 1379 3813 temporis
1399 3755 1643 3796 munere
1698 3756 1840 3797 sess.
1875 3738 2085 3814 synodi
2115 3737 2493 3797 tridentinae.
2557 3737 2719 3797 Adeo
2749 3738 2976 3814 placuit

365 3825 684 3909 generalis)
698 3828 1279 3905 theologusConcilio
1295 3827 1641 3895 tridentinO,
1697 3846 1846 3903 opus
1877 3827 2149 3903 patribus
2182 3828 2406 3902 synodi,
2441 3829 2512 3885 ut
2540 3827 2739 3903 ipsum
2757 3827 2975 3885 emble-

363 3920 426 3977 in
449 3937 568 3994 quo
588 3918 866 3977 facundia
884 3916 1643 3976 etdoctrinamaximeemi-
1698 3921 1855 3975 mate
1904 3917 2251 3975 decorarent
2299 3916 2620 3992 utriusque
2675 3919 2975 3975 consertae

364 4009 509 4078 cuit,
543 4011 613 4065 ut
645 4009 697 4065 ei
731 4006 1177 4066 reserendarum
1218 4005 1643 4063 difficultatum
1696 4024 1909 4063 manus
1927 4005 2176 4063 fiammis
2211 4004 2504 4064 hincinde
2524 4006 2974 4080 erumpentibus

365 4097 778 4172 ingruentium
800 4095 1415 4168 conficiendorumque
1446 4093 1642 4150 decre·
1699 4093 1925 4152 obsitae
1975 4111 2108 4152 cum
2158 4094 2267 4152 hoc
2316 4095 2764 4169 circumadjecto
2827 4095 2972 4152 lem-

366 4189 563 4242 torum
601 4182 973 4264 (praesertim
1008 4202 1146 4242 sess.
1180 4178 1286 4265 VI)
1320 4201 1469 4242 onus
1504 4182 1641 4240 sub·
1699 4189 1855 4241 mate
1893 4182 2105 4251 ,Fides
2126 4201 2280 4258 quae
2314 4202 2418 4258 pei·
2449 4184 2750 4242 caritatem
2773 4202 2975 4259 opera·

367 4274 505 4332 inde
538 4273 1008 4332 demandaretur.
1071 4273 1417 4331 concionem
1466 4272 1528 4329 in
1576 4289 1643 4328 eo
1700 4279 1862 4343 ,ἴω-Ἀ
1898 4273 1980 4331 Eo
2012 4275 2210 4330 tamen
2242 4272 2441 4331 Ambr.
2477 4273 2826 4331 Catharinus
2858 4273 2975 4330 lae·

369 4363 696 4424 habuit‘29.
720 4363 865 4420 Nov.
895 4371 1080 4431 1545,
1114 4380 1292 4436 quam
1309 4360 1548 4419 exhibet
1568 4361 1643 4418 Le
1700 4380 1834 4420 sum
1867 4380 1930 4419 se
1961 4361 2199 4436 putavit
2241 4365 2303 4419 et
2341 4362 2501 4420 illico
2534 4364 2739 4421 contra
2772 4362 2976 4422 Sotum

371 4451 502 4509 Plat
533 4452 592 4509 in
629 4452 884 4510 Monum.
918 4451 991 4509 ad
1012 4468 1170 4509 conc.
1206 4449 1342 4507 trid.
1377 4454 1643 4524 spectan-
1698 4455 1772 4509 tr.
1807 4450 1994 4508 edidit
2025 4451 2133 4509 hoc
2165 4451 2376 4509 titulo:
2438 4451 2711 4525 Defensio
2742 4452 2977 4509 catholi-

366 4541 519 4598 tium
568 4541 698 4599 coll.
736 4541 780 4609 I,
823 4549 1051 4601 1—12.
1114 4540 1459 4614 Interrupto
1506 4557 1641 4597 con·
1698 4558 1898 4598 corum
1930 4559 2035 4614 pro
2067 4540 2334 4614 possibili
2355 4540 2713 4598 certitudine
2735 4540 2975 4617 gratiae,

366 4629 504 4688 cilio
537 4634 777 4689 vocatus
809 4648 844 4686 a
873 4628 1096 4701 Carolo,
1128 4631 1200 4685 ut
1220 4627 1333 4686 sibi
1358 4628 1591 4686 adesset
1611 4647 1645 4686 a

368 4717 854 4787 confessionibuS,
888 4718 950 4775 in
983 4716 1353 4776 Germaniam
1386 4721 1478 4775 est
1510 4735 1643 4792 pro-

996 4807 1006 4818 .
1059 4807 1069 4818 .
1458 4806 1469 4817 .
1774 4769 1814 4832 ι)
1843 4763 1926 4819 cf.
1971 4722 2190 4817 de'hoc
2235 4780 2326 4834 op.
2368 4763 2535 4818 Ehrle
2577 4763 2837 4834 Beitrage
2879 4781 2979 4816 zur

370 4809 577 4866 semus·
642 4808 914 4907 Oblafam
962 4807 1077 4865 fflbl
1116 4807 1188 4865 ab
1221 4806 1425 4906 POdem
1455 4824 1643 4880 ¹mpe‘
1700 4835 2035 4889 Geschichte
2063 4836 2182 4888 und
2199 4834 2426 4888 Reform
2454 4835 2553 4888 der
2569 4834 2977 4905 Armenpflege,

368 4899 564 4955 ratore
598 4896 1004 4973 segobiensem
1036 4896 1339 4954 ecclesmm
1372 4899 1643 4955 constan·
1701 4905 1977 4976 Freiburg
2005 4909 2140 4964 1881
2170 4925 2226 4976 p,
2252 4912 2316 4962 41
2351 4924 2418 4960 ss,
