3475 5364
582 385 607 436 1
624 384 658 436 3
672 384 697 436 1
711 383 745 438 5
818 369 1185 422 15214-1540.
1206 364 1555 419 Psalmorum
1575 365 1929 437 interpretes.
1948 365 2175 437 Dupuy,
2193 367 2431 435 Snoyus‚
2449 365 2824 422 Guidaeerius
2845 370 2949 422 etc.
3027 388 3045 436 1
3064 385 3136 438 31
3156 385 3194 436 6

576 554 718 613 dulo
748 553 913 630 pavit
957 555 1017 610 et
1047 550 1342 610 lustravit.
1420 550 1619 609 Bedux
1653 570 1721 608 ex
1755 551 1855 609 iti·
1912 551 2174 609 Psalmos
2195 556 2255 610 et
2274 551 2596 626 prophetas
2618 554 2871 627 majores
2891 552 3196 611 Michaelis

575 662 713 702 nere
773 643 837 700 in
898 642 1151 716 patriam
1214 639 1588 715 naufragium
1642 659 1854 715 passus
1910 641 2191 699 Torrez
2241 641 2306 699 Ο.
2342 642 2532 698 Carth.
2567 641 2813 716 Hispani
2862 639 2923 722 (1-
2976 638 3196 723 1527).

574 733 754 791 maris
800 731 1078 789 fluctibus
1110 729 1427 805 absorptus
1472 732 1567 787 est
1596 749 1644 788 a.
1685 738 1850 791 1536
1918 764 1993 772 -—
2059 730 2334 788 Reiner
2397 732 2694 806 Snoyus
2745 731 2982 789 Goudae
3032 731 3196 806 apud

574 843 624 884 a.
657 821 868 880 aetatis
903 829 1001 881 66.
1066 819 1377 895 Egregiam
1409 818 1522 876 sibi
1553 837 1854 894 compara·
1913 820 2169 878 Batavos
2189 838 2265 889 n.,
2299 818 2625 878 medicinae
2647 819 2919 895 alioquin
2947 819 3197 880 deditus

576 914 742 971 verat
781 909 1194 968 bibliothecam
1231 908 1590 983 optimisque
1638 907 1853 965 codici-

574 1002 686 1060 bus
703 1000 1076 1067 instructam,
1096 1017 1276 1073 quam
1293 1015 1434 1055 suae
1450 997 1675 1072 patriae
1695 997 1854 1072 lega-

573 1090 664 1148 vit
683 1090 747 1163 ¹).
780 1089 922 1147 Cum
945 1090 1101 1146 esset
1116 1087 1456 1163 linguarum
1477 1085 1853 1143 orientalium

573 1177 988 1255 peritissimus,
1024 1175 1360 1252 speciminis
1393 1176 1516 1234 loco
1550 1174 1856 1249 praemisit

566 1270 917 1344 psalterium
949 1266 1272 1334 hebraeum,
1317 1283 1607 1341 qraecum,
1653 1265 1852 1322 arabi-

573 1377 701 1416 cum
746 1363 796 1415 et
825 1350 1187 1413 chaldaicum
1233 1373 1368 1411 cum
1413 1353 1609 1411 tribus
1650 1352 1853 1411 latinis

574 1443 1173 1522 interpretationibus
1226 1450 1287 1500 et
1334 1442 1565 1518 glossis,
1615 1442 1854 1501 Genuae

580 1544 746 1598 1516
780 1535 844 1593 in
875 1552 1061 1591 unum
1093 1550 1309 1607 corpus
1331 1531 1569 1607 Octapla
1600 1531 1852 1607 inscrip-

573 1628 703 1682 tum
726 1626 893 1682 tanto
913 1621 1161 1681 artificio
1180 1620 1500 1690 redactum,
1534 1622 1606 1679 ut
1635 1620 1699 1677 in
1729 1621 1852 1679 sin-

573 1714 734 1791 gulis
766 1711 998 1789 paginis
1020 1716 1150 1769 octo
1171 1710 1474 1768 columnas
1496 1709 1851 1785 disponeret,

573 1803 638 1862 in
682 1802 902 1877 quibus
956 1818 1156 1858 omnes
1219 1799 1552 1875 praedictae
1612 1798 1854 1875 linguae

574 1892 826 1968 propriis
872 1887 1308 1948 characteribus
1354 1906 1663 1963 expressae
1709 1887 1852 1946 toti-

575 1982 707 2039 dem
740 1980 913 2037 lineis
946 1978 1313 2052 totidemque
1345 1978 1543 2035 verbis
1577 1976 1691 2034 sibi
1724 1995 1852 2035 cor-

573 2069 997 2146 respondentes
1059 2085 1180 2125 uno
1243 2065 1565 2141 eodemque
1611 2069 1855 2141 aspectu

574 2160 975 2227 cernerentur,
1028 2156 1117 2215 ed.
1168 2154 1477 2231 splendida
1528 2152 1630 2237 (m.
1687 2150 1852 2234 100).

575 2247 703 2317 Quo
747 2265 921 2322 opere
967 2246 1277 2323 praevenit
1320 2244 1553 2302 labores
1595 2243 1853 2302 Ximenii

574 2338 639 2396 in
658 2337 950 2394 Psalmos:
984 2354 1175 2411 pauca
1194 2337 1394 2392 tamen
1428 2334 1557 2409 ejus
1589 2334 1854 2408 exempla

573 2425 882 2485 divendita
927 2426 1071 2482 sunt
1102 2423 1257 2481 haud
1306 2424 1421 2481 levi
1467 2422 1681 2480 damno
1714 2441 1851 2481 auc-

574 2516 739 2573 toriS.
805 2515 875 2572 In
907 2514 1000 2577 Ps.
1039 2522 1136 2575 18.
1172 2513 1299 2573 Chr.
1334 2511 1683 2570 Columbi
1718 2529 1853 2568 nar-

572 2608 667 2662 rat
698 2606 873 2662 vitam
922 2605 1013 2660 sat
1043 2602 1190 2670 fuse,
1244 2620 1365 2676 qua
1403 2601 1653 2677 primam
1698 2600 1853 2657 tanti

575 2694 689 2753 viri
722 2693 960 2752 exhibet
1003 2691 1430 2767 biographiam.
1510 2691 1581 2747 N.
1615 2690 1676 2751 Τ.
1712 2690 1853 2748 heb-

573 2784 745 2852 raice,
780 2781 1093 2850 chaldaice,
1128 2799 1349 2856 graece,
1383 2779 1565 2837 latine
1595 2780 1719 2854 jam
1750 2800 1853 2854 pa-

573 2875 775 2931 ratum
798 2870 1067 2938 habebat,
1088 2869 1190 2927 sed
1210 2887 1329 2927 non
1348 2868 1584 2942 prodiit.
1608 2867 1854 2926 Librum

573 2961 686 3019 Job
705 2978 899 3036 nuper
916 2958 1219 3016 hebraicae
1244 2957 1481 3016 veritati
1503 2957 1853 3015 restitutum

1911 925 2174 981 suaeque
2193 909 2421 983 patriae
2441 908 2647 966 consul
2666 905 2728 989 (†
2747 920 2796 970 1.
2810 911 2993 986 Aug.l
3016 918 3094 969 53
3107 906 3195 989 7),

1911 998 2298 1072 paraphrasin
2345 997 2584 1072 scripsit
2627 999 2690 1054 in
2725 997 2982 1057 Psalmos
3025 1000 3195 1057 davi-

1910 1087 2085 1163 dicos,
2110 1105 2260 1161 quae
2279 1087 2461 1144 variis
2494 1087 2558 1144 in
2589 1086 2730 1145 locis
2749 1088 2988 1161 prodiit,
3009 1090 3196 1146 etiam

1910 1176 2153 1234 Lovanii
2210 1186 2409 1246 17043
2456 1177 2525 1233 de
2555 1175 2811 1233 libertate
2850 1178 3192 1247 christiana,

1909 1265 1988 1322 ib.
2032 1275 2194 1327 1550
2229 1269 2338 1323 etc.
2373 1298 2457 1309 —
2500 1264 2793 1340 Agathius
2826 1265 3197 1324 Guidace-

1911 1355 1974 1411 ri
1990 1374 2033 1411 u
2048 1372 2075 1412 s
2110 1350 2224 1435 (de'
2248 1353 2503 1432 Giudici)
2526 1354 2861 1412 arochensis
2881 1374 2949 1412 ex
2969 1356 3198 1430 oppido

1911 1443 2212 1501 ulterioris
2231 1443 2529 1500 Calabriae
2561 1443 2874 1518 presbyter
2903 1462 3111 1520 graece
3133 1448 3199 1504 et

1909 1532 2258 1607 praesertim
2273 1531 2542 1591 hebraice
2557 1531 2946 1601 doctissimus,
2964 1554 2996 1591 a
3007 1533 3199 1591 Fran-

1910 1622 2063 1681 cissco
2093 1622 2139 1678 -Ι,
2204 1621 2527 1679 Galliarum
2578 1637 2715 1696 rege
2766 1640 2900 1679 cum
2947 1623 3039 1680 Fr.
3074 1623 3196 1681 Va-

1910 1710 2074 1768 tablo
2108 1710 2363 1769 Parisios
2385 1713 2626 1767 vocatus
2659 1713 2751 1768 est
2779 1710 2854 1768 ad
2887 1711 3199 1771 hebraicas

1911 1800 2116 1857 literas
2143 1799 2445 1858 docendas,
2481 1798 2723 1857 Praeter
2743 1801 3200 1875 grammaticam

1910 1888 2244 1946 hebraicam
2265 1887 2505 1946 Parisiis
2534 1898 2693 1951 1540
2713 1889 2952 1963 scripsit
2972 1890 3013 1970 ¹)
3031 1909 3197 1948 com-

1909 1978 2236 2036 mentarios
2282 1980 2344 2035 in
2377 1980 2463 2034 24
2485 1980 2721 2050 priores
2752 1976 3015 2037 Psalmos
3056 1998 3200 2037 cum

1911 2067 2178 2125 versione
2210 2086 2277 2124 ex
2311 2067 2566 2124 hebraeo
2601 2066 2664 2124 in
2696 2067 2972 2137 latinum,
3021 2069 3195 2126 Pari-

1911 2156 2014 2214 siis
2059 2166 2219 2219 1540
2268 2155 2331 2214 in
2379 2165 2433 2217 8.
2480 2158 2542 2213 et
2587 2156 2943 2216 succinctam
2991 2159 3197 2232 expla-

1909 2245 2209 2303 nationem
2240 2247 2301 2302 in
2338 2245 2576 2303 Cantica
2608 2243 3024 2326 canticorumss)
3057 2265 3198 2304 cum

1911 2334 2197 2402 versione,
2228 2334 2306 2394 ib.
2336 2343 2492 2397 1531
2535 2333 2599 2391 in
2633 2341 2669 2395 4
2691 2354 2704 2403 ;
2730 2335 2908 2409 juxta
2939 2335 2994 2393 le
3023 2335 3200 2412 Long

1912 2424 1972 2480 in
1990 2424 2358 2495 Eclesiasten,
2395 2422 2470 2480 ib.
2514 2431 2671 2486 1531
2694 2445 2707 2492 ;
2740 2434 2921 2487 1540.
2955 2424 3120 2482 Obiit
3142 2445 3198 2483 a.

1919 2520 2103 2582 1537,
2138 2511 2465 2571 secundum
2513 2512 2660 2569 alios
2713 2522 2896 2574 1542.
2931 2546 3018 2555 —
3049 2513 3197 2571 Edi-

1909 2601 2131 2660 tionem
2148 2600 2417 2676 psalterii
2438 2601 2647 2676 lingua
2662 2601 2960 2661 chaldaica
2975 2622 3198 2679 magna

1912 2690 2234 2749 sedulitate
2265 2695 2575 2766 paraverat
2595 2691 2852 2749 Theseus
2877 2694 2933 2758 ,A
2951 2712 3010 2749 m
3027 2693 3067 2749 b
3083 2711 3190 2751 ro-

1909 2780 2034 2856 gio
2068 2781 2200 2839 Can.
2237 2800 2356 2854 reg.
2389 2781 2557 2837 later.
2591 2780 2801 2855 bisque
2845 2780 2933 2839 illi
2964 2781 3195 2839 edendo

1910 2869 2228 2939 institerat,
2253 2870 2354 2926 sed
2378 2868 2569 2927 defuit
2590 2869 2901 2928 conatibus
2928 2870 3198 2933 effectus,

1911 2958 2151 3035 Origine
2175 2958 2500 3017 Patavinus
2520 2958 2707 3016 nobili
2739 2958 2814 3017 de
2844 2959 3069 3017 familia
3094 2979 3201 3019 co-

576 3069 709 3108 cum
729 3048 950 3124 duplici
970 3048 1241 3106 versione
1276 3047 1474 3116 latina,
1510 3046 1697 3103 altera
1717 3046 1852 3105 vul-
1908 3046 2126 3105 mitum
2149 3048 2444 3105 Albonesa
2473 3067 2531 3104 n.
2564 3050 2655 3105 est
2674 3068 2723 3105 a.
2765 3058 2946 3110 1469.
2988 3048 3199 3107 Juris-

574 3143 732 3215 gata,
757 3138 942 3196 altera
960 3157 994 3195 a
1012 3155 1071 3195 se
1093 3137 1392 3204 adornata,
1415 3134 1655 3193 Parisiis
1683 3146 1708 3196 1
1728 3145 1850 3198 516

576 3225 698 3310 (vel
741 3222 930 3305 15:20)
967 3225 1170 3283 edidit.
1235 3226 1285 3282 A
1303 3244 1334 3283 e
1350 3244 1391 3282 n
1407 3243 1438 3283 e
1455 3243 1535 3282 ae
1566 3224 1852 3299 platonici

573 3316 766 3394 graeci
815 3314 1286 3375 christianissimi
1326 3315 1394 3372 de
1424 3315 1856 3372 immortalitate

575 3409 911 3466 animorum
957 3405 1146 3479 deque
1200 3422 1515 3478 corporum
1560 3420 1852 3461 resurrec-

572 3496 733 3554 tione
784 3513 999 3553 aureus
1032 3494 1089 3564 1.,
1138 3493 1235 3552 cui
1283 3492 1503 3550 titulus
1544 3495 1635 3550 est
1678 3492 1854 3550 Theo-

568 3586 867 3663 phrastus,
916 3582 1183 3642 Venetiis
1237 3594 1258 3644 l
1279 3591 1400 3644 513
1421 3602 1434 3650 ;
1486 3582 1532 3638 Ρ
1550 3581 1623 3639 hi
1643 3583 1713 3640 lo
1730 3581 1808 3639 ni
1825 3600 1852 3639 s

567 3675 770 3751 judaei
811 3681 930 3738 102
956 3692 1051 3748 qq.
1084 3675 1146 3731 et
1175 3672 1425 3730 totidem
1457 3673 1854 3744 responsiones

577 3766 835 3835 morales,
870 3763 1114 3820 Parisiis
1156 3769 1340 3823 1520.
1374 3761 1437 3817 in
1469 3759 1536 3828 f.;
1590 3760 1852 3837 Castiya-

1910 3136 2257 3212 prudentiae
2307 3136 2506 3194 studio
2557 3136 2731 3195 initio
2782 3155 2842 3195 se
2894 3136 3073 3205 dedit,
3127 3137 3201 3197 in

1911 3245 2028 3301 qua
2059 3226 2388 3301 promeruit
2412 3225 2651 3301 juvenis
2695 3246 2744 3283 a.
2787 3237 2863 3288 19
2911 3228 3198 3285 lauream.

1909 3315 2218 3391 Ingressus
2239 3314 2752 3391 congregationem
2785 3334 2910 3373 can.
2931 3335 3049 3392 reg.
3085 3316 3197 3375 lat.

1911 3424 1971 3463 se
2003 3405 2267 3480 impense
2299 3404 2498 3461 studio
2533 3403 2890 3479 linguarum,
2925 3423 3198 3479 praeser-

1909 3495 2020 3551 tim
2052 3493 2448 3561 orientalium,
2482 3492 2772 3568 impendit
2792 3493 2953 3562 ade0,
2989 3497 3059 3551 ut
3091 3513 3196 3553 eo-

1909 3602 2042 3641 rum
2087 3581 2498 3658 duodeviginti
2543 3582 2791 3641 caluisse
2835 3582 3075 3641 feratur.
3139 3587 3198 3642 A

1910 3672 2098 3731 Leone
2128 3672 2193 3730 X.
2227 3671 2575 3747 designatus
2620 3677 2713 3729 est
2744 3671 3038 3747 professor
3073 3672 3196 3730 lin-

1910 3780 2164 3837 guarum
2213 3760 2474 3836 syriacae
2521 3763 2583 3818 et
2634 3760 2965 3819 chaldaicae
2997 3762 3196 3820 Bono-

574 3856 785 3912 tissimi
815 3852 1018 3911 annali
1039 3870 1146 3910 con
1179 3850 1234 3907 la
1254 3851 1380 3909 loro
1401 3849 1637 3925 copiosa
1657 3849 1854 3907 tavola
1908 3851 2058 3909 niae.
2148 3849 2531 3909 concinnavit
2591 3850 3064 3908 introductionem
3127 3853 3196 3909 in

574 3944 733 4001 della
777 3942 995 3999 eccelsa
1044 3939 1116 3998 ed
1162 3939 1242 3997 ill.
1294 3938 1603 4013 republica
1649 3939 1709 3996 di
1743 3938 1851 3996 Ge-

573 4051 728 4090 nova
774 4031 847 4087 da
894 4029 1049 4086 fideli
1095 4029 1163 4086 ed
1211 4028 1519 4104 approbati
1568 4028 1849 4097 scrittori,

574 4122 812 4179 Genuae
868 4127 1033 4180 1537
1088 4118 1150 4174 in
1197 4116 1235 4175 f.
1285 4121 1393 4179 etc.
1443 4151 1527 4160 -
1574 4117 1849 4175 Catenam

577 4228 813 4268 auream
846 4225 1026 4280 super
1057 4205 1316 4264 Psalmos
1362 4224 1431 4263 ex
1477 4205 1650 4264 dictis
1683 4225 1852 4264 sauc-

574 4305 773 4358 torum
806 4296 1182 4355 concinnavit
1212 4295 1681 4353 Franciscus
1716 4296 1851 4353 Du-

574 4407 723 4464 puy
774 4383 834 4466 (a
880 4381 1091 4463 Puteo)
1141 4384 1204 4446 O.
1239 4385 1431 4442 Carth.
1483 4385 1854 4461 praepositus

1910 3927 2168 4017 linquam
2199 3940 2574 4008 chaldaicam,
2610 3940 2825 4013 Papiae
2855 3949 3037 4002 1539.
3073 3940 3195 3998 Ob-

1909 4025 2040 4109 iit-⁹2)
2075 4028 2448 4105 praepositus
2481 4047 2525 4089 s,
2558 4028 2718 4085 Petri
2749 4029 2964 4104 Papiae
3006 4039 3192 4092 1540.

1910 4119 2296 4177 —Robertus
2328 4117 2733 4175 Shirwoode
2758 4118 3008 4194 Anglu8‚
3040 4117 3194 4176 Con-

1986 4293 2023 4357 ι)
2077 4287 2157 4341 Cf.
2223 4287 2524 4340 Zavarroni
2593 4286 2851 4342 biblioth.
2933 4287 3192 4342 calabrae

1913 4359 2161 4428 Neapoli
2188 4363 2328 4415 1753
2359 4377 2409 4427 p.
2439 4364 2523 4414 79.

1985 4435 2025 4502 Ξ)
2068 4432 2216 4484 Haec
2268 4429 2412 4483 sicut
2463 4433 2519 4482 et
2568 4428 2874 4483 Proverbia
2926 4430 3196 4499 exposuit

575 4476 867 4552 generalis
933 4473 993 4556 (†
1068 4487 1084 4535 ¹
1105 4469 1275 4552 521),
1340 4474 1579 4531 PariSiiS
1652 4484 1815 4536 1510
1839 4496 1851 4542 3
1908 4503 2154 4556 Joannes
2202 4502 2243 4553 B
2263 4519 2296 4554 a
2314 4507 2337 4553 t
2353 4519 2409 4554 rn
2425 4517 2457 4552 a
2474 4520 2512 4553 n
2531 4519 2554 4552 s
2571 4516 2603 4553 o
2620 4519 2657 4554 n
2709 4502 2771 4554 Ο.
2803 4502 2990 4555 Carth.
3037 4501 3193 4570 prior

584 4578 601 4627 l
624 4576 768 4629 520:
797 4575 955 4628 1534
980 4564 1067 4621 ed.
1086 4582 1234 4622 rara.
1254 4563 1535 4637 Cf.supra
1562 4574 1580 4624 l
1603 4574 1628 4625 l
1648 4574 1745 4626 56.
1768 4597 1853 4606 ·—
1910 4573 2264 4628 londinensis
2292 4579 2337 4643 (†
2365 4577 2535 4638 1531),
2562 4574 2724 4642 cujus
2752 4577 2943 4626 tamen
2969 4572 3193 4628 labores

575 4656 807 4713 Inedita
884 4655 1230 4712 manserunt
1306 4654 1729 4711 commentaria
1793 4653 1853 4709 in
1913 4664 2026 4700 non
2049 4643 2628 4714 videnturprodiisse.
2661 4644 2991 4714 Disputavit
3016 4646 3192 4698 etiam

1912 4718 1980 4771 de
2026 4717 2196 4769 unica
2240 4715 2586 4784 Magdalena
2625 4719 2822 4769 contra
2864 4718 2914 4770 J.
2942 4717 3192 4770 Fabrum

1914 4789 2325 4842 stabulensem.
2380 4786 2462 4841 Cf.
2505 4787 2838 4857 Vigouroux
2877 4788 3192 4853 Diction,1‚

651 4869 687 4922 ¹)
718 4862 800 4917 Cf.
830 4861 1048 4915 Echard
1072 4862 1224 4926 1L97
1244 4873 1341 4916 ts:
1370 4861 1592 4914 Streber
1622 4860 1732 4914 KL.
1763 4860 1854 4922 VI,
1915 4864 2070 4916 1509.

578 4937 733 4990 2057.

1989 4935 2028 5000 ⁸)
2058 4929 2140 4984 Cf.
2170 4930 2437 4999 Adelung
2467 4932 2503 4993 1,
2534 4935 2653 4986 711.
