3475 5364
439 340 561 391 719

1023 326 1395 378 1376—1400.
1424 321 1660 384 AscesiS,
1689 320 1913 384 Groote,
1946 320 2090 374 l‘lor.
2118 319 2457 389 RadewijnS,
2930 339 3051 390 720

435 509 590 566 vitae
622 509 949 566 eommunis
986 508 1520 584 congregationem,
1565 526 1718 582 quae
1775 508 2071 565 Gerardus
2088 507 2338 582 Magnus
2354 507 2506 566 vixit
2520 506 2679 565 sieut
2700 508 2835 583 pius
2850 527 3054 584 agnus.

435 617 678 672 operum
702 618 776 652 ss.
811 599 1050 670 patrum
1071 595 1460 672 descriptione
1491 597 1716 654 victum
1773 596 1935 655 Fecit
1965 596 2126 672 quod
2157 597 2337 654 dixit:
2385 596 2543 654 sieut
2586 596 2788 655 docuit
2819 615 3055 672 quoque

435 686 548 744 sibi
600 686 982 786 compararet,
1045 685 1422 744 institutione
1474 704 1610 743 vero
1659 689 1720 744 et

1864 685 2028 753 vixit,

435 776 700 851 exemplo
725 776 976 850 juvenes
1009 776 1301 834 excoleret
1339 776 1403 833 in
1437 773 1627 833 literis
1659 778 1718 833 et
1774 775 1930 834 sicut
1960 790 2078 832 non
2101 775 2288 844 fictuS‚
2309 775 2442 832 aliis
2462 774 2643 844 mitia,
2661 774 2773 833 sibi
2792 778 2880 833 sti
2885 775 3054 845 ictus

433 865 700 925 moribus
731 864 922 926 bonis
983 864 1262 922 Instituit
1291 866 1352 922 et
1384 864 1716 939 puellarum
1773 865 1900 922 Lux
1933 864 2132 922 fuerat
2161 864 2320 934 cleri,
2372 863 2612 921 tradens
2663 864 2798 923 huie
2829 865 3057 968 lumina

436 953 794 1020 sodalitium,
873 971 1024 1026 quae
1104 953 1284 1010 vitam
1348 971 1716 1011 communem

1865 953 1986 1012 veri
2003 948 2067 1034 ¹).

437 1043 674 1118 pietatis
746 1041 1044 1100 exercitiis
1109 1041 1372 1100 deditam
1433 1042 1718 1101 ducerent
1774 1042 2015 1100 Gerardi
2050 1042 2376 1117 discipulus
2410 1044 2471 1099 et
2502 1042 2717 1100 sodalis
2749 1042 2865 1100 fuit
2896 1042 3055 1101 Flo-

434 1149 837 1206 manuumque
859 1131 1059 1189 labore
1078 1131 1360 1189 viverent.
1395 1131 1569 1190 Peste
1590 1151 1714 1190 eor·
1773 1150 1850 1189 re
1867 1152 1908 1190 ιι
1924 1132 1980 1188 t
1964 1151 1985 1188 1
2005 1151 2043 1188 n
2060 1152 2100 1189 u
2118 1149 2145 1189 s
2209 1132 2257 1189 R
2272 1151 2304 1189 a
2321 1131 2357 1188 d
2374 1150 2406 1189 e
2420 1150 2475 1189 w
2492 1132 2542 1205 ij
2564 1151 2603 1190 n
2620 1151 2646 1189 s
2708 1151 2775 1190 ex
2839 1132 3055 1207 oppido

434 1225 639 1296 reptus
674 1220 826 1277 obiit
856 1219 949 1278 vir
978 1238 1114 1278 vere
1145 1219 1397 1278 devotus
1437 1232 1531 1283 19.
1565 1223 1715 1297 Aug.
1773 1219 2053 1279 Leerdam
2106 1221 2169 1277 in
2203 1220 2452 1278 Batavia
2496 1220 2871 1280 meridionali
2919 1240 2975 1280 n.
3009 1242 3056 1285 c.

449 1320 605 1373 1384
650 1330 697 1367 a.
745 1309 956 1367 aetatis
1001 1318 1100 1370 43.
1165 1309 1247 1366 Ex
1294 1310 1548 1382 epistolis
1591 1311 1718 1386 ejus
1780 1308 3054 1386 1350.Pragaestudiisoperamdeditadep·

432 1399 711 1474 pretiosis
745 1401 971 1472 septem
991 1397 1178 1456 edidit
1197 1417 1267 1455 ex
1288 1399 1410 1457 cod.
1434 1399 1717 1458 leodiensi
1773 1404 1991 1474 tusque
2020 1402 2114 1457 est
2137 1398 2409 1474 magistri
2424 1398 2690 1474 gradum.
2724 1399 2868 1457 Post
2897 1399 3052 1458 redi-

434 1488 610 1547 Nolte
656 1487 855 1545 Theol.
904 1485 1155 1556 Qtlsehr.
1196 1487 1510 1564 'tubingen
1549 1499 1712 1552 1870
1773 1491 1900 1546 tum
1919 1487 1984 1545 in
1999 1488 2251 1562 patriam
2286 1491 2475 1546 sactus
2507 1492 2600 1545 est
2614 1489 2932 1547 canonicus
2963 1490 3057 1547 ul·

434 1577 576 1646 LIV,
605 1587 727 1639 280
750 1595 820 1634 ss.
842 1576 1331 1636 annotationibus
1353 1578 1714 1647 illustratas3
1774 1577 2143 1651 traje'etinuS.
2177 1576 2418 1635 Gerardi
2437 1577 2651 1635 Groote
2666 1578 2944 1636 concione
2973 1579 3059 1636 ita

433 1667 578 1723 alias
603 1669 727 1741 jam
778 1664 1043 1723 ediderat
1090 1666 1160 1723 de
1195 1666 1335 1723 Ram
1381 1667 1445 1723 in
1477 1667 1717 1742 Compte
1772 1669 2099 1725 commotus
2163 1665 2295 1735 fuit,
2372 1671 2444 1723 ut
2514 1666 2784 1725 abdicato
2846 1666 3054 1743 pingui

434 1756 622 1813 rendu
655 1754 757 1813 des
776 1755 1007 1812 seances
1027 1754 1098 1811 de
1119 1755 1178 1812 la
1196 1755 1351 1813 Com.
1375 1775 1497 1832 roy.
1520 1756 1715 1818 d'hist.
1773 1754 2054 1813 beneficio
2101 1755 2260 1813 hunc
2302 1756 2657 1830 magistrum
2705 1760 2942 1814 secutus
2975 1756 3058 1815 sit

435 1847 505 1902 (le
524 1845 688 1920 Belg.
726 1853 779 1906 3.
813 1861 923 1904 ser.
957 1844 1032 1912 11,
1076 1853 1240 1907 1860
1260 1862 1315 1919 p.
1341 1854 1419 1907 66
1439 1864 1547 1912 ss,;
1586 1862 1715 1903 sex·
1773 1864 1826 1901 a.
1862 1853 2043 1906 1380.
2079 1846 2212 1919 Ipse
2233 1844 2547 1903 consilium
2570 1844 2749 1912 dedit,
2771 1847 2842 1903 ut
2860 1845 3056 1903 clerici

434 1934 619 1991 decim
667 1933 885 2008 Preger
929 1932 993 1989 in
1025 1933 1175 1989 Abh.
1222 1933 1326 1992 der
1356 1935 1717 1993 Mfinehener
1765 1933 2056 2007 junioreS,
2105 1934 2209 2008 qui
2256 1934 2697 2008 occupabantur
2739 1935 2804 1992 in
2837 1934 3056 1993 deseri·

435 2023 541 2080 Ak.
576 2022 662 2080 111
696 2021 788 2079 Kl.
833 2021 966 2079 XXI
998 2041 1051 2096 p.
1095 2034 1115 2084 l
1180 2022 1473 2082 Miincben
1515 2033 1710 2090 1894;
1771 2022 1980 2081 bendis
2024 2025 2293 2080 veterum
2339 2022 2657 2092 codicibus.
2706 2023 2769 2081 in
2814 2041 3053 2100 congre·

435 2112 586 2170 aliae
619 2111 973 2186 prodierunt
1016 2111 1079 2169 in
1127 2112 1399 2171 chronico
1430 2112 1715 2171 windesh.
1772 2111 2069 2187 gationem
2103 2112 2398 2187 quandam
2420 2111 2913 2183 coadunarentur,
2931 2114 3056 2187 ipse

434 2202 588 2259 etin
619 2200 802 2258 variis
835 2200 972 2257 fase.
1008 2200 1304 2258 litorariis,
1339 2201 1481 2259 Cum
1515 2202 1717 2278 plures
1772 2200 2002 2276 primus
2054 2218 2292 2275 quoque
2342 2200 2459 2258 fuit
2508 2201 2798 2275 ejusmodi
2846 2201 3057 2260 domus
3156 2266 3159 2270 y

435 2309 466 2347 e
497 2291 654 2348 clero
687 2288 1010 2365 apostolica
1056 2289 1185 2363 ejus
1234 2290 1607 2364 praedicandi
1640 2292 1714 2349 li-

433 2381 665 2437 bertate
698 2378 909 2436 offensi
929 2396 1062 2436 eum
1083 2377 1240 2452 apud
1260 2380 1605 2456 episcopum
1623 2382 1714 2439 ul-

433 2471 849 2543 trajectensem
900 2468 1071 2541 quasi
1108 2468 1532 2528 haeretieorum
1587 2471 1713 2528 fau·
1776 2521 1829 2525 ,ι

434 2561 623 2616 torem
675 2556 1146 2625 denunciassent,
1212 2562 1280 2613 ut
1341 2558 1715 2632 praedicandi

434 2664 653 2706 munus
685 2645 738 2704 ei
770 2645 953 2704 fuerit
980 2644 1381 2718 interdictum,
1429 2647 1503 2706 ad
1550 2667 1715 2707 suam

433 2736 718 2795 tuendam
761 2735 1163 2793 innocentiam
1206 2737 1583 2795 concinnavit
1613 2738 1714 2796 lib.

434 2828 505 2884 de
558 2826 791 2899 publica
844 2826 1255 2898 protestatione
1330 2830 1389 2883 et
1466 2826 1718 2886 veridica

435 2914 869 2991 praedicatione
885 2913 1210 2989 Evangelii,
1227 2914 1384 2989 quod
1402 2916 1529 2990 ipse
1548 2935 1713 2990 prae·

435 3005 669 3066 dicavit.
732 3001 993 3077 Reliquit
1036 3005 1099 3059 et
1144 3002 1430 3062 Conclusa
1473 3008 1534 3061 et
1581 3023 1717 3079 pro-

435 3094 633 3168 posita
662 3098 722 3150 et
755 3109 875 3149 non
906 3095 1042 3150 vota
1087 3091 1209 3151 scil.
1254 3093 1494 3162 monita,
1529 3094 1715 3152 consi·

438 3183 532 3251 lia,
566 3181 804 3258 regulas
836 3182 904 3237 de
935 3198 1008 3239 ss.
1043 3181 1209 3239 libris
1228 3184 1542 3258 studendis,
1566 3202 1717 3258 quae

435 3270 819 3346 reperiuntur
893 3270 1054 3328 inter
1112 3288 1288 3346 opera
1350 3271 1608 3330 'rhomae
1686 3292 1720 3330 a

437 3360 694 3436 Kempis,
746 3359 851 3434 qui
896 3364 956 3417 et
1006 3361 1183 3418 vitam
1230 3361 1473 3418 Gerardi
1517 3361 1718 3437 Magni

436 3449 801 3524 conseripsit,
837 3448 1108 3508 Coloniae
1152 3458 1310 3512 1660
1335 3454 1375 3507 t.
1402 3460 1436 3511 3
1464 3450 1523 3507 in
1548 3462 1600 3513 8.
1635 3451 1717 3507 Ex

436 3540 486 3614 ej
496 3558 566 3597 us
580 3539 935 3598 sermonibus
949 3538 1120 3614 pauci
1142 3538 1516 3614 prodierunt:
1550 3558 1718 3615 prae-

437 3630 649 3704 cipuus
682 3631 775 3686 est
805 3628 1005 3686 Sermo
1043 3628 1112 3685 de
1132 3628 1373 3702 focariis
1394 3632 1501 3686 aut
1515 3633 1721 3687 contra

437 3718 739 3796 focaristas
804 3712 1164 3797 (sacerdotes
1216 3714 1717 3797 concubinarios),

438 3808 542 3881 qui
573 3811 768 3865 exstat
811 3806 873 3864 in
920 3806 1145 3880 duplici
1195 3807 1549 3875 recensione,
1584 3825 1718 3881 pro-

439 3897 632 3954 lixiori
681 3896 744 3953 in
791 3893 1036 3953 Archias
1079 3895 1166 3953 ed.
1214 3915 1248 3953 a
1287 3895 1426 3953 Kist
1459 3895 1721 3970 Royards

444 3996 608 4047 1839
659 4002 734 4042 ss,
768 3985 812 4051 Ι,
851 3992 1233 4053 365-379;
1280 3984 1356 4055 II,
1396 3994 1719 4055 307·395;

439 4074 592 4133 v111.
660 4083 951 4141 5—1o7;
1015 4073 1346 4131 breviorem
1410 4074 1589 4132 habes
1642 4073 1719 4131 ib.

444 4173 808 4227 108-117,
875 4162 1194 4220 Consilium
1239 4162 1471 4221 cuidam
1510 4163 1721 4239 ¹juveni

437 4252 661 4320 datum,
696 4251 793 4309 eui
825 4251 1045 4310 collata
1089 4252 1203 4309 fuit
1247 4252 1489 4310 ecclesia
1519 4256 1724 4311 curata

438 4342 508 4399 ad
527 4341 741 4400 sororis
760 4359 899 4399 suae
916 4341 1286 4412 instantiam,
1309 4341 1395 4399 ed.
1419 4362 1453 4400 a
1474 4341 1722 4400 Clarisse

438 4433 501 4488 in
533 4430 704 4489 Arch.
751 4449 857 4487 vor
903 4430 1051 4488 kerk
1082 4430 1367 4489 Gesebied
1400 4431 1484 4489 111
1516 4451 1648 4506 app.
1684 4439 1718 4492 3

436 4542 493 4597 p.
536 4531 609 4582 13
645 4539 719 4579 ss.
771 4519 863 4578 Tr.
916 4521 984 4577 de
1033 4523 1404 4578 matrimonio
1450 4521 1528 4578 ib.
1565 4520 1719 4589 VIII,

453 4620 564 4671 129
621 4628 729 4680 ss.;
781 4610 849 4667 de
894 4610 1166 4668 locatione
1215 4611 1597 4680 ecclesiarum,
1644 4610 1720 4666 ib.

438 4699 593 4769 VIII,
656 4710 775 4762 119
827 4717 905 4757 sa.
969 4700 1160 4757 Multa
1222 4702 1568 4756 manserunt
1631 4699 1720 4757 in-

438 4790 610 4847 edita.
644 4790 716 4848 In
747 4789 876 4863 ejus
900 4787 1201 4865 epitaphio
1226 4788 1378 4846 belle
1401 4789 1470 4846 de
1488 4788 1611 4864 ipso
1635 4789 1718 4845 le·

436 4880 657 4954 gimus:

1774 2289 2067 2348 sodalium
2130 2290 2288 2347 vitae
2351 2291 2682 2348 eommunis
2746 2294 2938 2349 rector
2999 2295 3058 2348 et

1774 2378 2124 2448 moderator,
2159 2379 2232 2437 ad
2264 2380 2434 2453 eujus
2486 2380 2820 2454 exemplum
2855 2381 3056 2455 plures

1856 2606 1889 2672 ¹)
1919 2599 2000 2653 Cf.
2034 2600 2214 2653 Buseh
2243 2599 2300 2653 in
2333 2600 2594 2654 ebronis-o
2633 2600 3056 2658 windesmensi:

1774 2671 2054 2725 Rudolfus
2136 2671 2268 2726 Dier
2348 2672 2415 2725 de
2472 2672 2703 2726 Muiden
2768 2673 3056 2742 (Muyden)

1778 2744 1963 2797 socius
2027 2745 2265 2797 fratrum
2319 2744 2659 2798 scholarium
2717 2747 3057 2799 Daventrae

1777 2832 2089 2882 eorumque
2131 2819 2465 2885 procurator
2515 2818 2748 2887 (721458)
2792 2817 2852 2869 in
2895 2818 2931 2870 l.
2978 2820 3059 2870 De

1774 2892 2027 2954 maqistro
2070 2891 2135 2944 G.
2176 2890 2351 2941 Grote.
2395 2887 2623 2941 domino
2671 2888 2959 2941 Florenexo
3001 2891 3060 2942 et

1775 2958 1968 3011 multis
2012 2957 2138 3011 aliis
2180 2958 2399 3011 devotis
2443 2958 2734 3021 fratribuS,
2778 2977 2904 3012 etim
2931 2976 3056 3011 eon-

1775 3028 2096 3082 tinuatione
2124 3031 2435 3099 composita
2479 3047 2579 3098 per
2608 3030 2835 3083 Petrum
2866 3029 3053 3083 Hoorn

1773 3101 1919 3154 aba.
1951 3105 2230 3157 1450-—72
2270 3103 2329 3153 in
2375 3102 2626 3154 Dumbar
2668 3103 2830 3155 Anal.
2876 3103 2912 3167 Ι,
2956 3107 3055 3156 1-

1775 3178 2074 3234 113—148,
2103 3189 2247 3241 opus
2265 3173 2460 3242 magni
2478 3175 2751 3227 momenti
2771 3191 2870 3242 pro
2887 3172 3058 3226 histo·

1775 3244 1859 3295 ria
1923 3242 2306 3298 ecelesiastica
2376 3245 2738 3304 Daventriae;
2808 3244 3059 3298 Bonet·

1776 3314 2029 3383 Maury
2095 3314 2220 3368 Ger.
2285 3316 2353 3368 de
2406 3315 2613 3369 Groote
2678 3316 2899 3386 d'apres
2962 3316 3058 3369 des

1775 3386 1999 3443 docum.
2062 3386 2289 3448 inedita,
2355 3386 2512 3439 Paris
2578 3391 2743 3443 1878:
2828 3387 3058 3441 Alberd.

1776 3457 1967 3510 Thi‘m
2000 3457 2107 3512 KL.
2140 3458 2200 3520 V,
2233 3462 2608 3516 1286—1‘2892
2638 3476 2747 3511 van
2776 3458 2897 3511 blec
2926 3460 3058 3527 alig.

1776 3529 1828 3581 d.
1930 3530 1964 3584 i.
2023 3530 2107 3593 IX,
2160 3534 2472 3587 730-——733;
2539 3529 2775 3584 schulze
2829 3529 3059 3583 Realen-

1778 3601 1992 3670 cyclop.
2022 3600 2168 3664 Vw,
2187 3606 2411 3657 185-191
2438 3623 2448 3659 ;
2478 3604 2515 3654 F
2536 3618 2652 3654 ere
2670 3606 2694 3654 t
2721 3601 2817 3663 111,
2845 3605 3058 3659 275-84;

1774 3672 2094 3726 Janssen
2136 3672 2330 3726 (sslesch.
2372 3672 2469 3726 des
2510 3673 2821 3726 deutschen
2853 3672 3059 3726 Volkes

1778 3746 1816 3795 t.
1844 3749 1867 3798 1
1902 3753 1929 3810 ξ
1956 3748 1988 3797 3
2016 3744 2074 3796 in
2104 3748 2297 3799 annot.
2342 3744 2533 3797 statim
2576 3746 2648 3798 ab
2684 3744 2852 3797 initio
2876 3766 2891 3795 ·.
2926 3743 3058 3795 Man

1780 3815 1920 3868 wird
1948 3814 2142 3868 diesen
2190 3815 2475 3868 wahl-hait
2513 3818 2718 3886 grossen
2750 3815 2918 3869 Manu
2948 3817 3064 3867 erst

1778 3886 1932 3939 daun
1959 3888 2289 3957 gebiihrend
2314 3887 2609 3955 wiirdigen
2631 3887 2876 3947 konnen,
2898 3902 3057 3938 weun

1778 3958 1887 4010 alle
1934 3958 2087 4011 seine
2133 3959 2432 4018 Schriften,
2472 3958 2872 4012 insbesondere
2907 3957 3058 4010 seine

1780 4028 1980 4093 Brlefe,
2026 4028 2116 4082 die
2163 4030 2332 4082 deren
2386 4029 2745 4098 wichtigsten
2795 4027 3059 4081 Restand-

1780 4099 1921 4154 theil
2006 4102 2364 4164 ausmachen,
2450 4100 2867 4155 veroffentlicht
2940 4100 3060 4154 sein

1786 4174 2024 4225 werden.
2053 4174 2243 4226 Grube
2272 4172 2439 4229 Geth.
2469 4174 2676 4225 Groote
2718 4172 2834 4225 und
2862 4190 2887 4225 s
2932 4172 3061 4225 stif-

1779 4247 1841 4296 tu
1886 4260 2012 4313 gen,
2044 4245 2181 4297 Coln
2212 4249 2349 4300 1883
2378 4263 2430 4313 p.
2459 4250 2527 4301 66
2554 4261 2650 4299 ss.:
2691 4243 2926 4297 Schulze
2953 4243 3062 4296 Zur

1779 4316 1976 4369 Gesch.
2041 4315 2138 4368 der
2188 4315 2400 4369 Bruder
2463 4333 2590 4368 vom
2642 4314 3059 4383 gemeinsamen

1780 4386 1966 4440 Lebeu
2007 4387 2063 4441 in
2106 4387 2371 4441 Zeitschr.
2420 4389 2456 4442 f.
2499 4386 3061 4456 KGesoh.X1(189o1

1779 4463 1937 4514 ῐι7ῖ-
1956 4463 2077 4521 619,
2107 4458 2205 4512 ubi
2233 4458 2416 4511 edidit
2441 4459 2563 4524 ejus
2590 4458 2627 4512 l.
2655 4461 2716 4512 de
2744 4463 3065 4513 institutione

1779 4535 1955 4584 novici
1979 4549 2099 4583 rum
2145 4530 2296 4583 inter
2337 4536 2543 4584 t'roote
2582 4547 2669 4598 ep.
2710 4547 2739 4582 a
2782 4530 2915 4582 Ram
2945 4530 3061 4598 jam

1780 4602 1963 4654 editas
1982 4602 2122 4654 sub
2108 4619 2227 4654 ius(-
2229 4602 2505 4671 riptione:
2542 4606 2616 4655 De
2633 4623 2697 4655 m
2704 4622 2730 4655 v
2734 4624 2762 4653 )
2791 4604 3064 4664 »nonae-mh·

1800 4672 2110 4725 ›raesertim
2163 4674 2491 4743 Sthoengen
2545 4674 2639 4727 llie
2691 4672 2899 4726 Schule
2952 4688 3063 4724 von

1823 4745 1986 4797 wolle
2016 4762 2125 4798 von
2155 4744 2319 4798 ihren
2348 4746 2630 4815 Anfange
2638 4766 2651 4795 ι
2694 4744 2779 4797 his
2807 4760 2907 4795 zur
2938 4742 3063 4794 Ein-

1778 4815 2032 4885 fuhrung
2084 4815 2182 4869 der
2234 4816 2477 4869 Reform.
2532 4816 2803 4883 Freiburg
2854 4815 2912 4866 in
2966 4815 3063 4867 der

1779 4886 1958 4941 Schw‘.
1990 4892 2129 4943 18.18
2159 4905 2210 4955 p.
2247 4889 2280 4940 1.
