3475 5364
393 347 416 398 1
432 346 511 399 40
521 346 553 398 5
1388 324 1708 381 Fridericus
1735 325 1980 379 Nausea.

2836 343 2995 396 1406

383 512 660 572 homilias
682 516 743 571 et
760 512 1086 581 conciones,
1120 512 1337 588 quibus
1368 512 1660 588 plurimos
1714 511 1896 589 yendo
1924 512 2165 584 futurae
2197 512 2258 568 in
2293 510 2612 569 Germania
2649 512 2854 587 synodi
2884 513 3000 570 loco

382 604 460 661 ad
508 621 705 661 veram
755 600 992 660 reduxit
1034 601 1239 659 fidem:
1286 601 1373 659 ita
1415 608 1666 678 quatuor
1718 602 2020 659 cataerisis
2051 599 2311 658 Viennae
2343 608 2523 668 1545,
2558 600 2759 675 inqua
2790 600 3000 677 ingen·
3081 664 3096 680 ·

378 693 675 750 centuriae
706 692 1053 768 evanyelicae
1071 692 1330 749 veritatis
1364 688 1663 771 (homilia-
1719 694 1842 749 tem
1875 688 2271 747 eruditionem
2313 688 2784 765 geographicam‚
2830 694 3001 765 topo-

385 776 545 859 rum)
578 779 928 856 prodierunt
969 780 1239 840 Coloniae
1277 789 1477 849 15323
1541 780 1662 837 Mo·
1721 778 2064 856 graphicam
2098 781 2160 836 et
2190 777 2535 836 historicam
2579 779 2780 854 prodit
2824 782 3002 854 atque

380 870 632 947 guntiae
691 878 853 932 1540
906 868 995 927 ed.
1038 869 1164 944 jam
1201 878 1270 939 53
1333 868 1666 945 germanice
1720 871 2024 943 tamquam
2058 867 2252 927 locum
2271 866 2805 926 conciliohabendo
2829 886 3000 943 opor-

398 968 595 1028 15:353
646 958 863 1033 duplex
896 976 1107 1016 cursus
1140 958 1485 1017 concionum
1516 958 1585 1016 de
1617 957 1664 1015 b.
1721 964 1941 1016 tunum
1973 955 2257 1031 proponit
2300 956 2680 1015 Batisbonam
2712 958 2805 1017 vel
2840 957 3005 1016 Colo-

388 1048 594 1106 Maria
639 1046 721 1122 V.,
761 1057 960 1114 153o;
1016 1048 1085 1105 de
1129 1048 1342 1107 missae
1384 1047 1667 1120 sacrificio
1723 1046 1900 1105 niam.
1978 1044 2259 1104 Interfuit
2322 1045 2587 1114 concilio,
2658 1048 3004 1122 partemque

398 1146 595 1206 15273
674 1137 742 1193 de
814 1136 1061 1211 symbolo
1133 1146 1328 1205 15293
1405 1136 1476 1193 de
1533 1155 1666 1194 vera
1725 1135 1936 1194 habuit
1967 1135 2029 1192 in
2061 1133 2533 1193 discussionibus
2551 1133 2623 1192 de
2645 1136 3006 1194 eucharistia

379 1226 693 1284 christiani
721 1226 972 1283 hominis
1002 1227 1396 1296 institutione;
1437 1225 1666 1284 concio·
1725 1224 2019 1299 stetitque
2050 1242 2155 1299 pro
2191 1224 2559 1282 conc-edenda
2591 1225 3004 1282 communione

387 1334 491 1374 nes
524 1314 856 1391 exegeticae
890 1332 997 1373 seu
1029 1315 1326 1373 enarratio
1347 1316 1409 1372 in
1435 1315 1669 1372 Tobiam
1725 1314 1838 1372 sub
1870 1316 2125 1389 utraque
2158 1312 2365 1388 specie.
2399 1312 2584 1371 Febre
2618 1316 3005 1389 consumptus

388 1403 662 1463 Coloniae
730 1412 932 1474 15323
1005 1411 1205 1462 contra
1267 1405 1670 1477 anabaptistae
1714 1402 1978 1462 'decessit
2026 1413 2079 1465 6.
2126 1402 2294 1460 Febr.
2355 1411 2517 1465 1552
2583 1402 2691 1462 hoc
2741 1402 3005 1461 encomio

389 1493 543 1551 hom.
588 1502 661 1555 12
698 1492 903 1567 Spirae
933 1492 1199 1563 habitae3
1264 1492 1486 1568 quibus
1520 1492 1668 1551 adde
1725 1491 2059 1551 celebratus
2091 1491 2155 1549 in
2186 1490 2415 1550 concilii
2447 1491 2626 1549 actis:
2697 1491 2841 1560 ,Die
2873 1492 3006 1549 sab-

384 1584 681 1640 conciones
740 1600 1057 1658 pragenses
1127 1600 1305 1657 super
1364 1600 1434 1641 eo
1509 1580 1668 1657 quod
1725 1580 1851 1639 bati
1888 1591 1942 1643 6.
1976 1580 2241 1655 ejusdem
2275 1579 2494 1638 mensis
2527 1580 2692 1639 Febr.
2711 1581 2863 1640 obiit
2879 1580 3006 1638 Tri-

383 1671 657 1730 Christus
688 1670 804 1728 ait:
864 1669 1040 1729 Omne
1069 1690 1311 1748 regnum
1340 1673 1403 1728 in
1431 1690 1491 1729 se
1521 1672 1667 1728 divi·
1726 1670 1895 1729 denti
1928 1668 2264 1727 Fridericus
2299 1670 2534 1727 Nausea
2565 1688 2653 1745 ep.
2686 1670 2839 1728 vien.
2874 1688 3007 1729 ora-

386 1779 522 1819 sum
566 1760 935 1835 desolabitur,
991 1760 1263 1819 Coloniae
1317 1769 1479 1823 1538
1534 1760 1598 1817 in
1630 1758 1668 1816 f.
1725 1762 1822 1818 tor
1854 1759 2010 1836 regis
2056 1758 2450 1818 Romanorum
2494 1758 2556 1816 in
2603 1758 2867 1829 concilio,
2915 1759 3009 1817 vir

390 1849 635 1907 Interim
669 1852 806 1923 post
835 1848 1208 1922 splendidum
1256 1849 1328 1907 de
1374 1848 1672 1925 theologia
1726 1848 1987 1924 optimae
2018 1848 2176 1906 ritae
2196 1850 2257 1907 et
2276 1847 2849 1922 spectatissimorum
2880 1866 3008 1907 mo-

385 1957 636 1997 examen
671 1937 837 1995 Senis
868 1937 1074 1997 doctor
1093 1941 1185 1996 est
1205 1941 1436 1996 creatus
1462 1948 1513 2000 9.
1535 1937 1576 1995 J
1577 1956 1668 1996 an.
1730 1957 1864 1995 rum
1898 1930 1962 1996 ac
1996 1936 2276 1995 scientiae
2297 1936 2486 1995 omnis
2504 1937 2735 2012 generis
2757 1936 3008 1995 admira·

399 2036 565 2090 1531
614 2030 675 2086 et
720 2026 794 2085 ad
839 2026 1035 2085 aulam
1096 2026 1455 2086 Ferdinandi
1516 2027 1671 2103 regis
1728 2026 2359 2100 bilis:quimultapro
2377 2025 2488 2083 fide
2505 2026 2791 2086 catholica
2806 2029 3010 2084 contra

391 2118 653 2185 vocatuS,
707 2119 780 2175 ut
824 2114 943 2191 ipsi
992 2119 1145 2174 esset
1189 2134 1222 2173 a
1273 2116 1671 2176 concionibus.
1730 2115 2050 2173 haereticos
2096 2115 2274 2189 hujus
2321 2114 2606 2188 temporis
2651 2110 3008 2196 scripsitl).‘

385 2204 655 2265 <Ioannes
715 2204 900 2263 Faber
961 2205 1272 2280 episcopus
1334 2204 1672 2264 viennensis
1729 2204 1874 2279 Ejus
1908 2203 2161 2261 diarium
2193 2203 2265 2261 de
2298 2203 2534 2261 concilii
2565 2204 2712 2262 actis
2745 2204 3011 2262 nondum

390 2294 589 2369 ipsum
641 2292 755 2352 sibi
803 2293 868 2350 in
919 2294 1323 2369 coadjutorem
1374 2293 1587 2370 selegit
1620 2313 1669 2351 a.
1729 2292 1966 2369 prodiit.
2001 2292 2136 2349 Alia
2167 2290 2432 2367 ejusdem
2465 2310 2645 2367 opera
2678 2298 2820 2351 sunt
2851 2294 2920 2350 de
2949 2294 3010 2351 J.

403 2392 587 2452 1538,
636 2382 731 2440 cui
778 2382 957 2440 etiam
1000 2402 1050 2440 a.
1091 2393 1247 2445 1541
1303 2382 1368 2441 in
1398 2383 1506 2440 hac
1537 2382 1675 2441 sede
1731 2381 1954 2441 Christi
2002 2389 2052 2438 et
2097 2383 2409 2439 novissima
2457 2384 2716 2440 omnium
2760 2390 3011 2440 mortuo-

386 2471 693 2531 successit.
755 2470 891 2529 Jam
922 2471 1083 2530 omni
1116 2472 1425 2549 satagebat
1456 2471 1673 2530 sollici·
1730 2490 1865 2528 rum
1912 2472 2342 2546 resurrectione,
2397 2488 2548 2545 opus
2599 2471 2906 2533 eruditum
2952 2474 3013 2529 et

395 2561 604 2619 tudine
621 2560 1018 2618 tristissimam
1038 2560 1347 2637 religionis
1362 2559 1676 2620 catholicae
1729 2579 1952 2630 rarum,
1987 2559 2247 2618 Viennae
2289 2569 2443 2622 1551
2501 2559 2566 2618 in
2599 2570 2670 2627 43
2716 2560 3015 2633 Responsa

388 2650 457 2710 in
488 2669 597 2709 sua
627 2649 879 2709 dioecesi
912 2650 1327 2721 conditionem,
1362 2650 1422 2710 in
1454 2669 1573 2726 qua
1602 2648 1675 2708 ad
1730 2667 1852 2708 una
1884 2667 2016 2709 cum
2049 2649 2368 2708 eorundem
2413 2649 2919 2709 'declarationibus
2952 2652 3014 2709 et

400 2751 523 2804 300
558 2739 865 2815 parochiae
884 2740 1227 2815 pastoribus
1255 2741 1550 2810 carebant,
1584 2757 1674 2798 re·
1731 2739 2234 2798 moderaminibus
2264 2757 2308 2797 s.
2343 2738 2500 2797 sedis
2553 2758 2643 2814 ap.
2677 2739 2752 2799 ad
2783 2740 3015 2814 aliquot

392 2833 678 2889 staurare.
742 2827 1025 2887 Interfuit
1070 2829 1249 2888 variis
1298 2848 1405 2905 per
1437 2829 1676 2887 Germa·
1733 2827 1978 2886 inclitae
2009 2829 2380 2903 germanicae
2424 2828 2683 2887 nationis
2730 2828 3014 2887 adversus

389 2919 553 2978 niam
603 2917 675 2977 de
730 2917 909 2976 rebus
959 2917 1096 2976 fidei
1146 2937 1280 2978 cum
1329 2917 1677 2977 adversariis
1731 2917 1899 2975 illam
1943 2917 2285 2993 gravamina
2345 2914 2670 2998 (Campegii
2728 2912 3012 2999 nomine),

390 3006 737 3082 colloquiis;
770 3006 1036 3066 instante
1056 3008 1301 3066 concilio
1316 3007 1558 3067 Romam
1582 3025 1674 3065 ac-

391 3096 553 3155 citus
586 3099 695 3165 est,
730 3099 802 3153 ut
833 3096 1077 3154 consilia
1096 3099 1157 3154 et
1178 3114 1415 3171 operam
1448 3096 1675 3156 confer·

390 3192 489 3242 ret
520 3184 595 3244 ad
625 3183 945 3259 parandam
976 3185 1280 3243 materiam
1315 3204 1423 3260 pro
1455 3185 1676 3254 eodem,

396 3291 576 3348 quem
623 3273 683 3330 in
731 3272 906 3331 finem
951 3291 1019 3331 ex
1062 3274 1480 3334 celebrioribus
1511 3274 1676 3333 theo-

401 3362 557 3439 logis
590 3365 650 3420 et
682 3361 1005 3420 canonistis
1038 3362 1281 3439 collegit
1312 3382 1511 3421 rerum
1543 3377 1678 3421 con-

392 3453 695 3532 siliarium
709 3451 767 3509 ll.
791 3454 831 3508 5
831 3494 852 3526 ,
870 3450 1104 3527 Lipsiae
1132 3464 1154 3514 1
1171 3462 1202 3514 5
1216 3461 1248 3514 3
1260 3459 1294 3513 8
1314 3451 1677 3522 3Praemoni·

398 3540 624 3599 torium
657 3539 934 3599 Marcello
966 3540 1210 3599 Cervino
1263 3539 1559 3599 Cardinali
1589 3541 1679 3598 in-

1733 3006 2051 3075 elaborata,
2069 3006 2343 3068 Coloniae
2369 3018 2393 3069 1
2411 3016 2443 3069 5
2456 3016 2488 3068 3
2500 3015 2534 3069 8
2553 3006 2617 3064 in
2632 3006 2669 3064 f.
2687 3028 2701 3078 ;
2736 3007 3012 3065 Pastore-

1734 3097 1877 3154 lium
1905 3096 2342 3171 inquisitionum
2363 3096 2572 3154 elenchi
2597 3103 2731 3171 tres,
2753 3095 3013 3155 Viennae

1744 3193 1903 3248 154?
1928 3205 1942 3254 ς
1971 3185 2040 3242 de
2072 3186 2294 3244 clericis
2312 3186 2375 3242 in
2395 3185 2648 3243 Ecclesia
2670 3186 3016 3244 ordinandis

1733 3274 1797 3332 in
1834 3283 1866 3337 5
1902 3273 1967 3336 ll.
2012 3274 2299 3348 partitum
2342 3273 2700 3350 isagogicon,
2752 3273 3015 3333 Viennae

1749 3370 1909 3425 1548
1944 3362 2008 3419 in
2044 3370 2113 3432 83
2154 3372 2311 3425 1551
2353 3362 2417 3420 in
2451 3372 2522 3431 εις
2573 3363 2642 3421 de
2674 3364 3014 3421 antichristo

1734 3449 1793 3510 ll.
1827 3453 1888 3526 3,
1924 3451 2190 3510 Viennae
2230 3460 2391 3515 1550
2426 3451 2491 3508 in
2525 3461 2594 3520 43
2656 3452 2725 3510 de
2755 3469 3015 3512 corisum-

1735 3541 1984 3598 matione
2030 3541 2219 3610 seculi,
2269 3539 2555 3599 'Coloniae
2616 3549 2776 3602 1555
2831 3540 2894 3598 in
2944 3550 3013 3609 83

400 3630 691 3704 scriptum
719 3648 830 3704 pro
861 3630 1182 3688 christiana
1227 3631 1499 3706 reliyione
1547 3647 1679 3688 con·
1737 3629 2232 3688 Miscellaneorum
2265 3630 2321 3693 ll.
2353 3631 2417 3704 2,
2449 3647 2703 3705 quorum
2734 3629 2894 3705 prior
2925 3634 3017 3689 est

397 3716 690 3778 servanda
743 3713 825 3799 (p.
891 3716 1098 3796 1543),
1153 3719 1243 3780 ed.
1276 3739 1309 3778 a
1371 3719 1682 3796 Dollinger

396 3808 676 3884 Beitrage
708 3812 814 3866 etc.
848 3806 954 3871 111.
997 3816 1357 3871 152-166,
1401 3808 1679 3867 Catechis·

1816 3823 1854 3886 ¹)
1883 3817 2055 3886 Apud
2084 3815 2327 3869 Theiner
2353 3815 2658 3885 Zagabriae
2686 3833 2742 3885 p.
2770 3819 2892 3873 652.
2933 3816 3017 3871 Cf.

394 3916 558 3956 mum
577 3898 915 3955 catholicum
949 3893 1188 3978 (merito
1217 3897 1390 3956 laude
1411 3894 1681 3975 dignum)
1737 3888 1910 4011 thurss
1970 3888 2125 3957 apud
2179 3887 2429 3941 Messzner
2490 3887 2531 3940 F
2536 3904 2579 3944 r·
2631 3886 2859 3941 Nausea
2914 3903 3018 3941 aue

399 3986 463 4043 ll.
531 3997 564 4048 6
635 3985 1100 4061 comprehendit,
1164 3985 1439 4046 Coloniae
1516 3995 1678 4049 1543

394 4074 467 4133 in
497 4074 570 4145 f.;
616 4084 797 4137 1552.
862 4074 1195 4133 Secundum
1226 4074 1583 4134 Ferdinandi
1613 4078 1683 4133 ut

396 4164 643 4222 videtur
675 4164 1069 4223 intentionem
1101 4163 1289 4223 edidit
1320 4164 1513 4238 Super
1544 4165 1681 4222 deli-

403 4384 585 4439 Dabei
612 4385 839 4440 verrath
880 4402 942 4440 er
982 4385 1110 4439 eine
1137 4385 1445 4439 ascetiache
1472 4385 1684 4440 Durch-

402 4455 663 4525 hildung,
716 4456 926 4511 welche
971 4456 1080 4510 mit
1119 4456 1432 4511 Ehrfurcht
1473 4458 1683 4511 erfflllt.

397 4527 514 4580 Zur
539 4527 1146 4597 Veranschaulichung
1190 4527 1387 4581 stehen
1415 4529 1535 4583 ihm
1566 4527 1683 4583 Bei-

1816 3958 2135 4022 eissenfeld‚
2162 3958 2534 4030 Regensburg
2567 3962 2720 4021 1884.
2761 3958 2863 4027 qui
2890 3957 3017 4012 dili·

1739 4033 1938 4100 genter
1964 4030 2086 4100 ejus
2112 4029 2322 4099 scripta
2347 4033 2618 4094 recenset,
2663 4044 2908 4097 quorum
2934 4046 3020 4083 ca·

1741 4102 1997 4171 talogum
2015 4101 2137 4171 ipse
2153 4101 2381 4154 Nausea
2389 4102 2512 4170 jam
2529 4100 2784 4156 ediderat
2800 4117 2849 4154 a.
2862 4106 3020 4161 15462

1740 4173 1950 4226 Weber
1964 4172 2077 4226 KL.
2092 4173 2184 4236 IX,
2201 4177 2441 4232 50-57;
2473 4172 2662 4242 Mayer
2683 4174 2770 4226 Fr.
2793 4173 3019 4226 Nausea

1741 4260 1853 4298 von
1898 4243 2069 4297 Wien
2114 4245 2220 4297 auf
2256 4243 2385 4297 dem
2430 4243 2632 4298 Konzil
2673 4260 2785 4298 von
2825 4243 3023 4298 Trient

1739 4315 1872 4369 hist.
1913 4313 2114 4369 Jahrb.
2152 4319 2307 4372 1887.
2347 4318 2398 4378 8,
2438 4319 2648 4380 1—28.,
2706 4314 2769 4368 in
2810 4315 3021 4384 quibus

1741 4386 1926 4440 utitur
1970 4386 2106 4439 actis
2152 4385 2404 4456 ejusdem
2450 4385 2709 4441 Nauseae
2759 4386 2820 4440 in
2866 4403 3020 4441 conc.

1741 4457 2056 4511 tridentino
2109 4457 2351 4511 fideliter
2400 4457 2697 4527 descriptis
2744 4459 3021 4513 hactenus

1740 4528 2005 4588 ineditis:
2052 4529 2425 4593 Rotermund‚
2471 4529 2738 4584 Fortsetz.
2780 4530 2899 4582 und
2928 4529 3021 4582 Er·

396 4616 428 4652 s
474 4597 579 4652 iele
643 4614 746 4653 aus
796 4597 897 4652 der
953 4598 1200 4664 Profan·‚
1251 4598 1516 4655 Kirchen·
1566 4599 1684 4653 und
1741 4605 1903 4670 ganz.
1931 4618 1998 4654 zu
2028 4600 2157 4656 Chr.
2185 4599 2250 4657 G.
2275 4600 2504 4656 Jochers
2543 4601 2768 4671 allgem.
2798 4600 3022 4656 Gelehr·

461 4669 1000 4741 eiligeugeschichte
1044 4669 1105 4722 in
1151 4669 1310 4724 Faue
1355 4688 1423 4723 zu
1452 4670 1684 4727 Gebote.
1744 4671 1947 4727 tenleX.
1990 4672 2056 4736 V,
2096 4676 2232 4731 415;
2283 4671 2574 4727 Aschbach
2615 4690 2704 4743 op.
2751 4671 2844 4725 cit.
2892 4689 3022 4742 pag.

404 4741 526 4807 Auf
547 4741 840 4811 eonstigen
860 4739 1248 4795 rhetorischen
1265 4740 1546 4796 Schmuck
1568 4758 1685 4796 ver·
1742 4747 2022 4800 322—28:
2050 4743 2323 4796 Kawcrau
2356 4742 2619 4797 Realenc.
2645 4744 2817 4809 xlm,
2846 4746 3020 4800 669-—

395 4812 613 4866 zichtet
639 4811 776 4866 erin
792 4812 890 4866 der
907 4811 1099 4882 Regel.
1127 4812 1689 4868 oflJanssen-Pastm
1743 4819 1863 4873 672z
1915 4814 2204 4884 Zeissberg
2265 4814 2401 4883 allg.
2465 4814 2519 4868 d.
2571 4815 2760 4884 Biogr.
2824 4814 3020 4876 XXIIl,

408 4883 580 4948 VIU’,
608 4887 730 4940 488.
759 4887 863 4940 582
892 4887 996 4937 etc.

1743 4889 2045 4944 321—325.
