3475 5364
324 371 442 423 7323
998 352 1244 406 ,lacobus
1271 351 1340 404 de
1369 351 1723 410 Ancharano,
1755 350 2021 404 Urbanus
2053 349 2273 404 Bonon.
2814 370 2890 422 43
2904 371 2936 421 4

319 558 348 598 c
365 541 402 597 k
419 543 536 598 ert
599 540 659 596 P.
706 559 757 597 v.
807 537 963 608 Ailli,
1027 539 1245 614 partim
1309 539 1467 613 apud
1528 537 1600 596 de
1655 536 2091 607 celeberrimus,
2125 536 2532 612 philosophiae
2550 536 2756 595 doctor
2773 556 2941 613 prae-

320 629 371 686 Η
389 628 570 687 ardt.
624 629 805 686 Plura
835 631 980 686 sunt
1008 627 1202 687 adhuc
1230 627 1472 696 inedita,
1505 628 1601 685 vel
1655 627 1867 695 clarus,
1900 626 2142 703 ingenio
2161 626 2421 694 subtilis,
2442 625 2677 700 eloquio
2697 630 2939 701 apertus

209 785 213 789 ,
319 719 500 776 dubia
529 718 624 776 vel
658 718 983 793 supposita.
1049 716 1231 775 Nulla
1279 717 1471 775 adhuc
1501 735 1598 776 ex·
1656 719 1718 773 et
1749 715 2133 790 compositus.
2166 716 2311 790 Ejus
2344 718 2407 772 in
2438 716 2495 772 ll.
2526 718 2938 775 sententiarum

318 809 438 866 stat
454 808 718 867 omnium
740 825 984 882 operum
1006 807 1185 864 simul
1218 806 1596 865 collectorum
1653 806 2104 864 commentarius
2164 804 2454 880 prodiisse
2530 804 2749 863 dicitur
2816 807 2939 865 Au-

318 896 514 966 editio,
567 896 670 955 sed
715 899 789 953 ut
818 915 886 954 ex
919 895 1093 954 dictis
1124 896 1317 970 liquet
1349 895 1599 971 sparsim
1653 897 1866 970 gustas
1897 893 1965 956 V.
1992 903 2178 956 1472.
2211 894 2403 971 Magis
2433 893 2701 953 innotuit
2730 896 2767 955 1.
2793 895 2938 954 Con-

317 987 703 1061 reperiuntur
733 985 892 1043 inter
910 984 1174 1044 Gersonii
1195 1004 1388 1060 opera,
1419 985 1517 1043 vel
1535 984 1597 1041 in
1652 985 1857 1042 solatio
1876 991 2245 1058 peecatorum
2290 1000 2395 1041 seu
2427 1001 2732 1058 processus
2766 985 2938 1044 Luci-

321 1095 527 1151 magno
571 1092 662 1151 op.
696 1073 770 1132 de
810 1073 1056 1132 Hardt
1100 1072 1171 1132 de
1204 1092 1360 1134 conc.
1393 1076 1596 1140 const„
1655 1072 1761 1130 feri
1816 1077 2023 1131 contra
2069 1072 2125 1131 J.
2176 1072 2477 1130 Christum
2523 1073 2705 1148 vulgo
2749 1073 2939 1134 Belial

319 1166 410 1223 vel
443 1165 688 1223 seorsim
732 1162 1099 1238 prodierunt,
1149 1163 1350 1238 aliqua
1397 1182 1597 1221 recen·
1654 1161 2078 1236 dictus,inquo
2091 1163 2416 1221 secundum
2429 1163 2941 1237 omnemjustitiae

315 1255 454 1312 tiori
498 1258 692 1312 aetate
736 1252 1206 1311 Tsehackert
1253 1254 1318 1310 in
1349 1252 1598 1312 anecdo-
1655 1251 1913 1328 rigorem
1946 1271 2184 1311 causam
2231 1270 2337 1310 seu
2381 1267 2718 1326 processum
2765 1252 2940 1311 insti·

316 1347 515 1401 torum
560 1362 657 1418 pp.
690 1342 926 1401 selectis
966 1342 1128 1417 operi
1173 1359 1282 1400 suo
1327 1342 1400 1400 de
1433 1341 1495 1404 P.
1528 1340 1600 1399 de
1655 1341 1779 1399 tuit
1793 1340 2049 1399 Luciferi
2076 1340 2408 1399 accusantis
2432 1339 2749 1408 Christum,
2781 1342 2939 1416 quod

317 1432 542 1490 Alliaco
594 1431 935 1506 subjunctis
983 1432 1047 1489 in
1098 1431 1287 1488 lucem
1321 1431 1597 1506 protulit,
1657 1429 1729 1487 ad
1764 1429 1985 1488 inferos
2001 1430 2293 1489 descensu
2301 1430 2405 1506 jus
2420 1449 2597 1488 suum
2620 1430 2938 1505 possessio·

316 1521 474 1579 inter
506 1539 656 1595 quae
700 1523 793 1578 est
835 1521 1078 1593 epistola
1122 1519 1440 1579 sarcastica
1468 1521 1599 1577 dia-
1655 1517 1749 1576 nis
1783 1536 1888 1577 seu
1935 1519 2185 1579 dominii
2227 1519 2496 1578 laeserit:
2548 1538 2670 1594 qua
2703 1537 2940 1579 accusa-

317 1612 427 1667 boli
473 1609 791 1668 Leviathan
839 1609 912 1668 ad
957 1610 1268 1668 universos
1311 1610 1600 1684 praelatos
1656 1606 1817 1667 tione
1849 1609 2080 1684 prolata
2127 1609 2192 1666 in
2224 1608 2450 1684 duplici
2481 1608 2771 1667 instantia
2801 1627 2939 1668 con-

317 1699 618 1758 Ecclesiae.
1656 1700 1750 1755 tra
1781 1697 2118 1757 Luciferum
2170 1698 2465 1756 sententia
2497 1696 2702 1759 fertur.
2765 1698 2942 1757 Liber

1658 1786 1927 1845 insulsus
1971 1789 2215 1863 propter
2253 1787 2589 1864 argumenti
2621 1787 2938 1864 singulari-

409 1887 550 1940 369.
583 1876 1019 1934 Praeter-missis
1051 1876 1378 1935 Petrode
1410 1877 1600 1935 Non·
1656 1878 1842 1933 tatem
1877 1894 2050 1952 saepe
2082 1876 2278 1935 editus
2309 1879 2400 1934 est
2433 1876 2574 1934 etin
2595 1877 2786 1934 varias
2807 1896 2938 1936 ver-

316 1978 547 2042 gento
585 1965 942 2034 Normanno‚
976 1965 1255 2043 theologo
1288 1964 1598 2040 parisiensi
1657 1982 1761 2021 sus
1794 1964 2049 2041 linguas.
2081 1966 2174 2024 Ita
2202 1984 2288 2024 ex.
2320 1984 2406 2042 gr.
2429 1965 2783 2042 inscriptus:
2816 1965 2937 2024 Jac.

267 2089 278 2099 ·
318 2063 387 2135 (0.
424 2075 473 2115 a.
519 2051 726 2135 1404),
762 2056 933 2129 cujus
965 2059 1371 2112 memorantur
1391 2054 1455 2112 in
1476 2074 1595 2113 ma·
1655 2053 1729 2110 de
1747 2053 2031 2113 Theramo
2064 2054 2478 2130 compendium
2496 2055 2784 2131 perbreve
2802 2073 2940 2114 con-

315 2145 574 2220 gistrum
606 2143 1034 2202 sententiarum
1069 2143 1413 2218 quodlibeta
1432 2143 1599 2202 scho·
1656 2142 1869 2202 solatio
1887 2147 2256 2217 peccatorum
2276 2147 2688 2219 nuncupatum
2706 2146 2767 2202 et
2781 2145 2937 2219 apud

317 2232 521 2290 lastica
544 2256 601 2264 -
620 2232 657 2290 J
670 2250 890 2290 oanne
911 2233 983 2290 de
1002 2233 1134 2290 Mei
1146 2251 1282 2310 gen
1316 2232 1599 2309 magistro
1656 2233 1979 2291 nonnullos
2011 2233 2203 2291 Belial
2234 2234 2576 2302 vocitatum,
2629 2234 2700 2291 ad
2735 2234 2795 2294 P.
2829 2234 2938 2290 Ur-

317 2327 375 2380 et
392 2320 1003 2382 senioreinfacultate
1029 2321 1248 2380 artium
1265 2321 1598 2391 viennensi,
1655 2319 1878 2378 banum
1911 2322 2004 2380 VI.
2037 2323 2456 2398 conscriptum,
2490 2322 2527 2383 i.
2560 2341 2607 2380 e.
2640 2341 2941 2397 processus

317 2411 505 2487 primo
521 2411 701 2487 hujus
717 2411 1045 2469 academiae
1059 2414 1289 2469 rectore
1307 2406 1405 2491 (†1
1423 2421 1454 2472 4
1467 2408 1596 2492 02).
1655 2409 1921 2484 Luciferi
1939 2411 2224 2487 principis
2245 2410 2689 2469 daemoniorum
2709 2430 2937 2470 necnon

316 2502 484 2575 cujus
508 2501 844 2574 manipulus
867 2501 1313 2566 distinctionum,
1335 2500 1600 2559 Viennae
1655 2498 1844 2557 totius
1892 2500 2202 2559 infernalis
2255 2500 2738 2576 congregationis,
2791 2519 2938 2576 quo-

323 2599 507 2660 1482,
559 2589 713 2648 forte
759 2591 852 2647 est
883 2589 1138 2665 primum
1172 2589 1600 2666 typographiae
1655 2606 1787 2645 rum
1822 2594 2169 2663 procurator
2198 2589 2389 2647 Belial
2419 2594 2628 2648 contra
2656 2589 2710 2647 J.
2744 2590 2938 2649 Chris-

314 2677 652 2738 viennensis
693 2684 1143 2738 monumentum
1193 2713 1281 2722 —
1310 2678 1349 2737 J
1366 2698 1598 2738 oanne
1653 2678 1785 2735 tum
1821 2723 1832 2734 .
1869 2723 1880 2735 .
1916 2724 1947 2750 .‚
1982 2680 2153 2757 cujus
2189 2684 2538 2754 procurator
2568 2679 2818 2756 Moyses,
2867 2678 2938 2738 de

317 2768 550 2827 Otton
569 2765 663 2850 e2)
695 2786 801 2826 seu
833 2768 904 2826 de
929 2769 1343 2844 Miinsterberg
1374 2768 1433 2826 in
1467 2788 1597 2827 aca-
1654 2766 1841 2841 spolio
1873 2770 2223 2839 animarum,
2258 2786 2409 2843 quae
2440 2768 2504 2826 in
2536 2768 2720 2828 limbo
2752 2771 2937 2837 erant,

315 2856 505 2915 demia
566 2857 843 2933 pragensi
905 2858 1204 2933 magistro,
1269 2858 1488 2917 decano
1537 2862 1598 2915 et
1652 2873 1787 2913 cum
1820 2857 2127 2917 descendit
2156 2858 2227 2916 ad
2251 2857 2501 2926 inferna,
2536 2876 2729 2918 coram
2738 2858 2940 2933 judice

317 2947 492 3005 etiam
524 2950 748 3005 rectore
780 2946 1022 3025 (1398),
1071 2947 1174 3020 qui
1221 2965 1353 3005 cum
1388 2948 1597 3005 multis
1655 2944 1988 3018 Salomone,
2054 2967 2098 3007 s.
2151 2948 2188 3009 l.
2235 2949 2298 3005 et
2356 2967 2436 3017 a.;
2500 2948 2811 3024 Augustae
2871 2946 2935 3005 V.

318 3036 616 3112 magistris
664 3032 721 3115 (4
738 3032 800 3112 6)
850 3039 911 3093 et
959 3036 1236 3110 plurimis
1283 3036 1595 3110 discipulis
1661 3043 1847 3097 1472.
1884 3042 1989 3095 etc.
2069 3038 2214 3112 Ejus
2259 3039 2335 3097 tr.
2384 3036 2799 3095 monarchialis
2833 3055 2939 3095 seu

317 3125 391 3183 ob
435 3130 596 3183 ortas
645 3124 984 3183 simultates
1033 3123 1289 3200 Lipsiam
1335 3125 1592 3192 transiit,
1651 3122 1724 3180 de
1756 3126 2048 3198 pontificis
2099 3126 2327 3183 romani
2373 3126 2710 3184 monarchia
2754 3126 2936 3185 dialo-

316 3216 485 3289 cujus
533 3214 761 3290 primus
810 3213 930 3273 fuit
989 3217 1179 3271 rector
1227 3209 1473 3295 (1409),
1535 3218 1597 3273 et
1651 3230 1763 3287 gus
1792 3233 1913 3274 non
1958 3210 2255 3294 prodiitl).
2302 3248 2389 3259 —-
2439 3214 2524 3273 Ex
2574 3215 2939 3273 Ser-vitarum

315 3302 805 3377 procancellarius
867 3306 929 3361 et
1004 3302 1247 3361 concilio
1323 3303 1597 3361 interfuit
1650 3305 1856 3365 ordine
1884 3305 2152 3363 innotuit
2197 3304 2505 3361 Urbanu
2524 3322 2551 3361 s
2602 3304 2936 3362 Bononien-

315 3392 744 3450 constantiensi
789 3388 849 3469 (†
893 3387 1079 3471 1416)
1126 3424 1213 3434 ——
1257 3391 1596 3450 Jacobus
1652 3391 1796 3474 sisss)
1840 3394 1941 3461 ita,
1976 3397 2047 3451 ut
2079 3393 2440 3450 salutaretur
2491 3392 2937 3468 ,philosophiae

316 3481 588 3539 Pallad
607 3481 622 3537 i
641 3500 782 3539 nus
833 3481 905 3538 de
953 3481 1234 3539 Theramo
1284 3482 1406 3539 sive
1454 3482 1593 3539 Tra·
1652 3491 1928 3559 parens.‘
2023 3481 2185 3541 Adeo
2258 3480 2596 3539 sectabatur
2664 3483 2937 3540 Averrois

316 3570 534 3639 nensiS,
569 3569 745 3628 etiam
780 3570 850 3628 de
882 3570 1084 3627 Anch
1106 3589 1185 3628 ar
1203 3590 1292 3628 an
1311 3589 1344 3627 o
1377 3570 1592 3642 dictus,
1653 3572 1959 3649 principia,
1993 3590 2147 3646 quae
2178 3574 2239 3628 et
2270 3588 2376 3645 pro
2397 3570 2678 3628 cathedra
2702 3570 2936 3644 publice

314 3679 370 3716 n.
418 3669 575 3721 1349
613 3659 844 3718 Patavii
882 3659 1007 3734 juri
1055 3677 1291 3733 operam
1324 3659 1502 3729 dedit,
1537 3663 1598 3718 et
1651 3661 1999 3739 exponebat,
2048 3662 2119 3718 ut
2163 3678 2268 3735 per
2316 3658 2724 3717 excellentiam
2756 3661 2936 3717 Aver-

316 3751 628 3824 postquam
649 3747 1040 3806 archidiaconi
1061 3749 1329 3806 aversani
1350 3768 1594 3807 munere
1655 3752 1837 3811 roista
1852 3750 2176 3808 diceretur:
2214 3748 2518 3807 nitebatur
2542 3752 2737 3806 tamen
2755 3748 2936 3823 hujus

317 3837 557 3895 functus
576 3842 685 3907 est,
708 3837 949 3896 Romam
972 3837 1192 3896 accitus
1213 3839 1595 3897 secretarium
1650 3838 2085 3916 philosophiam
2138 3840 2212 3895 ab
2265 3836 2569 3895 erroribus
2615 3836 2751 3895 fidei
2797 3856 2934 3898 con-

316 3926 440 4002 egit
472 3925 961 4001 poenitentialiae
1010 3929 1072 3984 et
1104 3926 1387 3987 brevium.
1450 3927 1596 3985 Inde
1651 3930 1851 3988 trariis
1883 3946 2212 4004 expurgare
2244 3922 2306 4007 (†
2338 3924 2541 4003 1403).
2576 3926 2805 3984 Prodiit
2825 3927 2936 3984 Ur-

315 4015 505 4073 factus
582 4018 674 4073 est
747 4015 1058 4091 episcopus
1121 4016 1597 4091 monopolitanus
1654 4019 1795 4078 bani
1831 4018 1998 4077 labor
2041 4034 2184 4074 cura
2214 4018 2353 4077 Ant.
2386 4015 2668 4074 Alabanti
2713 4016 2938 4075 ordinis

326 4113 508 4171 1391,
541 4105 881 4163 tarentinus
920 4114 1107 4174 1400,
1141 4123 1272 4163 mox
1305 4114 1460 4167 1401
1492 4106 1595 4164 flo-
1654 4108 2020 4167 Servitarum
2071 4105 2286 4164 summi
2332 4105 2650 4181 praepositi
2696 4106 2801 4164 hac
2844 4107 2935 4165 in-

314 4193 604 4257 rentinus.
656 4193 892 4252 demum
949 4204 1112 4256 1410
1164 4194 1505 4269 spoletanus
1537 4199 1598 4253 et
1655 4197 2008 4273 scriptione:
2070 4196 2339 4254 Urbanus
2371 4196 2709 4253 Awoista
2742 4196 2935 4271 philo-

315 4282 587 4341 dominus
620 4282 879 4341 ditionis.
914 4285 963 4340 A
997 4282 1251 4342 Martino
1282 4282 1348 4340 V.
1377 4284 1596 4343 missus
1653 4288 1878 4362 sophus
1898 4302 2166 4343 summus
2188 4302 2254 4342 ex
2272 4283 2524 4342 almifico
2546 4302 2844 4343 servorum
2880 4285 2933 4342 d.

315 4375 406 4430 est
437 4371 672 4448 legatus
719 4372 783 4430 in
814 4371 1137 4440 Poloniam,
1187 4392 1306 4447 qua
1336 4373 1400 4430 in
1433 4373 1591 4449 lega·
1652 4376 1868 4434 Mariae
1884 4375 1952 4435 V.
1965 4373 2655 4432 Ord.Commentatorum
2669 4374 2933 4432 omnium

314 4461 482 4519 tinne
496 4461 645 4520 obiit
659 4481 707 4519 a.
738 4471 846 4523 141
866 4470 918 4524 ’7.
951 4460 988 4518 J
994 4461 1115 4519 uris
1143 4462 1452 4520 consultus
1472 4464 1598 4521 erat

395 4562 429 4615 Ι)
457 4559 538 4613 Cf.
565 4560 856 4614 Fabricius
889 4558 949 4623 V,
978 4564 1291 4618 224-227ι
1334 4560 1599 4614 Potthast

317 4631 2333 4700 p.913ss.¹)CfMa1-chand
2386 4633 2530 4685 Dict.
2581 4632 2712 4686 hist.
2763 4648 2813 4684 a.
2866 4632 2934 4685 de

389 4708 429 4766 ²)
457 4702 536 4755 De
563 4702 686 4770 ejus
712 4703 934 4783 scriptis
961 4702 1247 4774 (ineditis),
1274 4704 1423 4756 inter
1450 4719 1596 4771 quae
1653 4704 1922 4761 Teramo:
1951 4703 1986 4756 S
2005 4707 2070 4756 tr
2087 4719 2115 4756 e
2132 4704 2167 4755 b
2185 4719 2213 4756 e
2231 4721 2257 4755 r
2285 4703 2395 4757 KL.
2423 4708 2684 4765 15:117&

315 4776 372 4825 et
415 4772 950 4827 commentariorum
993 4792 1054 4827 111
1105 4773 1254 4827 Petri
1295 4775 1596 4828 Lombardi
1727 4784 1768 4835 )
1797 4774 1879 4828 Cf.
1910 4773 1999 4827 Fa
2018 4776 2149 4827 utu
2168 4774 2276 4827 zzi
2320 4774 2365 4826 V
2374 4776 2463 4835 111,
2505 4780 2780 4831 217—20:
2833 4772 2934 4826 Ti·

316 4845 627 4899 sententias
654 4845 712 4899 ll.
738 4849 788 4907 4,
815 4846 884 4900 cf.
914 4844 1422 4916 Schimmelpfenig
1449 4848 1513 4901 A.
1543 4846 1594 4899 d.
1653 4844 2009 4899 raboschi
2051 4845 2118 4899 V.
2160 4846 2197 4901 l.
2236 4851 2269 4900 2
2296 4863 2340 4897 0.
2368 4852 2399 4902 ‘2
2429 4864 2482 4898 n.
2511 4851 2560 4902 3.
2612 4846 2709 4898 Se<
2715 4844 2931 4897 undum

316 4914 398 4971 Bi.
426 4916 622 4981 XXIV,
653 4921 774 4973 756.
1652 4917 1879 4984 aliquos
1909 4920 2099 4970 tamen
2128 4916 2360 4969 floruit
2338 4933 2458 4983 lam
2488 4934 2535 4970 a.
2566 4920 2719 4972 1334.
