3475 5364
157 359 278 411 637

403 339 609 396 Barth.
637 338 1022 406 Glaunvillus‚
1053 339 1254 395 Petrus
1283 340 1458 406 Utin„

1502 339 1700 395 Franc.
1729 339 1800 393 de
1825 339 1944 395 Bel.
1973 339 2187 398 Matth.
2213 340 2285 394 de
2312 339 2430 396 Col.
2457 341 2562 397 etc.
2676 360 2798 414 638

154 527 468 606 allegoriis
518 532 583 588 et
624 530 973 608 tropologiis
1022 529 1090 588 in
1133 533 1458 603 utrumque
1512 526 1553 585 J
1553 544 1776 585 oannes
1800 527 2126 586 Gottwicus
2156 527 2353 603 patria
2381 527 2434 586 N
2438 528 2800 599 orfolcensis,

152 616 290 681 T.ll.
327 626 403 679 19
439 617 781 694 disputavit
811 619 1258 678 Bartholom
1276 635 1458 678 aeus
1513 615 1721 674 doctor
1781 618 1844 675 et
1893 615 2193 691 professor
2243 617 2579 676 oxoniensis
2643 613 2704 701 (†
2754 636 2800 678 c.

155 707 770 767 deGlaunvillaex
789 708 1107 768 comitibus
1126 708 1457 767 suffolcien-
1521 702 1714 782 1360)
1756 738 1844 748 -·—-
1876 704 2080 763 Simon
2111 706 2657 784 Baringuedus
2690 707 2798 767 To-

155 799 313 858 sibus
346 797 420 859 Ο.
459 798 602 856 Min.
636 797 867 874 Anglus
915 797 1116 857 addito
1155 799 1194 856 l.
1232 807 1332 860 20.
1383 797 1457 857 de
1512 794 1777 864 losanus,
1822 794 2028 852 doctor
2056 794 2421 871 parisiensis,
2468 795 2804 872 disputator

157 906 351 946 rerum
370 886 805 957 accidentibus,
835 887 1113 957 numeris,
1147 905 1454 959 mensuris,

159 975 534 1053 ponderibus
577 979 641 1035 et
669 976 828 1036 sonis
860 980 922 1035 et
951 976 986 1034 l.
1019 975 1094 1035 de
1124 977 1454 1053 proprieta-

160 1067 315 1125 tibus
366 1085 579 1141 apum,
644 1066 920 1125 Coloniae
987 1076 1185 1136 1480;
1257 1076 1453 1140 14823

166 1154 810 1232 14883Norimbergae
833 1164 1454 1229 148331492;1519;

163 1246 757 1323 Argentinae1488:
795 1253 1222 1317 149131496;
1261 1255 1454 1314 15053

163 1333 546 1393 Francofurti
591 1343 741 1397 1601
784 1333 872 1393 ed.
905 1334 1162 1409 optima3
1195 1335 1457 1396 Venetiis

172 1434 362 1494 15713
395 1423 646 1481 Parisiis
672 1433 838 1487 1573
869 1424 933 1482 in
952 1424 1020 1494 f.;
1041 1424 1262 1500 prodiit
1280 1425 1455 1484 etiam

167 1513 356 1572 varias
387 1512 459 1570 in
493 1511 728 1589 linguas
760 1531 980 1572 versus.
1014 1512 1176 1572 Obiit
1206 1513 1456 1591 diligens

167 1608 366 1661 auctor
387 1621 442 1660 a.
473 1609 675 1672 1360;
709 1601 1332 1679 Sbaragliatamen
1353 1604 1457 1663 do-

175 1691 462 1749 cumentis
499 1691 746 1750 innixus
776 1710 913 1750 eum
933 1691 1131 1751 seculo
1155 1692 1458 1768 juniorem

175 1783 376 1841 censet.
425 1781 641 1838 Exstat
692 1780 885 1839 adhuc
934 1780 1202 1857 ejusdem
1242 1800 1457 1841 sermio-

180 1889 307 1927 mmu
335 1869 500 1938 liber,
534 1870 921 1945 Argentorati
962 1880 1155 1941 14913
1195 1881 1360 1934 1495
1394 1871 1458 1930 in

178 1959 212 2015 f.
268 1992 355 2004 —
417 1959 876 2018 Manfredus
932 1959 1459 2020 Terdonensis

183 2047 240 2108 Ο.
267 2048 406 2106 lin.
440 2047 690 2124 collegit
719 2047 1093 2132 Polylogium
1133 2049 1460 2109 dictionum

181 2136 630 2212 Scripturarum,
662 2143 894 2212 neynon
923 2141 986 2197 et
1015 2138 1325 2214 postillam
1357 2157 1455 2197 su-

184 2245 279 2299 per
302 2225 691 2296 matthaeum,
733 2231 1059 2303 utrumque
1091 2246 1240 2304 opus
1269 2227 1456 2286 inedi-

184 2318 299 2371 tum
331 2311 413 2395 (fi.
446 2333 496 2378 c.
533 2311 745 2396 1360).
778 2350 857 2360 -
896 2317 1126 2375 Petro
1159 2316 1223 2376 Ο.
1256 2317 1394 2377 Min.
1428 2337 1459 2376 e

188 2402 415 2463 castello
434 2405 720 2482 Porpetto
746 2405 812 2464 in
829 2405 1144 2481 Forojulio,
1177 2406 1284 2482 qui
1311 2405 1457 2465 uti-

191 2495 435 2552 nensis
486 2495 687 2553 dictus
730 2498 838 2563 est,
890 2494 1044 2553 forte
1087 2513 1123 2553 a
1161 2498 1460 2554 conventu

193 2576 246 2658 (†
291 2580 497 2665 1368),
558 2583 854 2642 tribuitur
901 2584 1076 2643 biblia
1125 2603 1459 2660 pauperum

196 2668 432 2731 Venetiis
490 2681 677 2736 1477.
731 2682 918 2737 1518.
957 2681 1144 2744 1533,
1193 2674 1306 2733 sub
1350 2693 1457 2734 no-

199 2761 336 2819 mine
363 2780 406 2822 s.
437 2763 1040 2822 Bonaventurae
1071 2763 1334 2841 vulgata,
1368 2783 1456 2823 re-

200 2866 322 2908 cusa
347 2852 408 2909 in
438 2853 570 2927 ejus
603 2871 746 2927 opp.
776 2851 1030 2911 editione
1060 2854 1349 2923 vaticana,
1395 2854 1459 2912 in

202 2955 304 3010 qua
345 2940 546 2999 ordine
598 2941 974 3016 alphabetico
1034 2940 1105 2999 ad
1155 2960 1456 3002 sacrorum

203 3032 473 3087 oratorum
503 3029 878 3089 commodum
931 3030 1290 3091 exhibentur
1335 3032 1455 3090 col-

203 3114 336 3176 lecta
360 3122 714 3196 argumenta
742 3138 810 3177 ex
844 3138 919 3179 ss.
954 3120 1291 3196 ScripturiS.

1512 884 1854 954 acerrimuS,
1870 883 2041 942 valde
2053 903 2437 954 memorosus,
2456 884 2801 962 aegidianae

1511 971 1863 1049 disciplinae
1892 971 2183 1043 defensor,
2232 973 2473 1033 subtilis
2514 979 2576 1033 et
2607 975 2801 1051 copio-

1512 1080 1632 1131 sus,
1696 1061 1803 1138 qui
1866 1062 2102 1138 scripsit
2167 1063 2232 1121 in
2280 1063 2657 1140 Apocalysim
2719 1060 2801 1147 (fl.

1522 1162 1542 1213 1
1560 1160 1594 1214 3
1605 1162 1637 1214 7
1649 1145 1727 1232 3).
1762 1184 1846 1193 —-
1878 1151 1951 1209 In
1969 1151 2218 1210 eandem
2234 1152 2659 1230 Apocalypsim
2676 1170 2801 1213 mo·

1511 1240 1781 1298 ralitates
1800 1240 2110 1316 proposuit
2129 1241 2380 1302 Thomas
2398 1241 2470 1301 de
2491 1241 2568 1300 St
2583 1261 2623 1301 u
2638 1262 2670 1300 r
2684 1243 2750 1302 ci
2767 1263 2802 1302 a

1513 1325 1771 1410 (Turcia,
1807 1325 2213 1412 Sturciensis),
2247 1331 2496 1409 Anglus,
2544 1332 2801 1392 nuncius

1511 1418 1870 1494 apostolicus
1917 1437 1951 1477 a
1983 1419 2264 1495 Gregorio
2295 1419 2392 1482 lx,
2438 1421 2512 1479 ad
2543 1421 2800 1482 Bononi-

1512 1525 1683 1566 enses
1713 1507 1953 1566 missus.
1987 1541 2075 1552 —
2107 1508 2172 1567 Ο.
2194 1509 2332 1568 Min.
2353 1508 2602 1569 fuerunt
2629 1511 2799 1571 For·

1512 1597 1881 1655 tenerius
1927 1597 2053 1656 sive
2095 1596 2395 1658 Sertorius
2440 1594 2798 1681 Vaselli¹)

1511 1686 1870 1760 Aquitanas,
1921 1686 2198 1746 minister
2245 1688 2560 1763 generalis,
2613 1691 2797 1764 patri·

1515 1775 1694 1834 archa
1722 1774 2032 1852 gradensis
2065 1779 2126 1834 et
2157 1776 2467 1836 cardinalis
2499 1773 2560 1858 (†
2607 1779 2799 1857 1361)

1514 1896 1600 1908 -·
1677 1864 2063 1923 Henricus
2123 1884 2159 1924 a
2220 1867 2504 1942 Montej
2525 1867 2799 1927 ardino

1513 1953 1847 2030 theologiae
1878 1954 2159 2030 magister
2206 1959 2267 2014 et
2298 1956 2677 2015 concionator
2706 1958 2798 2016 in·

1515 2042 1703 2118 signis
1750 2075 1833 2085 —
1882 2043 2117 2118 Reliqui
2159 2046 2296 2102 sunt
2344 2063 2521 2119 quam
2556 2045 2799 2121 plurimi

1514 2131 1993 2191 carmelitae.
2016 2132 2270 2191 Simon
2297 2133 2797 2211 Wichingham

1515 2216 1822 2301 (Vicanus)
1844 2220 2049 2280 doctor
2067 2223 2455 2281 sorbonnicus
2471 2218 2553 2306 (fl.
2575 2236 2597 2286 l
2616 2220 2798 2307 360)·
2868 2225 2871 2228 “

1515 2309 1903 2368 Bobertus
1935 2309 2008 2369 de
2039 2311 2454 2371 Monstroli
2473 2331 2537 2383 o,
2572 2313 2798 2384 Gallus,

1513 2398 1620 2474 qui
1654 2438 1679 2466 ,
1693 2398 1758 2458 in
1790 2399 2131 2458 divinarum
2164 2400 2566 2460 eruditionum
2590 2402 2799 2463 scholis

1517 2488 1757 2545 Parisiis
1792 2488 2165 2563 apertissime
2198 2489 2410 2548 floruit.
2444 2490 2610 2550 Unde
2642 2491 2800 2551 inter

1514 2579 1740 2635 ceteros
1773 2576 2042 2636 doctores
2072 2597 2179 2637 suo
2209 2579 2473 2655 tempore
2493 2585 2798 2642 currentes

1514 2667 1577 2725 in
1597 2666 1942 2742 exponendo
1962 2686 2006 2731 s,
2026 2668 2389 2745 Scripturam
2419 2688 2525 2729 seu
2544 2669 2607 2729 in
2627 2690 2798 2748 prae-

1512 2755 1765 2815 dicando
1794 2756 1869 2815 ad
1888 2757 2114 2816 clerum
2149 2758 2242 2817 vel
2274 2758 2346 2817 ad
2365 2760 2653 2835 populum
2677 2762 2797 2838 pri-

1511 2847 1745 2903 matum
1762 2846 1986 2904 tenuit:
2020 2849 2146 2905 erat
2176 2847 2332 2906 enim
2356 2849 2659 2923 praeditus
2678 2851 2799 2909 elo-

1513 2934 1760 3010 quentia
1789 2936 1851 2992 et
1881 2933 2156 2993 facundia
2186 2937 2585 2997 inenarrabili.
2635 2938 2799 2999 Unde

1512 3023 1709 3082 omnia
1727 3042 1880 3098 quae
1901 3023 2235 3099 proferebat
2261 3027 2522 3085 multum
2541 3046 2800 3104 congrue

1511 3112 1903 3171 occurrebant
1933 3113 2066 3175 sibi.
2107 3114 2247 3173 Fuit
2277 3116 2433 3175 enim
2466 3117 2704 3194 pinguis
2735 3118 2798 3176 in

1512 3201 1752 3278 proprio
1785 3201 2108 3278 suppositO,
2158 3203 2262 3263 sed
2293 3205 2578 3281 pinguior
2610 3207 2674 3265 in
2705 3206 2790 3266 di·

283 3303 413 3357 327.
432 3298 618 3365 Alios,
638 3315 896 3372 quorum
917 3299 1334 3357 commentaria
1352 3317 1458 3358 seu
1514 3291 1789 3349 villarum
1820 3290 2261 3366 scripturarum
2309 3292 2648 3375 studio2):‹
2697 3315 2798 3355 cu-

209 3384 450 3454 postillae
499 3405 610 3445 seu
671 3386 931 3445 lecturae
991 3391 1099 3450 etc.
1160 3387 1224 3446 in
1261 3388 1457 3447 varios
1505 3380 1608 3455 jus
1653 3379 1886 3437 fruetus
1932 3380 2098 3439 fuere
2144 3385 2564 3444 oommflnfaaria
2608 3386 2670 3444 in
2719 3396 2796 3449 14

212 3468 266 3526 v.
291 3471 375 3530 vel
401 3475 467 3532 N.
487 3476 863 3535 Testamenti
892 3476 1077 3536 libros
1107 3481 1458 3536 manserunt
1512 3487 1604 3545 ep.
1652 3487 1697 3530 s.
1732 3468 1916 3539 Pauli,
1967 3469 2029 3527 in
2075 3472 2424 3546 magistrum
2473 3476 2798 3534 sententia-

212 3556 421 3631 inedita,
451 3564 793 3624 nominasse
824 3566 1094 3625 sufficiet.
1127 3566 1260 3625 Huc
1291 3585 1455 3643 spec-
1511 3577 1648 3616 rum
1680 3561 1788 3616 etc.
1822 3592 1909 3600 —
1940 3558 1998 3615 M
2017 3560 2321 3619 atthias
2352 3560 2427 3619 de
2460 3562 2796 3634 Colonia,

213 3650 325 3704 tant
348 3669 409 3708 ex
440 3653 501 3711 Ο.
537 3653 744 3714 Praed.
777 3653 977 3714 Simon
1008 3655 1315 3715 Henton
1361 3656 1457 3735 (de

210 3733 787 3824 Heiutumwintonia)
804 3776 882 3787 -
900 3744 1231 3804 Guilelmus
1247 3745 1453 3804 Roth·

1594 3767 1629 3835 ¹)
1658 3763 1742 3818 Cf.
1788 3764 1956 3833 plura
1998 3764 2068 3816 de
2112 3780 2178 3817 eo
2223 3766 2380 3835 apud
2427 3766 2580 3837 Eggs
2626 3767 2797 3839 Purp.

214 3825 325 3883 wel
361 3828 434 3907 (fl.
463 3836 718 3908 uterque
750 3850 795 3891 c.
839 3828 1029 3915 1360)
1075 3866 1160 3877 -
1206 3835 1456 3893 Thomas
1513 3836 1682 3890 docta
1707 3835 1746 3889 1.
1773 3840 1806 3891 2
1835 3852 1890 3887 n.
1916 3840 1982 3891 57
2012 3851 2067 3903 p.
2094 3840 2395 3893 396—405.

215 3910 253 3969 R
264 3914 281 3971 i
293 3934 329 3973 n
341 3936 376 3994 g
389 3936 414 3977 s
428 3923 454 3977 t
467 3940 499 3979 e
513 3920 553 3980 d
570 3940 602 3980 e
634 3921 840 3982 doctor
867 3926 929 3981 et
945 3923 1240 3998 professor
1259 3928 1457 3982 canta-

221 3999 504 4081 brigiensis,
557 4011 1051 4085 poenitentiarius
1098 4012 1454 4088 pontificius,

1589 3906 2114 4029 ²)1mi÷·mtalogo
2160 3925 2214 3960 m
2293 3908 2413 3992 istr.
2452 3911 2545 3966 cit.
2588 3913 2799 3998 Archir

1513 3978 1795 4123 ἔξηῖἶῖε)
1840 3981 2435 4120 Ιᾶαἷῖῑῗᾛὲοεὲζεοῗῑῗ
2474 3983 2799 4125 ,ἓξὲξὲζέἐ

221 4087 420 4154 demum
458 4095 685 4182 (1357)
738 4100 1042 4179 episcopus
1071 4102 1458 4179 bangorssnssifl
1513 4129 1581 4194 (c.
1609 4124 1787 4193 1351),
1816 4120 1912 4175 cui
1940 4121 2057 4175 fere
2085 4122 2282 4176 eadem
2324 4141 2496 4195 opera
2541 4128 2800 4183 tribuun-

223 4174 270 4255 (†
299 4182 484 4269 1370),
517 4188 622 4264 qui
653 4193 778 4249 tres
809 4190 1050 4250 natione
1079 4190 1244 4250 fuere
1275 4192 1456 4268 Angli
1512 4198 1624 4259 tur,
1646 4193 1749 4262 qui
1767 4192 2028 4260 alioquin
2040 4194 2263 4263 magnis
2278 4197 2545 4253 encomiis
2561 4200 2800 4255 celebra-

222 4297 290 4309 „
328 4272 778 4337 pranciseus
841 4279 914 4338 de
959 4280 1287 4351 Bolano,
1353 4281 1454 4356 qui
1513 4267 1624 4321 tur.
1652 4265 1866 4320 Eodem
1906 4265 2021 4318 fere
2063 4267 2318 4335 tempore
2358 4270 2673 4338 reperimus
2699 4272 2800 4328 Pa-

225 4353 420 4421 Parisiis
435 4365 862 4443 interpretatus
896 4371 985 4427 est
1015 4370 1340 4429 sententias
1375 4365 1454 4451 (fl.

1512 4337 1662 4391 risiis
1723 4335 2128 4391 Robertum
2190 4337 2260 4391 de
2324 4339 2551 4396 Bardi
2613 4344 2801 4412 patria

235 4453 390 4528 1352)
547 4457 629 4515 Ex
655 4456 702 4516 Ο
744 4457 781 4515 S
820 4460 867 4516 A
1163 4459 1175 4471 .
1512 4409 1926 4490 Florentinum,
1969 4409 2069 4490 qui
2110 4410 2515 4467 subtilissimus
2542 4415 2801 4469 censeba-

262 4532 272 4543 ·
395 4487 514 4508 ·—
708 4501 721 4514 .
786 4502 799 4515 .
873 4478 971 4535 ug.
991 4461 1294 4518 mentione
1315 4463 1458 4518 sunt
1513 4482 1608 4534 tm·
1658 4498 1749 4534 „m
1801 4483 2071 4550 oempons

2122 4480 2513 4564 philosophus.
2568 4486 2692 4555 Ipse
2737 4489 2800 4541 in

234 4530 363 4609 ffign'l
413 4542 722 4604 Galfredus
784 4546 839 4604 H
854 4567 933 4605 ar
948 4546 1020 4605 di
1035 4547 1168 4606 biu
1183 4566 1211 4606 s
1280 4544 1456 4629 (Har-
1511 4552 1836 4606 academiae
1862 4552 2267 4606 cancellarium
2294 4555 2409 4609 fuit
2432 4557 2661 4623 electus,
2684 4576 2799 4627 quo

234 4619 392 4708 deby)‚
435 4633 765 4712 theologiae
796 4634 1001 4696 doctor
1031 4637 1365 4696 oxoniensis
1397 4640 1458 4695 et
1511 4640 1746 4677 munere
1773 4622 2007 4677 funetstss
2032 4625 2120 4677 0⁸¹⁵
2142 4640 2191 4677 ²²·
2221 4628 2289 4681 13
2310 4628 2356 4695 (†
2377 4632 2553 4697 1349).
2583 4628 2662 4682 De
2684 4648 2799 4699 quo

232 4713 574 4781 &ditaturum
595 4723 908 4800 professor.
938 4725 1193 4802 insignis
1225 4727 1455 4786 concio-

1511 4694 1582 4749 cf.
1611 4695 1782 4764 plura
1808 4694 1869 4746 iu
1896 4695 2020 4764 ejus
2046 4694 2168 4748 vita
2193 4712 2226 4748 a
2255 4696 2397 4753 Phil.
2428 4700 2643 4753 Villani
2671 4716 2799 4757 con·

1513 4766 1724 4836 scripta
1752 4769 1810 4820 et
1834 4766 1988 4820 edita
2030 4783 2063 4819 a
2105 4766 2159 4818 M
2180 4769 2361 4822 ehus
2401 4772 2463 4826 in
2511 4771 2629 4826 vita
2671 4774 2800 4826 Am-

234 4804 380 4901 nfifss}
407 4808 676 4871 Eduardo
707 4811 810 4871 ῙῙῙ-
831 4815 1086 4891 Angli&
1116 4815 1244 4893 regi
1264 4835 1300 4875 8
1318 4834 1453 4874 con·
1511 4838 1687 4892 brosii
1714 4838 1870 4893 Cam.
1896 4856 1953 4907 p.
1982 4837 2224 4897 cccvlz
2253 4839 2585 4899 Tiraboschi
2611 4844 2799 4900 Storia

237 4887 353 4949 silus
402 4905 455 4956 et
493 4900 958 4963 confessionibus
1008 4900 1069 4985 (†
1125 4901 1319 4985 1360)
1371 4938 1455 4948 —
1512 4909 1658 4964 Lett.
1693 4911 1754 4963 V.
1782 4909 1823 4965 l.
1848 4916 1881 4967 2
1910 4926 1955 4963 c.
1984 4914 2012 4964 1
2046 4928 2101 4964 n.
2122 4914 2172 4965 3.
