3475 5364
655 296 777 350 437
894 281 1265 335 1301—1325.
1293 277 1485 334 Theol.
1514 277 1690 333 schol.
1718 276 2105 333 Sententiarii.
2134 279 2261 333 Ger.
2289 278 2359 332 de
2386 278 2662 342 Bononia,
2682 278 2898 332 Nekou
2931 282 3042 332 etc.
3164 296 3282 350 488

649 465 952 524 sodalibus
981 466 1138 524 inter
1179 465 1383 522 beatos
1417 465 1648 523 colitur.
1685 498 1768 508 —
1804 463 1950 522 Hu-‘
1989 468 2321 541 reputatur,
2369 468 2431 523 et
2473 465 2547 523 ab
2593 464 2714 523 illis
2760 466 2934 541 quasi
2963 464 3289 523 vasculum

643 558 745 630 jus
765 554 984 614 sodalis
1016 554 1510 631 Augustinus
1544 553 1614 611 de
1643 553 1930 620 Asculo,
1987 554 2230 629 plenum
2264 555 2632 613 aromatibus
2661 561 2752 613 est
2784 554 3045 613 dilectus
3061 548 3116 635 ι)
3137 556 3285 611 etc‘

648 644 980 720 theologiae
1012 645 1299 720 magister
1329 642 1556 701 Patavii
1573 661 1785 720 regens
1802 648 1931 700 stu·
1988 643 2229 718 Scripsit
2259 644 2322 701 in
2354 643 2408 700 ll.
2446 653 2483 704 4
2531 644 2966 702 sententiarum
3000 661 3291 700 commen·

646 734 898 803 diorum,
933 752 1108 808 quem
1142 732 1479 791 Bonifacius
1513 731 1669 790 VIII.
1713 731 1929 790 consti-
1987 731 2444 808 taria,Venetiis
2469 741 2632 795 1622
2659 733 2772 791 inf.
2794 732 3012 791 curaP.
3028 731 3292 790 Leandri

645 823 771 883 tuit
798 823 864 881 in
881 826 1010 881 toto
1030 822 1171 881 orbe
1189 825 1484 880 terrarum
1505 822 1932 880 confessarium
1989 821 2176 879 Priuli
2208 821 2271 879 Ο.
2306 822 2527 891 Carm.;
2578 841 2673 897 qq.
2708 822 3061 889 ordinarias,
3101 820 3292 895 quod-

646 912 1031 987 apostolicum
1066 907 1124 992 (1
1142 920 1218 975 29
1231 907 1312 993 7),
1354 910 1601 987 reliquit
1630 916 1933 985 praeterea
1987 909 2167 969 libeta
2214 912 2381 970 varia
2432 905 2526 993 (4)
2574 915 2683 970 etc.
2743 911 2988 970 inedita.
3057 912 3295 968 Auctor

645 1000 926 1060 lectiones
975 1001 1180 1075 plures
1231 1018 1407 1074 super
1456 1019 1500 1058 s.
1549 999 1928 1075 Scripturam‚
1986 1003 2078 1058 est
2107 1001 2345 1077 ingenio
2392 1000 2633 1058 subtilis
2678 1003 2741 1058 et
2783 1000 3024 1075 eloquio
3076 999 3290 1067 clarus,

646 1090 894 1155 Moralia
941 1109 1120 1165 super
1169 1089 1456 1158 Genesim,
1504 1089 1930 1164 expositionem
1986 1089 2091 1164 qui
2122 1089 2374 1148 mediam
2408 1090 2568 1147 inter
2597 1089 2912 1148 thomistas
2958 1092 3024 1147 et
3076 1090 3291 1147 scotis-

647 1179 1102 1256 Evangeliorum
1148 1179 1337 1236 totius
1383 1178 1523 1237 anni
1553 1181 1659 1237 etc.
1693 1211 1781 1220 -—-
1812 1177 1851 1235 J
1868 1196 1930 1236 o·
1987 1186 2077 1235 tas
2140 1179 2298 1238 viam
2359 1179 2513 1237 inire
2562 1181 2624 1236 et
2667 1179 2988 1253 utriusque
3046 1177 3291 1236 scholae

646 1288 881 1327 annes
931 1268 1223 1326 Wilton
1268 1266 1334 1329 Ο.
1380 1267 1434 1325 S.
1467 1270 1621 1344 Aug.
1673 1269 1927 1345 Anglus,
1987 1268 2295 1343 opiniones
2346 1268 2660 1327 conciliare
2707 1268 2944 1326 nititur.
2977 1301 3076 1311 —-
3113 1268 3289 1325 Pne-

645 1359 931 1433 magister
947 1356 1310 1434 parisiensis,
1333 1375 1558 1415 sacram
1571 1358 1929 1433 theologiam
1985 1357 2373 1415 termittimus
2436 1356 2491 1414 H
2508 1377 2549 1415 u
2567 1377 2625 1414 m
2643 1356 2809 1415 fred
2826 1377 2941 1415 um
3003 1357 3066 1415 N
3091 1376 3128 1413 e
3145 1357 3185 1413 k
3202 1374 3291 1413 on

647 1466 781 1507 cum
814 1446 988 1505 laude
1034 1446 1270 1505 Parisiis
1315 1449 1376 1505 et
1407 1445 1616 1505 Oxonii
1665 1449 1760 1504 est
1791 1465 1926 1522 pro·
1986 1446 2267 1522 Anglum,
2301 1447 2559 1522 primum
2593 1464 2662 1504 ex
2696 1446 3021 1525 carmelitis
3078 1445 3287 1504 docto·

646 1534 841 1595 fessus
874 1531 938 1617 (†
958 1554 1015 1603 c.
1061 1547 1077 1595 1
1098 1544 1133 1597 3
1149 1546 1170 1597 1
1187 1533 1267 1613 Ο).
1983 1553 2108 1593 rem
2122 1535 2187 1592 in
2202 1535 2496 1593 academia
2506 1535 2963 1611 cantabrigiensi
2978 1530 3045 1616 (†
3069 1545 3089 1595 1
3112 1532 3286 1609 303),

856 1667 862 1673 -
915 1669 921 1674 .
1984 1624 2154 1698 cujus
2215 1643 2383 1682 mser.
2445 1624 2641 1699 aliqua
2699 1628 3135 1682 memorantur.
3205 1654 3285 1664 —-

741 1722 885 1777 253.
917 1713 1004 1771 Ex
1035 1715 1238 1772 ordine
1273 1713 1722 1772 Carmelitarum
1754 1714 1928 1773 nobis
1983 1713 2352 1772 Joannem
2416 1713 2978 1791 Goldestonum
3032 1712 3286 1791 (Glode-

649 1804 904 1862 occurrit
965 1803 1249 1861 Gerard
1268 1822 1352 1861 us
1429 1802 1502 1859 de
1580 1804 1626 1860 B
1645 1822 1735 1861 on
1754 1803 1930 1867 onia
1985 1802 2157 1870 stein,
2239 1802 2547 1872 Glodston,
2612 1801 3063 1878 chrysolithum
3150 1799 3285 1877 etc)

647 1894 977 1970 ,magister
1004 1892 1069 1950 in
1100 1892 1401 1970 theologia
1417 1892 1727 1968 parisiensi
1758 1893 1928 1951 valde
1982 1891 2658 1960 eboracensem,Parisiis
2673 1890 2957 1950 etOxonii
2973 1890 3283 1966 professo·

645 1981 944 2045 solemnis,
1007 1981 1119 2039 Hic
1181 1981 1441 2040 scientiis
1491 1985 1551 2039 et
1599 1981 1927 2040 virtutibus
1982 1999 2105 2038 rem
2157 1976 2219 2062 (†
2251 1980 2577 2040 secundum
2626 1980 2858 2055 aliquos
2898 1976 3126 2061 1320).
3181 1979 3281 2053 qui

645 2076 892 2130 ornatus
917 2070 1068 2128 rexit
1091 2071 1353 2128 ordinem
1370 2070 1501 2128 XXI
1532 2070 1779 2151 (rectius
1798 2066 1928 2155 XX)
1982 2072 2218 2145 praeter
2248 2070 2667 2128 commentaria
2696 2070 2760 2127 in
2784 2069 2888 2126 Ev.
2906 2087 2949 2126 s,
2970 2068 3278 2137 Matthaei,

643 2160 814 2218 annis
877 2159 1137 2218 multum
1196 2158 1516 2221 celebriter.
1597 2159 1708 2218 Hic
1770 2161 1926 2218 enim
1981 2159 2349 2217 moralitates
2380 2160 2441 2217 in
2464 2159 2566 2217 Ev.
2588 2158 2926 2228 salomnis,
2960 2158 3281 2234 proposuit

642 2249 1027 2329 promovebat
1071 2250 1283 2307 fratres
1327 2248 1402 2309 ad
1434 2249 1634 2308 studia
1665 2250 1923 2311 multum
1980 2247 2416 2324 disputationes
2450 2247 2898 2325 inmagistrum
2945 2247 3277 2306 sententia-

643 2338 932 2405 ardenter‚
967 2356 1252 2413 expensas
1285 2355 1465 2396 vanas
1503 2341 1564 2396 et
1584 2357 1764 2414 vagas
1784 2339 1926 2397 sim-
1979 2357 2133 2406 rum,
2185 2338 2530 2411 quodlibeta
2575 2337 2755 2405 varia,
2808 2341 2872 2394 et
2903 2336 3087 2394 etiam
3123 2354 3279 2396 com·

644 2427 874 2507 pliciter
894 2426 1118 2485 vitabat
1137 2430 1199 2484 et
1217 2427 1417 2501 paucis
1447 2430 1762 2489 contentus
1783 2431 1923 2486 erat.
1985 2432 2141 2485 ment
2150 2427 2304 2485 arios
2321 2426 2519 2484 emisit
2538 2426 2600 2484 in
2621 2427 2683 2483 ll.
2706 2426 3155 2484 sententiarum
3172 2432 3273 2483 etc.

643 2516 793 2574 Nam
812 2515 928 2581 fuit
945 2516 1319 2590 parcissimus
1345 2516 1410 2573 in
1425 2516 1553 2575 cibo
1569 2517 1923 2591 recipiendO,

641 2605 781 2663 licet
812 2605 875 2662 in
905 2604 1179 2663 donando
1210 2605 1592 2682 largissimus.
1624 2606 1747 2663 Iste
1767 2606 1923 2664 enim
2074 2613 2215 2668 254.
2249 2604 2706 2663 Commentarios
2735 2604 2800 2662 in
2833 2604 3271 2662 sententiarum

642 2699 778 2770 post
828 2695 1152 2754 orationem
1201 2699 1262 2753 et
1310 2697 1447 2753 ante
1507 2696 1926 2754 comestionem
1980 2694 2036 2751 ll.
2068 2695 2442 2769 reliquerunt
2461 2700 2764 2769 praeterea
2782 2714 2852 2752 ex
2873 2693 2998 2752 ord.
3019 2712 3098 2752 33.
3120 2694 3272 2751 Trin.

642 2784 702 2842 in
723 2784 991 2852 lectione,
1009 2784 1075 2843 in
1090 2784 1512 2859 disputatione,
1530 2784 1593 2843 in
1609 2804 1922 2843 causarum
1979 2784 2410 2843 Richardus
2463 2783 2809 2859 Vuyrem,
2874 2782 3087 2842 doctor
3138 2799 3272 2843 oxo-

641 2872 864 2932 ordinis
878 2872 1402 2950 decisionejugiter
1413 2875 1797 2943 seexercebat
1811 2871 1921 2954 ¹)ss
1978 2873 2218 2943 niensis,
2327 2874 2635 2948 episcopus
2729 2872 3108 2949 sydoniensis
3213 2872 3269 2928 in

641 2962 906 3021 Decessit
946 2973 1039 3024 17.
1075 2964 1212 3037 Apr.
1256 2972 1417 3026 1317
1451 2964 1772 3022 Avenione.
1824 2964 1924 3021 In·
1979 2962 2290 3021 Phoenicia
2353 2959 2416 3042 (†
2481 2972 2580 3024 21.
2643 2963 2815 3021 Mart.
2891 2958 3109 3042 1304).
3193 2991 3274 3003 -·

643 3051 827 3128 signis
859 3069 1094 3126 quoque
1140 3054 1266 3110 erat
1311 3052 1701 3122 concionator,
1756 3056 1825 3111 ut
1855 3052 1916 3110 li·
1981 3053 2361 3129 Georgius
2424 3052 2654 3109 Bruis
2697 3069 2932 3128 genere,
2978 3050 3269 3116 doctrina,

640 3145 785 3215 quet
814 3159 883 3199 ex
915 3159 1001 3215 ep.
1036 3140 1187 3199 card.
1227 3142 1569 3219 Berengarii
1602 3142 1924 3201 Fredole
1978 3141 2199 3216 pietate
2246 3140 2597 3215 conspicuus
2645 3137 2706 3220 (†
2754 3149 2853 3202 21.
2888 3140 3016 3198 Oct.
3057 3135 3269 3218 1319).

638 3229 728 3288 ita
759 3228 832 3288 ad
864 3229 1190 3306 capitulum
1225 3231 1446 3288 ordinis
1478 3230 1731 3288 Londini
1759 3241 1920 3294 1312
1978 3265 2066 3273 —
2099 3230 2504 3288 Galfridus
2535 3229 3031 3288 Meld1·onius
3063 3229 3270 3287 doctor

638 3319 908 3380 habitum
973 3319 1318 3378 scribentis:
1397 3320 1768 3395 ,Religiosus
1830 3320 1925 3378 vir
1980 3319 2310 3378 oxoniensis
2354 3314 2434 3399 (fl.
2469 3337 2513 3377 c.
2558 3315 2770 3400 1317).
2807 3352 2891 3362 -
2939 3317 3268 3376 Guilelmus

637 3408 729 3466 Fr.
784 3409 848 3466 G.
888 3407 972 3475 ¹de
1036 3408 1317 3477 Bononia,
1381 3409 1540 3483 prior
1600 3429 1730 3485 gen.
1796 3409 1922 3484 ejus
1979 3409 2210 3467 Blaro
2242 3409 2449 3467 doctor
2484 3407 2838 3476 oxoniensis»,
2873 3407 2981 3482 qui
2998 3407 3265 3483 disputa-

639 3497 762 3555 ord.
797 3542 809 3554 .
845 3542 856 3553 .
892 3542 903 3553 .
939 3497 1231 3556 modernis
1272 3497 1481 3556 diebus
1518 3499 1679 3570 apud
1713 3497 1921 3556 Sedem
1976 3499 2065 3555 vit
2095 3498 2167 3556 de
2190 3498 2302 3556 fide
2323 3496 2665 3556 orthodoxa.
2700 3497 2777 3555 Hi
2795 3515 3003 3555 omnes
3021 3497 3266 3554 fuerunt

640 3585 1018 3662 apostolicam
1035 3587 1421 3657 constitutus,
1442 3587 1665 3662 apertis
1681 3589 1917 3645 thesau-
1976 3588 2215 3646 natione
2241 3587 2416 3646 Scoti.
2458 3622 2530 3628 —
2570 3585 2609 3644 J
2629 3587 2866 3645 acobu
2885 3605 2912 3644 s
2946 3585 3261 3650 Hiberum.

634 3676 716 3734 ris
750 3695 903 3742 suae
926 3675 1166 3753 grandis
1213 3676 1507 3745 scientiae,
1556 3675 1641 3734 sic
1689 3677 1752 3735 in
1784 3695 1920 3734 con·
1977 3676 2182 3735 doctor
2203 3675 2694 3751 cantabrigiensis
2716 3669 3034 3757 (†7.Febr.
3060 3675 3259 3750 1324)-

640 3768 847 3841 spectu
881 3765 946 3822 D.
980 3765 1052 3822 N.
1087 3765 1140 3822 S.
1177 3765 1343 3823 Pont.
1391 3770 1452 3823 et
1499 3765 1750 3823 fratrum
1784 3783 1920 3824 suo·
1976 3764 2308 3833 ——Quibus
2337 3765 2574 3822 demum
2592 3765 2740 3823 adde
2770 3765 3166 3823 Robertum
3195 3763 3259 3820 de

637 3874 789 3924 rum,
812 3853 1227 3929 multiplicium
1244 3854 1606 3913 odorositate
1625 3856 1920 3913 virtutum
1977 3855 2269 3912 Gabian
2289 3873 2322 3914 o
2355 3854 2708 3912 brixiensem
2739 3849 2820 3934 (fl.
2856 3873 2902 3911 c.
2947 3849 3163 3934 1322).
3183 3885 3256 3895 --

639 3943 895 4002 redoluit
926 3962 1276 4018 morumque
1308 3943 1557 4003 candore
1592 3962 1658 4002 ac
1689 3939 1920 4002 consilii
1975 3943 2012 4001 J
2030 3962 2063 4001 o
2082 3963 2344 4002 annem
2378 3944 2425 4001 D
2444 3963 2558 4000 um
2579 3945 2613 3999 b
2634 3946 2815 4001 eton
2836 3944 3110 4021 Anglum
3128 3961 3257 4001 oxo-

636 4034 979 4091 maturitate
1025 4033 1397 4106 complacuit,
1433 4032 1590 4107 quod
1636 4053 1670 4091 a
1710 4033 1918 4091 multi·
1975 4034 2238 4091 mensem
2286 4032 2626 4108 theologum
2679 4032 2760 4110 (fl.
2823 4032 2982 4090 circa
3055 4027 3252 4112 1320),

638 4121 825 4179 modis
859 4122 1238 4179 scientiarum
1261 4122 1518 4188 fluentis,
1542 4141 1694 4197 quae
1717 4122 1790 4180 de
1813 4142 1920 4180 suo
1977 4123 2078 4196 qui
2109 4123 2172 4179 in
2202 4122 2557 4198 magistrum
2592 4121 3034 4179 sententiarum
3080 4121 3254 4195 scrip-

632 4216 871 4287 pectore
934 4211 1096 4268 velut
1157 4210 1228 4268 de
1278 4212 1684 4286 promptuario
1747 4212 1918 4286 pleno
1975 4211 2118 4270 sisse
2181 4231 2299 4270 non
2375 4210 2628 4280 videtur,
2709 4229 3007 4268 summam
3069 4214 3254 4268 tamen

635 4299 848 4362 fluunt.
883 4299 957 4356 ab
987 4300 1116 4374 ipso
1150 4300 1214 4357 D.
1250 4301 1320 4358 N.
1370 4304 1429 4358 et
1477 4301 1758 4358 fratribus
1792 4303 1918 4359 suis
1972 4301 2306 4377 theologiae
2339 4301 2620 4375 majorem
2652 4299 2710 4360 ll.
2753 4309 2846 4366 10,
2884 4302 2947 4358 et
2976 4299 3252 4359 minorem

633 4388 696 4446 in
729 4390 1101 4465 reputatione
1133 4409 1251 4448 non
1284 4389 1507 4448 modica
1551 4396 1612 4448 et
1662 4409 1766 4465 pro
1799 4409 1919 4449 uuo
1974 4391 2009 4447 l.
2054 4402 2077 4452 l
2120 4390 2448 4464 composuit
2478 4408 2586 4447 nec
2616 4408 2737 4447 non
2770 4390 3251 4448 commentarium

637 4477 708 4536 de
741 4476 949 4536 mundi
982 4479 1160 4554 hujus
1183 4479 1435 4537 literatis
1457 4479 1918 4555 elegantioribus
1971 4480 2033 4536 in
2066 4480 2304 4537 Cantica
2336 4483 2442 4536 etc.
2477 4510 2561 4522 --
2596 4478 2634 4535 J
2651 4496 2973 4536 oannem
3021 4479 3095 4536 de
3140 4479 3247 4535 Po-

713 4704 861 4772 ¹)1ta
912 4702 999 4758 J0.
1052 4702 1235 4757 Trisse
1288 4705 1350 4756 O.
1404 4705 1583 4757 Carni.
1637 4703 1697 4756 in
1751 4704 1915 4758 catal.
2052 4706 2087 4772 ί)
2117 4701 2199 4758 Cf,
2241 4703 2546 4771 Speculum
2602 4703 2723 4756 ord.
2769 4720 2957 4768 carm„
3008 4702 3245 4758 Venetiis

633 4774 895 4830 Priorum
941 4791 1129 4844 gener.
1172 4777 1233 4828 O.
1278 4775 1457 4830 Carm.
1500 4775 1587 4828 ed.
1627 4792 1660 4827 a
1700 4775 1918 4829 Denifle
1974 4779 2110 4830 1507
2142 4791 2195 4842 p.
2222 4779 2322 4832 83:
2375 4775 2650 4828 Fantuzzi
2679 4776 2770 4838 lV,
2800 4779 2934 4835 105:
2989 4776 3246 4830 Haursau

633 4847 841 4900 Archiv
873 4846 938 4910 V,
965 4851 1085 4904 379.
1973 4847 2038 4909 11,
2067 4849 2172 4902 383
2199 4864 2267 4898 ss.
