3475 5364
350 367 464 418 '7:21
1162 348 1289 402 Ger.
1318 344 1583 403 Zerlbolt.
1610 347 1849 402 Rulmae
1877 347 2157 403 Merswin.
2756 364 2760 368 ·
2841 367 2961 421 722

346 533 495 593 aliae
525 534 691 592 fuere
723 532 1007 590 conditae.
1069 536 1122 590 A
1154 534 1373 591 Groote
1406 532 1634 608 primus
1690 535 1859 594 Gent.
1901 544 2084 599 1890.
2118 536 2366 610 Aliquot
2397 539 2659 614 ejusdem
2694 539 2970 615 epistolas

346 627 408 679 et
426 622 638 681 unicus
657 640 724 680 ex
748 621 873 680 suis
893 621 1120 680 clericis
1151 621 1227 679 ad
1245 621 1636 680 sacerdotium
1688 624 1876 683 edidit
1924 624 2252 684 Dumb.ar
2315 627 2374 684 in
2441 629 2606 686 Anal.
2660 628 2703 696 I,
2761 637 2839 692 88
2893 647 2967 687 ss,

346 714 652 787 promotus
684 717 746 769 et
776 711 952 769 morti
986 710 1253 785 proximo
1287 710 1634 787 designatus

346 807 437 859 est
465 799 844 876 praepositus
878 800 1143 858 omnium
1176 799 1485 858 domorum
1516 799 1634 857 fra·
1783 810 1927 867 365.
1993 805 2312 863 Rulman
2375 808 2566 865 Mers
2587 808 2727 865 win
2793 810 2971 867 natus

347 896 506 948 trum
538 892 602 948 et
633 906 904 947 sororum
950 889 1109 947 vitae
1152 888 1499 946 communis.
1552 888 1636 946 Ex
1689 896 1785 951 est
1817 894 2202 970 Argentorati
2241 904 2405 959 1307
2458 896 2680 955 familia
2725 899 2882 956 clara
2911 902 2972 957 et

347 980 475 1053 ejus
521 977 767 1037 consilio
812 976 1093 1035 fundavit
1139 977 1352 1036 Groote
1396 978 1635 1035 demum
1692 983 1991 1057 opulenta.
2055 985 2431 1043 Mercatorem
2481 987 2607 1062 egit
2650 990 2712 1045 et
2759 1006 2968 1063 argen-

347 1068 589 1126 domum
630 1065 1050 1125 canonicorum
1101 1086 1220 1142 reg.
1253 1067 1478 1125 celebre
1512 1065 1633 1124 scil.
1691 1071 1911 1130 tarium
1960 1073 2167 1131 mundi
2217 1073 2442 1133 deliciis
2492 1075 2637 1133 sat-is
2688 1075 2969 1134 deditum.

346 1156 775 1215 monasterium
808 1155 1357 1214 windesheimiense
1388 1176 1438 1213 a.
1470 1163 1630 1217 1387
1690 1160 1908 1219 Verum
1972 1182 2020 1222 a.
2090 1172 2253 1226 1347
2329 1165 2732 1223 consentiente
2793 1183 2972 1224 uxore

350 1241 410 1316 (†
445 1254 551 1306 24.
581 1246 745 1303 Mart.
790 1239 998 1327 1400).
1051 1245 1195 1319 Ejus
1229 1248 1321 1303 est
1351 1249 1424 1304 tr.
1458 1244 1635 1303 devo·
1692 1250 1912 1308 mundo
1945 1251 2226 1310 valedixit
2253 1253 2530 1329 piamque
2575 1254 2769 1330 coepit
2799 1272 2972 1332 agere

348 1339 448 1392 tus
500 1335 570 1392 de
617 1335 1031 1408 exstirpatione
1079 1335 1350 1393 vitiorum
1399 1341 1449 1392 et
1493 1352 1634 1408 pas-
1690 1340 1893 1408 vitam,
1956 1341 2430 1418 familiaremque
2474 1343 2617 1401 iniit
2665 1361 2972 1403 conversa-

347 1426 576 1482 sionum
590 1427 651 1481 et
668 1422 1022 1497 aquisitione
1039 1442 1309 1481 verarum
1341 1423 1636 1481 virtutum
1691 1429 1914 1488 tionem
1933 1447 2063 1488 cum
2087 1430 2260 1489 claris
2281 1432 2445 1490 illius
2466 1433 2749 1509 temporis
2769 1433 2972 1491 amicis

350 1516 410 1570 et
427 1512 770 1587 passionum
791 1514 852 1569 et
870 1510 1123 1570 maxime
1140 1511 1403 1571 caritatis
1420 1514 1480 1570 et
1498 1530 1634 1587 pro·
1694 1518 1798 1577 Dei
1832 1515 2356 1602 (Gottesfreunde).
2392 1521 2535 1580 Post
2565 1523 2693 1598 ejus
2723 1527 2973 1582 mortem

348 1601 490 1659 ximi
522 1605 581 1659 et
613 1620 786 1659 verae
819 1600 1059 1659 unionis
1093 1619 1229 1660 cum
1258 1601 1380 1659 Deo
1410 1604 1471 1658 et
1500 1619 1636 1676 pro·
1690 1603 1821 1689 (18.
1874 1608 1996 1666 Jul.
2054 1609 2244 1684 1382)
2293 1614 2531 1685 reperta
2568 1611 2732 1670 fuere
2777 1611 2976 1686 aliqua

349 1691 525 1754 ximo,
560 1689 841 1765 Friburgi
887 1698 1049 1752 1862
1090 1688 1179 1750 ed.
1213 1689 1455 1748 Nolte.
1487 1689 1637 1762 Epi·
1691 1698 1821 1771 ejus
1853 1697 2089 1772 scripta,
2137 1705 2207 1757 ut
2252 1699 2511 1759 narratio
2558 1719 2698 1759 suae
2730 1719 2973 1760 conver-

349 1780 524 1837 stolas
573 1777 858 1853 quasdam
900 1779 1123 1853 recepit
1154 1779 1419 1838 Dumbar
1467 1779 1636 1838 Anal.
1691 1787 1875 1844 sionis
1923 1786 2042 1845 Von
2086 1788 2195 1845 den
2238 1790 2359 1845 vier
2386 1788 2612 1848 Jahren
2659 1792 2840 1849 seines
2869 1809 2974 1848 an·

350 1869 395 1926 I.
434 1877 533 1931 88.
567 1867 764 1926 Vitam
797 1868 929 1942 ejus
962 1867 1274 1942 descripsit
1318 1867 1636 1925 Thomas
1687 1876 2013 1953 fanqenden
2063 1877 2279 1935 Lebens
2327 1877 2415 1936 ed.
2449 1898 2484 1936 a
2515 1879 2853 1938 Schmidt
2911 1879 2975 1937 in

350 1977 383 2015 a
414 1952 737 2036 Kompis1).
780 1989 857 1999 —
890 1956 1287 2015 Gerardus
1318 1957 1637 2015 Zerbolt
1692 1966 1884 2024 Reuss
1936 1965 2061 2024 und
2114 1966 2320 2024 Ounitz
2369 1968 2550 2026 Beitr.
2601 1988 2645 2026 z.
2693 1968 2747 2026 d.
2794 1968 2973 2027 theol.

350 2046 420 2104 de
473 2046 743 2121 Zfitphen
792 2044 911 2104 fuit
959 2064 1030 2104 ex
1082 2045 1292 2120 primis
1354 2045 1637 2104 fratribus
1693 2053 1866 2112 wisa.
1900 2058 1943 2112 t.
1976 2055 2041 2113 V.
2074 2054 2259 2114 Jenae
2297 2065 2495 2126 18543
2538 2058 2699 2115 Buch
2732 2076 2837 2115 von
2868 2058 2975 2115 den

353 2154 549 2210 congr.
582 2135 928 2193 clericorum
975 2134 1037 2193 in
1084 2134 1382 2194 communi
1432 2134 1635 2193 viven·
1695 2163 1851 2202 „eun
1882 2143 2105 2219 Fama,
2152 2145 2215 2202 in
2260 2145 2447 2203 forma
2495 2146 2741 2223 dialogi,
2789 2165 2976 2222 usque

348 2224 502 2282 tium
570 2244 603 2282 a
671 2223 928 2282 Gerardo
1009 2224 1224 2282 Groote
1301 2224 1635 2292 insfoitutffl,
1693 2233 1767 2292 ad
1799 2238 2008 2292 nostra
2037 2238 2304 2309 tempora
2322 2234 2577 2294 Heni-ico
2598 2236 2749 2295 Suso
2779 2235 2975 2294 tribu-

353 2313 562 2372 domus
596 2314 762 2371 velut
791 2313 1067 2371 columna
1097 2316 1158 2371 et
1177 2311 1421 2371 Gerardi
1449 2312 1639 2370 altera
1691 2325 1826 2380 tum
1887 2319 2001 2402 (ita
2074 2324 2268 2382 adhuc
2331 2344 2364 2380 a
2437 2324 2569 2383 Die
2588 2344 2726 2400 pen
2746 2325 2974 2383 brock

353 2420 583 2462 manus,
619 2402 873 2478 insignis
896 2420 1133 2476 quoque
1168 2405 1298 2460 erat
1329 2401 1637 2460 conciona-
1691 2412 1755 2469 in
1802 2412 2080 2470 Heinrich
2143 2412 2344 2471 Suso’s
2376 2458 2386 2469 .
2427 2464 2439 2476 .
2476 2459 2522 2476 ..
2599 2415 2795 2472 Leben
2853 2413 2976 2472 und

352 2494 446 2550 tor
478 2487 538 2571 (†
578 2501 741 2554 1398
778 2511 828 2553 a.
862 2490 1076 2549 aetatis
1112 2486 1241 2572 31).
1275 2491 1420 2566 Ejus
1452 2490 1638 2548 vitam
1694 2499 2006 2570 Schriften,
2070 2501 2424 2560 Ratisbonae
2496 2512 2688 2570 18293
2762 2499 2975 2580 1873),

353 2580 665 2655 descripsit
696 2580 1015 2638 Thomas
1051 2599 1085 2638 a
1115 2579 1455 2654 Kempis.
1510 2579 1636 2637 Dis-

353 2669 540 2729 seruit
549 2665 600 2751 2)
635 2670 703 2728 de
717 2670 1126 2743 reformatione
1147 2671 1361 2728 virium
1379 2670 1640 2739 animae,-

351 2761 423 2818 de
454 2759 863 2832 spiritualibus
912 2759 1334 2817 ascensionibus
1382 2762 1445 2817 et
1506 2758 1634 2817 des·

354 2848 728 2907 censionibus
744 2847 1177 2923 spiritualibus,
1211 2848 1453 2906 libellus
1471 2866 1638 2923 prae·

354 2938 607 2996 dilectus
668 2937 893 2996 clericis
944 2939 1004 2995 et
1054 2936 1222 2995 laicis
1271 2936 1636 3005 cultioribuS,

353 3027 624 3086 Coloniae
681 3036 844 3088 1539
876 3027 940 3083 in
975 3037 1049 3093 4.,
1099 3029 1369 3101 receptus
1400 3026 1466 3084 in
1495 3025 1638 3083 bibl.

356 3116 463 3176 PP.
521 3115 903 3191 parisiensem
949 3118 992 3176 t.
1028 3114 1110 3184 V„
1158 3115 1550 3174 coloniensem
1596 3118 1639 3174 t.

355 3204 514 3275 XIV3
547 3204 981 3281 lugdunensem
1014 3207 1056 3261 t.
1076 3203 1279 3273 XXVI,
1318 3212 1639 3267 235—89.

356 3293 442 3352 De
489 3295 757 3369 pretiosis
805 3293 1047 3351 vestibus
1096 3293 1159 3350 iu
1211 3311 1300 3368 op.
1349 3293 1415 3353 D.
1462 3291 1518 3353 J.
1565 3294 1638 3349 M.

357 3382 734 3441 Wiistenhoff
779 3384 842 3440 G.
896 3382 1134 3440 Zerbolt
1183 3401 1297 3440 van
1351 3381 1636 3456 Ziitphen,

437 3646 470 3693 s»
498 3642 581 3694 Cf.
635 3658 744 3692 van
796 3642 919 3694 Slce
972 3640 1108 3709 allg.
1174 3641 1226 3694 d.
1281 3640 1466 3709 Biogr.
1523 3640 1638 3703 Vll,

359 3718 461 3769 130
487 3731 559 3767 s.;
588 3711 729 3765 Zeck
759 3712 871 3764 KL.
900 3712 991 3776 X⁷‚
1019 3716 1123 3767 728
1149 3716 1206 3764 et
1232 3711 1439 3783 passini
1469 3729 1636 3780 opera

358 3784 613 3853 praeced.
643 3786 836 3836 annot.
866 3784 1115 3838 laudata.

432 3858 472 3926 ν)
501 3854 671 3907 Plura
716 3855 829 3907 alia
873 3853 1084 3924 scripta
1124 3854 1176 3905 ei
1218 3853 1486 3907 attribuit
1528 3853 1642 3906 Re-

361 3927 526 3979 vius
568 3925 879 3980 Daventria
918 3926 1224 3989 illustrata,
1272 3925 1538 3993 Lugduni
1581 3924 1641 3979 Β.

360 4001 675 4066 1651p.36
720 4004 778 4051 et
800 4003 887 4061 60,
933 4014 1175 4064 quorum
1224 3999 1415 4050 tamen
1463 4014 1639 4049 unum

358 4069 715 4136 alterumque
757 4071 842 4122 est
880 4068 1258 4137 suppositum,
1300 4070 1365 4120 ut
1407 4071 1470 4121 de
1494 4071 1644 4121 libris

359 4143 757 4194 teutmu‘eabbus
783 4139 922 4209 (scil.
940 4139 1198 4209 legendis
1217 4138 1306 4192 vel
1325 4156 1438 4194 non
1456 4138 1643 4207 legen-

1693 2589 1782 2648 ed.
1816 2608 1851 2647 a
1882 2589 2152 2648 Schmidt
2182 2590 2423 2668 Leipzig
2466 2601 2659 2655 1859:
2707 2593 2973 2650 Banner·

1693 2673 1953 2739 bi‘iehlein
1984 2681 2141 2756 apud
2172 2680 2369 2739 Jundt
2399 2681 2509 2740 Les
2534 2681 2681 2740 amis
2722 2681 2794 2740 de
2827 2680 2978 2739 Dieu

1693 2773 1820 2839 etc„
1853 2785 2032 2844 opera
2061 2771 2308 2830 minoris
2339 2772 2640 2840 momenti,
2689 2789 2839 2846 quae
2871 2771 2977 2828 lai-

1694 2877 1829 2918 cum
1880 2859 2144 2934 produnt
2192 2878 2446 2935 eumque
2487 2861 2686 2919 minus
2731 2860 2976 2925 cultum,

1693 2949 2017 3025 loquacem.
2052 2949 2178 3009 suis
2206 2949 2538 3008 visionibus
2570 2951 2664 3009 vel
2696 2950 2980 3025 imagina-

1694 3039 1965 3097 tionibus
1988 3039 2168 3097 nimis
2190 3039 2614 3097 confidentem:
2647 3039 2806 3097 unde
2840 3038 2980 3095 mis-

1695 3128 1918 3187 sionem
1952 3128 2069 3186 sibi
2102 3131 2339 3204 arrogat
2369 3128 2642 3204 carpendi
2694 3128 2978 3187 fidelium.

1694 3217 1758 3275 in
1775 3217 1979 3293 primis
2001 3218 2161 3285 cleri,
2182 3217 2344 3278 vitia.
2378 3217 2628 3293 Propter
2644 3218 2786 3275 haec
2804 3236 2983 3292 opera

1696 3306 1791 3364 vix
1823 3310 2012 3364 meret
2043 3306 2201 3365 inter
2229 3306 2507 3381 mysticos
2539 3306 2846 3375 recenseri,
2880 3306 2980 3363 sed

1697 3396 1989 3454 famosum
2041 3415 2176 3454 eum
2226 3394 2615 3453 reddiderunt
2662 3400 2755 3454 tot
2805 3414 2980 3469 opus—

1696 3485 1831 3543 cula
1864 3481 1938 3565 (c.
1970 3479 2077 3564 16)
2111 3485 2378 3561 mystica,
2410 3502 2564 3558 quae
2597 3484 2740 3542 adeo
2772 3484 2983 3542 callide

1696 3573 1930 3632 cuidam
1963 3573 2145 3632 amico
2181 3573 2301 3637 Dei,
2337 3591 2512 3648 quem
2545 3571 2815 3641 finxerat,
2842 3590 2981 3647 sup·

1696 3663 1917 3738 posuit,
1952 3656 2107 3741 utJis
2141 3681 2333 3738 usque
2366 3661 2439 3720 ad
2459 3665 2662 3720 nostra
2693 3665 2982 3735 tempora,

1696 3753 1807 3811 etsi
1823 3770 2174 3828 anonymus,
2207 3750 2543 3809 crederetur
2561 3752 2626 3808 in
2643 3749 2983 3810 abscondito

1696 3841 1910 3899 vixisse
1941 3846 2002 3899 et
2032 3840 2445 3917 designaretur
2475 3839 2861 3916 singulariter
2879 3857 2983 3897 no-

1698 3931 1856 3988 mine
1893 3969 1919 3998 ,
1935 3930 2105 3989 amici
2128 3930 2250 3999 Dei,
2268 3937 2296 3967 ¹¹
2330 3933 2389 3987 et
2411 3929 2732 3987 haberetur
2750 3932 2821 3987 ut
2839 3928 2983 3986 ami·

1697 4039 1904 4079 corum
1938 4020 2042 4078 Dei
2074 4019 2236 4078 illius
2267 4019 2553 4095 temporis
2593 4022 2764 4095 pater
2810 4018 2983 4094 spiri-

1698 4109 1896 4179 tualia,
1931 4110 2233 4185 magister,
2268 4109 2404 4177 dux,
2440 4109 2551 4167 soli
2573 4111 2779 4167 nostro
2799 4108 2984 4166 Mers-

359 4211 486 4281 dis),
502 4212 665 4280 cujus
681 4214 941 4281 excerpta
956 4209 1189 4263 exhibet
1203 4228 1256 4279 p.
1277 4215 1439 4266 41·58
1455 4210 1645 4275 (nimis
1699 4199 1856 4257 wino
1888 4201 2228 4274 compertus
2262 4201 2324 4256 et
2354 4217 2459 4273 per
2478 4197 2674 4271 ipsum
2695 4215 2831 4255 cum
2852 4196 2984 4254 aliis

359 4283 532 4336 libere
559 4284 879 4350 germanice
905 4281 1129 4335 reddita
1169 4283 1241 4335 ab
1286 4281 1371 4334 Ul
1389 4281 1411 4334 l
1430 4300 1486 4334 m
1503 4298 1536 4333 a
1552 4300 1585 4333 11
1609 4300 1643 4333 n
1700 4289 2157 4347 oommunicgng‚
2193 4287 2456 4346 Tandem
2492 4288 2538 4345 D
2556 4305 2587 4344 θ
2602 4306 2642 4344 n
2658 4287 2676 4344 i
2695 4286 2752 4343 fl
2769 4305 2800 4345 θ
2816 4282 2861 4365 ι)
2894 4304 2983 4344 ga-

361 4353 788 4407 Reformatoren
833 4370 935 4407 vor
961 4353 1059 4407 der
1087 4352 1334 4408 Reform.
1366 4353 1430 4415 11,
1457 4358 1527 4409 96
1554 4356 1643 4421 ss.)

360 4424 481 4489 Qua
533 4424 602 4478 de
652 4423 1034 4478 controversia
1085 4425 1153 4478 cf.
1205 4424 1464 4478 Jostes
1514 4424 1645 4478 hist.

1702 4378 2049 4453 gacissimus
2082 4377 2323 4436 criticus
2346 4378 2694 4452 figmentum
2715 4375 2984 4434 exsuffla-

358 4496 549 4550 Jahrb.
578 4496 651 4549 xi
683 4500 1111 4578 (18902‚1—2·2;
1139 4499 1437 4552 vos-718.
1467 4494 1549 4549 cf.
1578 4495 1645 4548 de
1703 4466 1793 4524 vit
1852 4467 2184 4537 ostendens,
2249 4466 2460 4524 horum
2511 4466 2864 4540 scriptorum
2925 4467 2986 4521 et

360 4584 425 4622 eo
453 4566 542 4621 W.
570 4569 636 4621 A.
667 4567 713 4620 K
738 4584 768 4621 o
788 4584 823 4619 n
842 4585 971 4636 ing
1013 4567 1312 4636 Speeimen
1356 4566 1646 4620 historico·
1703 4556 2111 4614 narrationum
2143 4558 2443 4613 auctorem
2492 4555 2673 4612 alium
2706 4572 2826 4612 non
2857 4570 2986 4610 esse

363 4639 534 4693 theol.
562 4638 632 4692 de
650 4642 714 4692 G.
733 4637 1176 4707 Zutphaniensis
1197 4637 1314 4691 vita
1332 4640 1390 4690 et
1405 4638 1644 4707 scriptiS,

365 4709 654 4779 [ltraJe1-ti
702 4715 857 4771 1858,
904 4713 963 4763 et
1002 4710 1169 4764 Gcrh.
1196 4709 1248 4762 J.
1293 4710 1356 4764 V.
1396 4710 1444 4761 J.
1487 4710 1533 4763 G
1551 4726 1580 4761 e
1597 4725 1643 4761 e·

362 4800 385 4833 s
404 4781 423 4833 i
441 4798 477 4832 n
492 4781 530 4833 k
559 4782 622 4835 G.
651 4780 880 4835 Zerbolt
895 4798 1005 4834 van
1024 4781 1096 4843 Ζ.,
1115 4780 1473 4834 Amsterdam
1494 4785 1646 4840 1879ς

1786 4785 1819 4847 ι)
1848 4777 1930 4831 Cf.
1959 4778 2223 4831 Zeitschr.
2267 4779 2303 4828 f.
2332 4777 2630 4831 deutsches
2662 4775 2902 4827 Alterth.
2932 4792 2985 4825 u.

364 4869 474 4905 van
501 4853 663 4906 Slee
692 4852 745 4905 d.
774 4851 962 4922 Biogr.
992 4852 1155 4909 XLV.
1198 4856 1375 4910 87-99:
1419 4852 1648 4905 Hirsche
1705 4849 1759 4903 d.
1788 4849 1895 4904 Lit.
1924 4849 2101 4901 XXlV
2132 4852 2314 4920 (1880)
2342 4855 2439 4905 :201
2470 4884 2483 4887 -
2520 4854 2655 4903 ⁶219:
2683 4850 2987 4901 eso-:wl-

364 4922 622 4979 Rea-lenC.
651 4925 743 4987 w,
774 4928 1073 4980 715—720.

1705 4926 1838 4977 324:
1867 4926 2178 4977 4433-5402
2209 4914 2303 4971 Xx'
2320 4921 2356 4971 V
2389 4926 2539 4977 1188]
2558 4930 2585 4982 i,
2617 4924 2713 4973 101
2746 4922 2915 4971 -121‚
