3475 5364
387 352 411 403 1
437 350 551 403 105
729 332 1010 397 Lichetus‚
1038 307 1382 399 Trombetta,
1413 332 1709 403 varagine,
1737 333 1824 391 J0.
1851 331 2235 388 Stobnicensis
2262 337 2320 388 et
2345 333 2414 387 de
2443 333 2652 389 Monte.
2832 352 2996 405 1106

380 519 648 579 Brulif
656 538 732 577 er
763 537 912 594 opus
947 514 1489 593 deformalitatibus
1508 520 1663 579 Secti
1717 536 1909 594 usque
1958 538 2049 594 op.
2102 537 2368 578 annexus
2418 522 2507 578 est
2555 521 2627 576 tr.
2677 521 2746 576 cle
2800 520 2996 577 divina

377 608 696 686 castigavit
738 610 798 666 et
841 608 1010 666 novis
1054 608 1458 667 additionibus
1488 608 1659 667 illus·
1715 610 2047 683 fiaturorutie
2100 610 2541 685 continyentiwn
2563 605 2958 682 praescientia
2978 630 2998 666 .-

379 698 562 757 travit
593 697 1002 774 vulgavitque,
1037 697 1304 756 Venetiis
1348 708 1509 761 1506
1537 698 1601 757 in
1619 697 1657 759 f.
1715 697 1806 755 Tr.
1857 699 1927 756 de
1975 700 2307 757 animarum
2373 699 2762 757 humanarum
2802 698 2998 773 pluri-

380 787 809 846 Dictionarium
867 806 913 845 s.
977 786 1333 866 Scripturae‚
1400 787 1661 846 Venetiis
1712 789 1976 861 sicat-ione
2035 791 2239 847 contra
2288 787 2676 855 Averroistas,
2734 784 2998 845 Venetiis

389 886 574 947 1603,
595 894 715 934 non
735 875 1109 950 completum,
1144 876 1658 935 concionatoribus
1722 886 1924 946 14983
1963 881 2035 935 tr.
2069 877 2137 936 de
2168 878 2476 952 efficientia
2497 878 2687 951 primi
2708 877 2999 949 principii

380 965 548 1035 utile,
582 984 703 1024 non
735 968 826 1023 est
857 965 1063 1041 ipsius,
1098 965 1200 1024 sed
1222 983 1362 1040 pars
1384 965 1660 1044 Summae
1715 965 1791 1024 ad
1823 972 2080 1025 mentem
2123 968 2170 1024 A
2189 966 2433 1025 ristot
2453 965 2615 1033 elia,
2665 982 2800 1023 cum
2832 984 2887 1041 q.
2922 985 2998 1023 an

380 1054 834 1113 distinctionum
885 1054 1134 1113 senioris
1168 1054 1522 1113 Mauritii
1567 1055 1657 1113 hi·
1716 1054 1956 1114 adultus
2007 1074 2125 1114 non
2174 1055 2513 1130 baptizatus
2564 1054 2778 1113 salvari
2808 1055 2995 1129 possit

377 1143 606 1202 bernici
639 1138 736 1225 (cf.
771 1163 826 1219 p.
863 1139 1051 1221 413);
1092 1143 1476 1203 Emhiridion
1504 1145 1661 1217 fidei,
1717 1144 2041 1203 secundum
2107 1144 2263 1204 Scoti
2324 1144 2670 1211 doctrinam,
2731 1141 2997 1201 Venetiis

380 1231 644 1291 Venetiis
689 1242 869 1301 1509,
904 1233 1062 1307 quod
1094 1252 1213 1291 non
1245 1236 1339 1291 est
1356 1233 1659 1292 diversum
1729 1243 1925 1305 15¹3?
1978 1236 2040 1292 in
2088 1242 2159 1296 tr.
2211 1234 2635 1309 formalitatum
2672 1231 2831 1292 Secti
2865 1251 2994 1290 sen-

375 1323 454 1380 ab
504 1322 858 1397 Epitomatis
913 1324 987 1380 de
1034 1341 1234 1380 rerum
1281 1325 1661 1399 continyentia
1717 1325 1929 1382 tentia:
1975 1323 2265 1382 accedunt
2298 1321 2699 1381 ⁴formalitates
2751 1320 2997 1379 Antonii

378 1415 442 1469 et
501 1411 707 1471 divina
766 1410 1306 1486 praedestinatione
1355 1415 1415 1470 et
1465 1430 1660 1487 praes·
1717 1412 2021 1488 Syr-reti
2073 1409 2163 1495 (Ο.
2201 1407 2368 1492 Min.)
2409 1412 2479 1469 de
2526 1418 2707 1469 mente
2739 1407 2995 1488 ejusdem

373 1500 610 1559 cientia.
1719 1501 1889 1578 Secti,
1939 1520 2165 1561 necnon
2212 1502 2294 1560 St.
2346 1500 2626 1559 Bruliferi
2674 1500 2995 1574 epitomata

961 1613 964 1615 ’
1716 1609 1851 1650 cum
1884 1591 2055 1651 novis
2087 1589 2493 1649 additionibus
2537 1591 2598 1647 et
2642 1587 2997 1648 concordan-

472 1687 615 1740 526.
649 1679 815 1737 Inter
846 1678 1121 1737 scotistas
1163 1680 1343 1756 hujus
1373 1680 1660 1756 temporis
1717 1681 1820 1740 tiis
1852 1681 2118 1739 Mauritii
2151 1680 2269 1738 hib.
2302 1680 2365 1737 in
2386 1679 2652 1756 margine
2672 1678 2995 1745 decoratae,

375 1767 600 1826 eminet
617 1767 1081 1826 Franciscus
1113 1767 1194 1825 Li
1216 1768 1489 1828 chetus
1522 1766 1659 1853 (Ly-
1715 1769 1978 1829 Venetiis
2005 1780 2190 1831 1502.
2212 1803 2296 1813 --
2317 1768 2561 1827 Minoris
2582 1768 2768 1826 famae
2788 1762 2994 1847 sunt1)

375 1851 613 1939 chetus)
648 1857 712 1915 Ο.
746 1856 886 1915 Min.
934 1857 1121 1915 sti-iet.
1168 1858 1290 1917 obs.
1334 1857 1407 1917 de
1439 1859 1657 1928 Brixia,
1717 1859 2134 1935 Philippus
2156 1857 2518 1935 Varagius
2552 1858 2616 1915 O.
2634 1857 2774 1918 Min.
2791 1855 2994 1914 Gallus

379 1946 474 2004 vir
518 1945 840 2005 felicissimi
891 1949 951 2004 et
1001 1947 1369 2023 sagacissimi
1414 1948 1657 2025 ingenii,
1715 1949 1984 2024 patavini
2032 1948 2323 2026 gymnasii
2372 1965 2601 2023 regens,
2649 1946 2821 2020 cujus
2871 1949 2993 2004 est:

374 2035 485 2109 qui
513 2037 831 2111 postquam
860 2035 1068 2094 mullis
1103 2037 1274 2095 annis
1307 2037 1660 2115 theologiam
1716 2039 1924 2098 Flores
1941 2041 2115 2097 totius
2133 2057 2178 2096 s.
2198 2037 2503 2114 theoloqiae
2520 2034 2839 2095 medullam
2860 2051 2993 2092 sen-

377 2124 542 2201 legit,
574 2142 907 2201 magnaque
947 2125 1264 2200 prudentia
1293 2127 1661 2202 provinciam
1716 2127 2046 2186 tentiarum
2078 2125 2335 2185 doctoris
2380 2125 2621 2184 subtilis
2654 2123 2813 2183 Scoti
2857 2140 2995 2182 con·

379 2213 634 2272 candiae
666 2213 819 2272 rexit
849 2232 914 2271 ac
934 2214 1240 2291 religionis
1260 2216 1522 2291 plurima
1538 2222 1657 2275 ter·
1715 2216 1975 2276 tinentes
2038 2222 2098 2274 et
2143 2217 2207 2274 in
2259 2215 2498 2274 modum
2549 2213 2994 2272 conclusionum

377 2302 634 2361 minavit
650 2304 890 2378 negotia
924 2302 989 2360 in
1009 2303 1368 2380 lugdunensi
1399 2306 1659 2381 capitulo
1715 2307 1915 2381 posili,
1949 2304 2263 2364 Mediolani
2292 2313 2459 2366 1508
2493 2303 2556 2362 in
2592 2313 2646 2364 4.
2679 2301 2939 2360 Joannes
2963 2320 2995 2358 a

374 2410 428 2449 a.
474 2400 635 2455 1518
671 2410 883 2467 magna
913 2392 1233 2452 electorum
1283 2395 1658 2471 congratula-
1717 2414 1761 2453 a.
1808 2396 2069 2454 Antonio
2117 2390 2218 2474 (ΙΙ,
2256 2388 2410 2474 489)
2454 2393 2507 2450 ei
2555 2391 2771 2450 tribuit
2814 2390 2992 2449 etiam

375 2479 544 2539 tione
576 2480 801 2539 electus
834 2483 927 2539 est
957 2481 1021 2539 in
1042 2482 1382 2542 ministrum
1414 2503 1655 2560 genera·
1711 2481 1888 2563 flores
1918 2486 2089 2543 totius
2118 2503 2165 2547 3.
2200 2483 2540 2559 scripturae
2585 2501 2628 2544 s,
2661 2481 2698 2538 l.
2732 2484 2794 2539 et
2824 2499 2873 2537 a.
2908 2512 2993 2523 -—

377 2569 496 2628 lem
528 2569 769 2628 ordinis.
833 2573 990 2628 Ante
1029 2572 1355 2631 triennium
1390 2574 1661 2648 sejuncta
1714 2572 1755 2631 J
1770 2591 2057 2633 oannes
2122 2571 2664 2631 Stobnicensis
2714 2569 2991 2636 PolonuS,

373 2657 569 2718 fuerat
600 2678 635 2718 a
664 2659 856 2719 Leone
875 2659 939 2718 X.
962 2660 1184 2720 familia
1203 2660 1657 2722 observantium
1715 2663 1920 2722 doctor
1951 2666 2012 2721 et
2031 2662 2345 2738 primarius
2363 2661 2550 2720 lector
2564 2657 2990 2735 philosophiae,

371 2767 411 2806 a
461 2749 1003 2809 Conventualibus:
1051 2750 1189 2810 hinc
1238 2751 1655 2813 difficillimum
1714 2752 1852 2812 dein
1902 2752 2100 2812 seculo
2150 2751 2357 2810 relicto
2409 2751 2473 2809 Ο.
2507 2750 2646 2807 Min.
2681 2749 2834 2806 Obs..
2888 2747 2991 2823 qui

372 2857 694 2914 aggressus
755 2843 850 2897 est
898 2841 1208 2916 negotium
1260 2842 1454 2900 omnia
1503 2842 1655 2900 ordi·
1712 2848 1953 2917 praeter
2001 2841 2114 2900 alia
2159 2841 2231 2899 ad
2272 2842 2532 2899 mentem
2564 2839 2720 2897 Scoti
2768 2836 2993 2921 scripta

374 2928 590 2986 nandi:
625 2947 802 3002 quem
833 2929 896 2985 in
928 2929 1105 2988 finem
1127 2930 1388 2989 decrevit
1418 2931 1657 2990 visitare
1712 2931 1963 3007 reliquit
2012 2948 2194 3006 opus:
2259 2929 2551 2988 Parvulus
2591 2927 2992 3002 philosophiae

378 3034 581 3075 omnes
598 3016 1428 3078 observantiumconventus:
1449 3039 1654 3079 verum
1712 3022 2006 3080 naturalis
2052 3038 2187 3079 cum
2232 3019 2596 3094 expositione
2641 3015 2895 3075 textuali
2928 3033 2993 3073 ac

372 3103 439 3162 in
483 3104 696 3163 itinere
744 3105 996 3165 decessit
1040 3107 1244 3167 Budae
1285 3118 1467 3173 1520.
1533 3110 1656 3169 Hoc
1713 3109 2032 3169 dubiorum
2076 3109 2265 3185 magis
2299 3107 2768 3167 necessariorum
2799 3104 2991 3163 disso-

377 3194 759 3269 praecipuum
780 3213 931 3271 opus
950 3192 1025 3276 ¹):
1061 3197 1492 3256 commentaria
1509 3200 1574 3256 in
1591 3203 1650 3260 1.
1713 3199 1944 3258 lutione
1966 3198 2041 3257 ad
2060 3197 2450 3256 intentionem
2474 3196 2650 3264 Scoti,
2686 3193 2993 3253 cracoviae

379 3285 437 3339 2.
470 3290 521 3340 et
543 3284 602 3345 3.
634 3279 781 3364 (non
800 3284 1128 3361 integrum)
1160 3287 1218 3346 ll.
1242 3289 1656 3346 sententiarum
1721 3299 1904 3351 1507.
1956 3320 2042 3330 —
2093 3287 2437 3345 Joannes
2500 3285 2573 3343 de
2622 3286 2875 3343 Monte
2927 3283 2991 3340 O.

370 3379 428 3428 -et
460 3374 523 3430 in
540 3372 880 3449 quodlibeta,
918 3374 1147 3432 Brixiae
1179 3385 1377 3446 15173
1411 3376 1655 3435 Parisiis
1712 3377 1884 3435 Conv.
1920 3377 2143 3446 Gallus,
2188 3375 2393 3434 doctor
2440 3372 2803 3450 parisiensis,
2852 3371 2991 3430 stilo

384 3470 585 3529 1519;
625 3460 884 3520 Venetiis
915 3471 1099 3534 1520,
1121 3465 1491 3524 emendatius
1514 3484 1656 3525 cura
1711 3470 1946 3541 praeter
1976 3464 2461 3524 scholasticorum
2492 3481 2713 3522 morem
2734 3462 2992 3536 eleganti

369 3549 532 3608 card.
581 3551 775 3609 Const.
823 3550 1159 3635 Sarnani
1204 3553 1280 3614 ib.
1327 3563 1486 3617 1580
1536 3556 1579 3612 t.
1618 3565 1652 3617 3
1714 3555 1954 3631 scripsit
1983 3555 2305 3613 summulas
2354 3551 2710 3611 tractatibus
2747 3562 2778 3612 ’7
2816 3569 2994 3625 super

377 3638 440 3696 in
471 3639 542 3710 f.;
605 3638 886 3715 Lugduni
926 3651 1109 3704 1639.
1149 3676 1227 3685 -—-
1263 3643 1654 3704 Antonius
1713 3645 1954 3703 Petrum
1987 3643 2303 3719 hispanum
2336 3641 2411 3700 ad
2430 3644 2688 3699 mentem
2709 3639 2990 3707 Jo.Scoti‚

375 3728 818 3788 Trombetta
866 3726 1146 3812 (Tubeta)
1195 3733 1536 3801 Patavinus,
1591 3734 1653 3791 iii
1714 3732 1977 3792 Venetiis
2007 3728 2203 3803 1'4903
2248 3741 2445 3793 1526:
2478 3729 2795 3788 Mediolani
2827 3737 2986 3790 1495

371 3817 766 3877 universitate
797 3820 1129 3879 ordinarius
1150 3821 1335 3881 lector
1349 3823 1656 3899 metaphy-
1711 3827 1822 3883 etc.
1856 3856 1940 3866 —
1973 3821 2372 3880 Gometius
2419 3819 2992 3894 Olisiponensis

375 3906 542 3978 sicae,
604 3907 939 3983 provinciae
984 3911 1378 3985 praepositus,
1430 3911 1653 3987 episco-

367 4014 487 4070 pus
520 3997 763 4056 urbinas
785 3993 1012 4078 (1510)
1035 4003 1098 4057 et
1116 3999 1415 4077 resignato
1436 4000 1654 4075 episco-

694 4086 705 4098 .
792 4088 803 4099 .
1222 4089 1235 4101 .
1349 4090 1360 4101 .
1498 4099 1523 4110 ,
1792 4051 1826 4116 ¹)
1856 4043 2367 4098 Praeter-mittimus
2410 4062 2521 4109 eos,
2562 4062 2801 4113 quorum
2841 4043 2992 4096 labo·

374 4089 520 4160 patu
553 4087 1022 4163 archiepiscopus
1039 4087 1397 4148 atheniensis
1416 4084 1474 4170 (l
1494 4116 1526 4150 o
1540 4100 1565 4151 1
1583 4099 1615 4153 5
1640 4111 1653 4159 ;
1711 4132 1799 4169 res
1851 4132 1964 4169 110„
2017 4116 2369 4186 prodierunt,
2418 4118 2486 4169 ut
2523 4116 2580 4168 M
2600 4133 2633 4168 a
2655 4135 2691 4187 p
2711 4116 2749 4168 h
2771 4133 2804 4169 a
2823 4130 2852 4167 e
2874 4133 2912 4168 u
2934 4134 2988 4168 m

371 4171 412 4240 †
452 4171 664 4255 1518),
717 4176 1040 4251 plurimum
1094 4178 1387 4236 sollicitus
1433 4178 1554 4237 fuit
1591 4179 1654 4237 in
1712 4185 1923 4241 Cella
1963 4187 2026 4242 Ο.
2055 4187 2228 4242 Conv.
2258 4187 2688 4241 Cremonensem
2724 4189 2989 4241 lectorem

365 4262 619 4321 ,edendis
652 4263 810 4324 scoti
856 4266 1135 4341 operibus
1183 4264 1276 4348 (cf,
1310 4287 1365 4347 P,
1403 4263 1552 4348 365)
1586 4267 1653 4326 il.
1711 4257 2109 4330 philosophiae
2154 4260 2217 4312 in
2261 4262 2548 4314 conventu
2635 4258 2870 4312 atavino
2915 4258 2991 4327 (fl.

371 4352 806 4427 lustrandaque
846 4356 974 4430 ejus
1008 4355 1291 4414 doctrina.
1355 4356 1516 4416 Haec
1545 4375 1652 4432 po·
1710 4334 1871 4401 ¹52⁰)
1892 4353 1929 4413 ².
1952 4332 1991 4384 F
2015 4347 2044 4383 θ
2066 4348 2093 4383 1“
2113 4331 2184 4383 di
2209 4349 2243 4383 ¹¹
2266 4347 2298 4383 a
2320 4348 2357 4412 11
2379 4330 2414 4383 d
2439 4348 2583 4412 11.111.
2643 4347 2687 4411 ,θ
2708 4347 2736 4383 1’
2755 4347 2785 4384 0
2806 4348 2833 4382 Ζ
2875 4345 2991 4398 reg.

1710 4402 1830 4458 obs.
1857 4401 2200 4472 Hispanum,
2242 4419 2343 4470 qui
2388 4406 2615 4470 scripsit
2638 4419 2699 4453 in
2727 4400 2764 4461 L
2796 4406 2843 4457 1.
2872 4416 2993 4454 seu·

367 4441 529 4499 ’11018
571 4459 774 4516 opera:
846 4445 1213 4516 Qum-'twnae
1256 4446 1654 4521 Ψωάῐῶθωιθθ
1710 4472 2039 4538 tentiarum‚
2069 4473 2138 4526 de
2165 4490 2237 4528 an
2281 4472 2384 4526 elis
2424 4476 2480 4527 et
2530 4473 2598 4526 de
2624 4472 2990 4526 matrimonio

378 4531 798 4606 metaphysicae
875 4530 936 4613 (4
950 4529 1032 4613 6),
1111 4533 1374 4593 Venetiis
1454 4545 1651 4606 14933
1709 4547 1815 4599 etc.
1860 4579 1924 4585 —
1966 4544 2129 4598 Nulli
2170 4560 2231 4597 or
2273 4543 2356 4597 ini
2407 4544 2673 4598 addictus
2725 4543 2989 4611 religioso

365 4618 760 4688 Quaestiones
837 4624 898 4681 in
961 4624 1017 4681 ll,
1089 4626 1171 4681 12
1246 4625 1656 4700 metaphygioeg
1709 4615 2370 4698 fuitJoaunesLopis
2396 4614 2757 4696 Valentinus,
2777 4614 2990 4696 artium

371 4710 725 4783 Aristotelia,
746 4710 1013 4770 Venetiis
1040 4722 1236 4775 1502:
1269 4723 1464 4780 15043
1499 4714 1652 4772 utri·
1709 4687 2382 4813 ἓξὲζέἓῗῗιῑὲἒθῖζῗῃὲθ
2400 4685 2646 4824 8181111111)
2667 4686 2989 4811 11119ῗὲἕῶῗῖ

1708 4801 1973 4898 speciatim
2018 4779 2172 4885 S'leoti
2211 4847 2277 4884 ac
2306 4778 2820 4898 Fit-irffl'gyrog'ii‘is
2865 4828 2991 4881 doc-

453 4901 488 4968 ¹)
518 4898 601 4952 Cf.
626 4898 801 4954 Jeiler
829 4898 940 4955 KL.
975 4900 1088 4964 VII,
1121 4905 1276 4957 1963.
1710 4902 1917 4955 trinam
1947 4901 2265 4966 illustrans,
2295 4901 2539 4971 Neapoli
2569 4906 2725 4957 1505.
