3475 5364
472 351 637 405 1307
1138 339 1506 393 1521—1540.
1534 336 1832 403 Exegetae.
1859 336 2055 389 Franc.
2083 333 2411 390 Titelmans.

2913 353 2934 404 1
2954 352 2988 405 3
3001 354 3083 406 08

462 522 526 578 in
558 521 767 596 primis
815 520 1278 579 Franciscus
1307 522 1746 580 'l'itelmans
1801 521 1891 579 vit
1943 524 2004 579 et
2048 540 2324 580 romanae
2365 522 2701 597 provinciae
2747 522 3086 596 praesidere

464 610 529 668 Ο.
567 610 700 667 Min.
734 629 789 667 n.
843 610 907 668 in
957 609 1171 685 oppido
1218 609 1457 668 Hasselt
1503 610 1750 669 ditionis
1803 611 2015 669 voluit.
2080 610 2395 668 Biennium
2459 610 2523 668 in
2585 630 2653 669 eo
2702 610 3088 669 moderatoris

464 700 870 775 limburgicae.
937 699 1259 775 Splendido
1296 717 1574 758 successu
1606 718 1748 774 ope·
1807 699 2143 758 ministerio
2176 700 2441 758 nondum
2461 701 2813 774 expleverat,
2849 718 2981 757 cum
3008 700 3084 757 ad

463 808 591 845 ram
625 787 787 847 dedit
809 787 1022 846 studiis
1042 786 1286 847 Lovanii
1308 788 1577 863 adeoque
1596 789 1748 847 bene
1802 788 2129 847 mercedem
2142 788 2435 849 aDomino
2447 796 2689 847 vocatus
2706 792 2796 847 est
2817 800 2835 850 1
2855 798 2907 849 ⁴2.
2922 787 3082 864 Sept.

465 876 751 936 addidicit
782 878 1047 953 linguam
1081 895 1367 954 graecam,
1400 882 1473 936 ut
1503 897 1551 935 a.
1586 880 1745 935 aeta-
1814 886 1998 940 1537.
2031 897 2082 936 a.
2114 878 2328 937 aetatis
2362 887 2442 942 40
2489 878 2586 944 ⁴vir
2635 879 2770 953 pius
2804 895 2988 951 aeque
3019 896 3086 935 ac

467 967 547 1025 tis
594 976 683 1028 16.
718 986 843 1025 eam
877 966 1148 1041 expedite
1184 968 1557 1041 loqueretur3
1591 967 1746 1043 peri·
1802 966 2030 1024 doctuS.
2096 966 2431 1025 Mirandum
2465 970 2560 1026 est
2591 986 2725 1025 eum
2759 971 2884 1025 tam
2917 966 3085 1024 brevi

465 1062 565 1113 tus
599 1075 836 1130 quoque
856 1055 975 1114 fuit
995 1056 1337 1131 linguarum
1358 1055 1665 1113 hebraicae
1687 1058 1749 1113 et
1805 1060 2069 1131 tempore
2101 1059 2193 1114 tot
2213 1074 2392 1131 opera
2411 1056 2661 1114 condere
2696 1056 2988 1132 potuisse:
3023 1056 3085 1113 in

465 1145 813 1203 chaldaicae.
877 1144 1157 1202 Ordinem
1189 1145 1330 1203 Min.
1383 1146 1454 1202 de
1487 1145 1623 1205 Obs,
1657 1145 1747 1203 in-

468 1252 706 1311 gressus
739 1233 1068 1292 academiae
1103 1234 1485 1292 hasseltensis
1519 1238 1580 1291 et
1613 1233 1744 1308 phi-

464 1323 839 1397 losophorum
903 1322 1333 1381 lovaniensium
1396 1322 1746 1391 moderator,

471 1430 699 1471 necnon
733 1415 794 1470 et
827 1429 870 1469 a.
894 1411 1231 1487 Scripturae
1264 1412 1447 1471 lector
1465 1411 1599 1470 fuit.
1636 1411 1748 1469 Sed

1802 1144 1874 1202 iis
1907 1147 2105 1203 autem
2140 1164 2277 1221 prae
2308 1145 2493 1203 oculis
2524 1145 2704 1204 habet
2732 1145 3083 1219 praesertim

1805 1234 1848 1290 Ε
1868 1251 2211 1304 rasmum,
2279 1234 2326 1292 V
2346 1234 2591 1304 allam,
2672 1233 3086 1310 Stapulen·

1803 1341 1829 1380 s
1846 1342 1877 1381 e
1892 1343 1969 1392 m,
2024 1325 2094 1380 ut
2144 1323 2352 1382 horum
2400 1323 2812 1382 immodestam
2857 1324 2920 1380 in
2951 1341 3084 1379 ver-

1802 1412 1980 1470 tenda
2027 1412 2333 1488 Scriptura
2373 1412 2673 1471 licentiam
2719 1411 2992 1470 emendet
3023 1416 3087 1468 et

465 1500 815 1577 perfectiora
846 1500 1192 1559 et'arctiora
1225 1500 1417 1559 adhuc
1436 1519 1746 1575 quaerenS,
1801 1501 2093 1577 corrigat:
2137 1502 2275 1559 hinc
2305 1501 2580 1577 vulgatae
2612 1501 2906 1559 versionis
2939 1519 3079 1575 apo·

466 1609 602 1648 cum
649 1590 894 1648 Romam
942 1591 1229 1661 venisset,
1262 1590 1747 1649 reformationem

466 1680 933 1753 capuccinorum
967 1683 1060 1737 est
1090 1680 1396 1754 amplexus
1431 1674 1507 1759 (a.
1523 1680 1745 1759 1535).

468 1768 578 1825 Vix
657 1767 951 1826 admissus
1045 1786 1088 1825 e.
1157 1767 1487 1843 theologiae
1562 1768 1750 1825 lector

467 1856 863 1914 Mediolanum
880 1860 969 1914 est
985 1857 1337 1918 destinatus,
1379 1856 1591 1915 Verum
1613 1874 1747 1914 cum

462 1945 632 2003 aliud
666 1945 842 2022 longe
861 1945 1162 2003 diversum
1194 1966 1227 2003 a
1260 1947 1538 2004 scientiae
1559 1945 1750 2022 gloria

471 2035 535 2093 in
568 2053 634 2092 ea
666 2034 978 2092 sodalitate
1012 2035 1127 2092 sibi
1150 2035 1571 2110 proposuisset,
1607 2054 1747 2109 sup·

466 2124 702 2199 pliciter
720 2143 753 2181 a
772 2123 1042 2182 Generali
1063 2124 1423 2198 impetravit,
1447 2128 1516 2182 ut
1533 2124 1748 2182 Romae

467 2213 667 2288 potius
698 2212 1116 2270 incurabilium
1147 2216 1524 2288 aegrotorum
1545 2213 1747 2270 domui

464 2320 596 2359 cum
618 2302 749 2359 aliis
771 2301 1074 2359 sodalibus
1089 2302 1424 2359 inserviret.
1450 2301 1747 2371 Obtinuit,

472 2390 828 2448 ministravit
876 2395 937 2448 et
970 2410 1072 2465 pro
1106 2409 1215 2448 suo
1248 2398 1385 2449 voto
1419 2390 1751 2448 exinanivit

468 2480 849 2554 semetipsum
915 2480 977 2537 in
1040 2480 1317 2537 omnibus
1380 2480 1643 2537 caritatis
1688 2486 1750 2537 et

469 2569 825 2626 humilitatis
868 2568 1184 2642 obsequiis
1248 2569 1381 2626 Non
1413 2568 1518 2626 diu
1550 2572 1750 2625 tamen

471 2676 645 2733 passa
664 2662 755 2715 est
774 2657 982 2734 religio
1004 2657 1113 2716 hoc
1133 2657 1206 2715 ab
1227 2657 1391 2716 illius
1414 2658 1750 2715 humilitate

473 2748 588 2804 sibi
620 2748 855 2804 illatum
890 2746 1319 2804 detrimentum
1351 2747 1493 2821 pati.
1559 2747 1751 2814 Quare

467 2837 726 2894 vicarius
759 2835 1050 2910 generalis
1083 2836 1308 2893 ordinis
1341 2836 1513 2893 illum
1546 2853 1747 2893 evoca—

468 3041 703 3108 Major
755 3043 829 3108 (p.
872 3044 1048 3108 1220).
1096 3041 1227 3094 Fab.
1258 3040 1750 3108 stapulensis

467 3116 542 3181 (p.
574 3114 730 3182 1301)
760 3115 862 3165 etc.
895 3144 959 3151 -
989 3111 1154 3163 Haud
1194 3127 1505 3180 paucorum
1533 3111 1752 3165 labores

470 3187 802 3235 manserunt
862 3181 1083 3236 inediti.
1149 3183 1235 3235 Ita
1296 3181 1498 3251 Angeli
1551 3182 1590 3235 C
1609 3199 1639 3234 o
1659 3199 1751 3234 ra-

467 3254 503 3306 d
522 3272 550 3307 c
569 3253 656 3309 lli
684 3253 745 3307 O.
776 3253 958 3306 Carm.
985 3253 1253 3318 Brixiam,
1294 3253 1751 3322 congregationis

468 3342 550 3379 ma
562 3326 813 3378 ntuanae
866 3329 951 3378 ter
1001 3324 1201 3378 vicarii
1244 3324 1527 3394 generalis
1569 3330 1748 3395 11511.

467 3403 625 3453 1521.
654 3401 809 3462 12271
852 3396 1275 3450 lucubrationes
1316 3396 1377 3449 in
1420 3415 1460 3451 S.
1504 3397 1750 3465 Scriptu-

469 3486 574 3534 ωε,
604 3486 750 3536 quae
779 3467 1201 3522 eruditissimae
1230 3469 1501 3521 dicuntur
1530 3502 1594 3508 —
1624 3469 1747 3521 Hie·

1802 1592 2055 1666 logetam
2092 1592 2231 1667 agit.
2267 1590 2454 1648 Stilus
2487 1591 2613 1665 ejus
2645 1593 2735 1648 est
2766 1589 3084 1648 admodum

1802 1680 2014 1749 clarae,
2033 1679 2281 1749 nitidus,
2298 1698 2507 1755 purus,
2532 1680 2811 1755 pietatem
2834 1679 3082 1754 spirans.

1804 1768 1959 1825 Haec
1972 1776 2113 1826 sunt
2124 1770 2356 1844 potiora
2376 1788 2552 1844 opera
2564 1768 2767 1827 ordine
2777 1766 3084 1826 chronolo-

1802 1858 1932 1933 gico
1949 1854 2014 1940 ¹):
2036 1858 2122 1916 De
2138 1860 2485 1933 expositione
2494 1860 2916 1933 mysteriorum,
2931 1875 3085 1931 quae

1803 1947 1863 2003 in
1899 1965 1974 2004 ss,
2007 1947 2227 2005 missae
2259 1946 2542 2005 sacrificio
2592 1966 2660 2004 ex
2713 1945 3084 2005 ordinatione

1805 2053 1878 2093 ss.
1911 2035 2155 2093 Patrum
2178 2038 2489 2113 geruntur,
2526 2035 2884 2109 Antverpiae
2912 2043 3080 2096 1528

1805 2125 1868 2181 in
1900 2135 1924 2184 l
1941 2133 2001 2185 2:
2051 2136 2216 2188 1530
2242 2119 2403 2206 (cum
2425 2124 2792 2199 expositione
2814 2120 3082 2195 Odonis):

1803 2213 2082 2289 Lugduni
2122 2224 2322 2283 15563
2380 2222 2577 2277 1558:
2632 2213 2875 2271 Lovauii
2920 2222 3081 2275 1574

1804 2303 1870 2360 in
1900 2310 2001 2371 12;
2035 2304 2212 2360 etiam
2234 2303 2560 2378 inscriptus
2582 2311 2654 2361 tr.
2682 2304 3083 2377 naystetiorum

1807 2394 2028 2449 missae.
2091 2390 2425 2450 Elucidatio
2465 2390 2658 2449 brevis
2691 2395 2751 2449 et
2784 2391 3083 2449 succincta

1804 2483 1865 2537 in
1898 2498 2089 2538 omnes
2120 2500 2201 2555 ep.
2234 2482 2583 2553 apostolicas
2618 2483 2701 2538 14
2731 2481 3006 2559 paulinas
3032 2488 3082 2536 et

1804 2571 2111 2627 canonicas
2147 2572 2203 2643 7,
2241 2589 2362 2628 una
2394 2588 2527 2627 cum
2560 2572 2731 2627 textu
2768 2570 2837 2627 ad
2863 2568 3080 2645 margi-

1806 2677 1941 2717 nem
1977 2658 2204 2734 adjecto
2227 2660 2404 2734 juxta
2438 2658 2750 2717 veritatem
2774 2658 2988 2716 veteris
3022 2662 3082 2716 et

1805 2749 2084 2824 vulgatae
2118 2748 2413 2812 editionis,
2458 2747 2678 2806 additis
2711 2748 3081 2824 argumentis

1805 2837 1952 2894 miro
1986 2836 2330 2913 compendio
2375 2838 2587 2912 capitis
2633 2825 2924 2912 cujusque
2957 2855 3081 2894 ma-

1804 2926 2016 2983 teriam
2095 2927 2640 3002 complectentibu8‚
2720 2926 3086 3000 Antverpiae

1822 3024 1977 3076 152s
2017 3014 2080 3072 in
2116 3025 2183 3086 8;
2247 3024 2439 3083 15:293
2500 3025 2690 3078 15:3⁴2:
2746 3023 2943 3085 15403
2985 3015 3086 3071 Pa·

1804 3104 1964 3161 risiis
2026 3114 2187 3166 1532
2242 3105 2303 3161 in
2361 3114 2466 3172 12;
2526 3114 2721 3174 1543;
2779 3114 2939 3167 1553
2974 3108 3084 3161 etc.

1804 3192 2156 3251 Collationes
2193 3203 2224 3255 5
2272 3213 2449 3268 super
2479 3213 2563 3268 ep.
2597 3196 2676 3251 ad
2707 3194 2998 3251 Romanos
3026 3192 3085 3249 b.

1805 3283 1979 3340 Pauli
2009 3303 2119 3358 ap„
2153 3282 2372 3357 quibus
2416 3284 2545 3341 loca
2589 3284 2719 3358 ejus
2752 3301 2839 3358 ep.
2873 3282 3085 3340 diffici-

1806 3372 1971 3439 liora,
2007 3390 2074 3429 ea
2105 3372 2505 3446 potissimum,
2553 3391 2704 3447 quae
2750 3390 2816 3430 ex
2860 3371 3084 3448 graecis

1804 3459 2029 3536 aliquid
2093 3461 2305 3519 habere
2369 3460 2645 3518 videntur
2694 3460 3082 3528 difficultatis,

469 3540 692 3608 ronymi
748 3539 1014 3594 volta&
1076 3539 1138 3595 Ο·
1193 3539 1386 3593 praed·
1452 3539 1751 3591 mantuani
1803 3549 2261 3625 diligentissime
2293 3552 2630 3608 tractantur
2671 3553 2850 3624 atque
2896 3549 3082 3624 expli·

468 3611 828 3679 inquisitoris
869 3611 1001 3665 fidei
1027 3611 1090 3664 in
1118 3611 1460 3665 Lombardia
1486 3610 1562 3680 (fl.
1590 3615 1750 3680 1535»)

469 3684 873 3737 commentaria
898 3682 960 3735 in
987 3683 1044 3737 ll.
1068 3682 1277 3736 Esdrae
1324 3715 1371 3721 -—
1401 3681 1533 3735 Dio
1552 3700 1589 3734 n
1605 3700 1643 3750 y
1660 3683 1750 3735 sii

469 3753 564 3807 Va
584 3771 716 3823 squ
736 3772 804 3807 ez
833 3754 895 3808 O.
925 3756 977 3809 S.
1008 3758 1153 3823 Aug.
1183 3753 1464 3818 Toletani,
1494 3753 1662 3822 primi
1689 3753 1748 3806 in

468 3825 757 3880 academia
785 3825 1038 3878 toletana
1059 3845 1099 3880 s.
1123 3826 1450 3894 Scripturas
1476 3825 1752 3893 interpre-

469 3899 541 3950 tis
571 3898 671 3964 qui
698 3897 827 3967 (vir)
845 3901 967 3950 erat
982 3897 1183 3950 doctus
1201 3901 1258 3951 et
1272 3897 1516 3967 insignis
1534 3896 1748 3950 concio-

470 3971 651 4030 nator,
677 3968 917 4037 repudio
944 3968 1259 4021 infularum
1283 3968 1472 4021 clarus
1489 3971 1534 4037 (†
1550 3974 1600 4023 1.
1616 3968 1750 4020 Jun.

469 4044 644 4105 1:339),
659 4040 823 4109 eujus
836 4040 1105 4092 laudatur
1118 4039 1401 4092 enarratio
1416 4039 1516 4092 Ev.
1527 4057 1570 4090 s.
1583 4039 1750 4092 Joan-

471 4111 576 4172 nis,
606 4111 701 4164 sed
730 4110 1005 4180 prodiisse
1034 4113 1261 4163 tantum
1290 4110 1518 4163 videtur
1546 4115 1610 4163 de
1635 4114 1748 4164 uni-

468 4193 573 4236 tate
597 4192 642 4235 et
668 4186 998 4250 simplicitate
1017 4201 1277 4249 peremne
1304 4185 1505 4236 (Vn-isti
1531 4181 1591 4233 iu
1614 4182 1750 4234 dua-

1804 3644 2037 3707 cantur,
2071 3639 2160 3696 ita
2191 3642 2263 3696 ut
2293 3639 2471 3696 etiam
2504 3660 2536 3696 a
2569 3658 2775 3715 graece
2815 3638 3082 3697 nescien-

1805 3727 1968 3786 tibus
1988 3727 2161 3785 facile
2193 3728 2323 3802 capi
2357 3728 2550 3786 valeat
2589 3728 2883 3802 emphasis
2915 3745 3081 3804 grae-

1805 3835 2005 3875 carum
2026 3817 2356 3874 dictionum
2386 3818 2564 3876 simul
2596 3822 2656 3874 et
2688 3816 3084 3876 ecclesiastica

1808 3906 1878 3962 N.
1912 3906 1972 3964 Τ.
2007 3906 2198 3964 latina
2229 3906 2409 3964 editio
2430 3906 2864 3965 rationabiliter
2881 3906 3083 3964 deien-

1808 3995 1989 4064 ditur,
2025 3994 2204 4070 idque
2224 4015 2294 4053 ex
2326 3996 2679 4054 auctoritate
2699 4000 2970 4054 veterum
2989 3995 3081 4052 in-

1808 4088 2141 4158 terpretum
2162 4088 2613 4158 ceterorumque
2633 4085 3083 4159 probatissimo—

1804 4193 1936 4231 rum
1947 4178 2189 4248 patrum
2202 4174 2521 4232 latinorum
2535 4179 2714 4248 atque
2724 4192 3080 4249 graecorum,

468 4255 573 4306 bus
600 4254 819 4305 naturis
839 4253 1019 4305 oratio
1046 4254 1242 4306 habita
1258 4269 1446 4305 coram
1466 4253 1647 4306 Leone
1666 4254 1749 4317 X.,
1806 4264 2165 4337 Antverpiae
2208 4272 2367 4326 1529
2403 4263 2466 4320 in
2500 4273 2567 4332 8;
2601 4280 2735 4321 cum
2767 4281 2852 4338 ep.
2886 4265 3082 4337 apolo-

470 4325 677 4377 Romae
705 4328 844 4380 1518
886 4324 977 4386 (cf.
1006 4325 1302 4379 Nomencl.
1346 4326 1410 4388 1²,
1456 4330 1556 4379 142
1584 4331 1653 4382 a.)
1686 4358 1745 4365 -
1904 4355 1914 4365 .
2123 4353 2135 4364 .
2802 4377 2811 4389 ι

472 4397 651 4448 Lucae
681 4389 957 4448 Matthaei
997 4395 1429 4450 Caraccioli
1475 4395 1537 4449 O.
1567 4383 1749 4455 Carm,
1800 4358 1983 4428 θείνῃ
2033 4355 2212 4427 huJus
2262 4371 2352 4427 Op·
2404 4352 2478 4409 ad
2530 4353 2659 4410 Des·
2693 4352 3082 4411 Erdsmum

470 4467 853 4537 Neapolitani,
896 4468 1145 4536 episcopi
1188 4468 1482 4521 lesinensis
1520 4472 1749 4530 (1507—
1815 4450 2009 4504 1530:
2057 4451 2214 4505 ¹537
2254 4441 2311 4499 in
2357 4451 2463 4512 ¹23
2498 4441 2663 4499 Libri
2694 4441 2815 4499 duo
2847 4443 2917 4499 de
2946 4461 3082 4500 ‘'us''

472 4543 629 4600 15:26)
658 4572 722 4578 —
771 4538 865 4592 Lu
885 4557 911 4590 c
930 4556 960 4590 a
979 4556 1007 4591 e
1053 4539 1115 4592 Ο.
1163 4538 1379 4592 Praem.
1422 4539 1751 4592 monasterii
1809 4565 2030 4572 *⁸—
2049 4567 2125 4571 —

469 4629 493 4664 s
539 4603 788 4664 Cornelii
827 4611 1049 4663 abbatis
1090 4611 1149 4663 in
1192 4612 1405 4664 ducatu
1427 4610 1751 4680 juliacensi,
1886 4617 1920 4682 1)
1977 4613 2058 4666 Cf.
2108 4612 2495 4665 Bernurdinus
2544 4627 2576 4663 a
2629 4611 2884 4671 Bononia
2949 4613 3084 4667 bibl.

469 4683 633 4751 cujus
660 4683 1121 4736 elucubrationes
1148 4682 1341 4752 plures
1367 4685 1622 4735 recenset
1635 4682 1753 4736 Tri·
1808 4685 2012 4752 script.
2040 4685 2175 4753 Cap.
2203 4702 2257 4752 p.
2289 4687 2420 4739 100:
2464 4683 2629 4736 Dirks
2657 4682 2801 4736 Hist.
2829 4683 3001 4739 litter.
3029 4687 3086 4736 et

472 4754 798 4808 themiusin
811 4754 1076 4808 chronico
1096 4754 1752 4822 hirsaugiensiad.1533,
1811 4755 2071 4823 bibliogr.
2100 4757 2198 4809 des
2225 4755 2329 4809 FF.
2361 4753 2496 4806 Min.
2524 4754 2592 4806 de
2622 4754 2791 4808 I'Obs.
2829 4757 2897 4808 de
2925 4773 2964 4814 a.
2995 4754 3083 4808 Fr.

470 4828 535 4878 ut
560 4825 620 4878 in
649 4843 734 4878 ev.
763 4825 1041 4878 Matthaei
1068 4830 1125 4879 et
1150 4825 1405 4888 Joauuis,
1435 4826 1491 4878 in
1518 4825 1754 4879 Cantica
1807 4842 1876 4877 eu
1906 4826 2182 4894 Belgique
2210 4831 2348 4896 phil
2375 4862 2400 4865 Α
2425 4831 2522 4884 69ς
2555 4825 2716 4878 Eberl
2737 4824 2799 4880 Ο.
2819 4825 3082 4894 Cap.KL.

469 4898 823 4950 canticorum
854 4900 959 4949 etc.
1807 4895 1898 4958 Xl.
1929 4902 2069 4953 1779
2098 4916 2138 4949 s.
