3475 5364
522 291 685 346 1439
757 279 1126 332 1541—1563.
1154 275 1352 331 Theol.
1377 276 1651 346 polemiea
1678 280 1875 331 contra
1903 276 2140 331 Protest.
2166 275 2227 329 in
2255 275 2373 330 ord.
2402 276 2599 333 Praed.
2624 280 2683 331 et
2708 276 2889 332 Carni.
2961 296 3142 349 1440

511 461 653 519 flore
684 462 892 519 aetatis
924 461 1174 519 decessit
1193 461 1495 520 laboribus
1516 462 1789 536 curisque
1844 465 1978 518 tum
2038 460 2377 520 laudantur.
2473 461 2683 519 Omnia
2745 462 2890 521 haec
2950 481 3134 538 opera

512 553 900 625 consumptus
958 561 1055 612 21.
1098 553 1250 626 Aug.
1304 559 1467 613 1547
1517 570 1565 608 a.
1613 556 1789 609 natus

510 639 745 697 nonnisi
786 647 882 701 38.
949 640 1187 697 Praeter
1231 658 1409 714 opera
1449 641 1574 715 jam
1609 640 1789 699 citata

512 728 657 786 haec
688 728 880 786 adhuc
912 734 1054 787 sunt
1074 730 1373 787 mentione
1392 728 1603 805 digna:
1638 730 1711 787 In
1731 731 1786 787 d.

510 816 684 874 Pauli
715 819 793 875 ad
822 817 1212 892 Philippenses
1255 836 1339 891 ep.
1386 819 1786 878 enarrationes

510 906 640 981 piae
701 925 766 963 ac
828 907 1162 975 catholicae,
1236 907 1515 983 Friburgi
1586 918 1784 978 1543;

512 995 768 1053 Canones
815 996 938 1054 sive
989 996 1182 1054 claves
1228 996 1459 1072 aliquot
1490 995 1564 1053 ad
1598 997 1785 1055 inter-

509 1084 863 1158 pretandum
926 1103 997 1142 se.
1058 1086 1380 1144 bibliorum
1441 1084 1782 1161 scripturae,

508 1173 848 1249 Mogontiae
892 1183 1084 1243 15443
1142 1183 1324 1246 1545,
1376 1174 1554 1234 etiam
1585 1193 1784 1251 recep-

507 1268 639 1320 tum
682 1263 746 1320 in
792 1280 941 1337 opus
976 1262 1125 1320 Sixti
1158 1282 1275 1321 sen.
1339 1265 1462 1322 Ars
1501 1268 1783 1340 interpre-

505 1352 671 1409 tandi
713 1371 756 1409 s.
804 1353 1145 1426 Scripturas
1185 1353 1625 1429 absolutissima,
1676 1354 1782 1413 Co·

506 1441 694 1498 Ioniae
733 1449 895 1503 1577
935 1442 999 1498 in
1034 1450 1103 1510 83
1139 1442 1206 1499 In
1237 1445 1523 1518 utrasque
1545 1463 1589 1502 e.
1612 1442 1782 1501 Pauli

506 1549 600 1604 ap.
635 1529 706 1587 ad
729 1530 1063 1588 Corinthios
1084 1549 1173 1605 ep.
1193 1532 1475 1607 homiliae,
1513 1532 1783 1591 Coloniae

518 1628 682 1680 1545
711 1619 774 1676 in
802 1630 867 1685 43
904 1615 1165 1678 Articuli
1194 1622 1481 1679 conciliati
1498 1621 1657 1679 inter
1670 1640 1782 1696 pu-

504 1708 675 1765 rioris
722 1708 1024 1767 doctrinae
1074 1727 1258 1766 novos
1290 1709 1590 1769 ministros
1624 1710 1697 1767 ab
1731 1730 1780 1769 a.

513 1807 532 1857 1
554 1806 904 1865 519-1546,
938 1816 1087 1871 quas
1120 1817 1380 1872 gemmas
1397 1799 1524 1873 ipse
1543 1800 1604 1858 in
1622 1799 1782 1857 aedi-

502 1886 838 1944 ficationem
899 1886 1191 1944 Ecclesiae
1253 1892 1313 1944 et
1376 1888 1782 1947 confusionem

504 1974 761 2033 hostium
792 1975 1084 2033 Ecclesiae
1104 1975 1423 2051 diligenter
1441 1978 1681 2053 collegit
1712 1997 1780 2035 ex

500 2064 974 2122 Lutheranorum
999 2070 1059 2122 et
1074 2063 1570 2140 Zwinglianorum
1594 2067 1778 2142 scrip-

502 2154 597 2221 tis,
632 2153 983 2230 Ingolstadii
1041 2163 1208 2215 1546
1243 2154 1305 2211 in
1342 2163 1410 2225 83
1459 2155 1601 2213 Loci
1628 2174 1778 2213 com-

502 2261 700 2300 munes
718 2262 919 2301 rerum
938 2237 1399 2319 theoloyicarum,
1434 2263 1589 2320 quae
1610 2245 1779 2303 hodie

500 2331 562 2388 in
595 2332 997 2390 controversia
1042 2332 1348 2406 agitantur
1393 2333 1465 2391 ad
1509 2335 1777 2410 regulam

502 2430 560 2478 et
592 2439 945 2479 consensum
990 2439 1160 2479 verae
1194 2421 1636 2498 catholicaeque
1670 2423 1775 2479 Ec-

500 2510 708 2567 clesiae
741 2530 771 2567 e
804 2528 878 2567 ss.
913 2513 1152 2584 patrum
1174 2511 1487 2569 sententiis
1510 2510 1775 2579 confecti,

498 2597 853 2675 Ingolstadii
913 2609 1097 2667 15463
1147 2609 1323 2669 15493
1369 2609 1549 2669 1551;
1593 2610 1776 2670 15553

506 2698 705 2757 1582;
741 2689 1097 2763 Antverpiae
1139 2699 1336 2758 15503
1377 2699 1579 2759 15:523
1615 2691 1776 2747 Pari-

501 2778 603 2835 siis
648 2787 843 2842 1564:
888 2787 1080 2845 1575;
1128 2787 1288 2838 1585
1325 2781 1469 2844 etc.;
1503 2779 1776 2837 homiliae

500 2870 561 2923 in
596 2868 925 2942 Evanqelia,
961 2867 1200 2941 quaein
1222 2867 1532 2925 dominicis
1564 2871 1624 2924 et
1644 2869 1777 2925 aliis

500 2956 662 3013 festis
684 2955 891 3012 diebus
912 2955 1198 3030 leguntur
1217 2973 1318 3030 per
1341 2958 1532 3014 totum
1554 2975 1777 3014 annum

498 3049 541 3105 t.
579 3052 634 3112 2,
670 3043 1019 3119 Ingolstadii
1063 3053 1259 3113 15473
1321 3053 1518 3114 15483
1578 3055 1774 3115 15493

508 3141 705 3202 15513
763 3142 956 3200 15:353
1007 3142 1163 3195 1561
1192 3153 1204 3200 ;
1265 3142 1430 3195 1572
1457 3154 1469 3202 3
1536 3134 1776 3192 Parisiis

503 3231 689 3290 1551;
731 3231 915 3290 1555;
959 3232 1154 3291 15673
1190 3223 1548 3297 Antverpiae
1589 3232 1772 3295 15493

506 3320 688 3381 15623
722 3311 899 3369 etiam
934 3312 1283 3388 germanice,
1301 3330 1552 3386 quorum
1572 3315 1771 3370 tamen

495 3399 652 3459 haud
685 3404 901 3476 paucas
933 3401 1263 3475 composuit
1291 3401 1386 3459 vel
1408 3402 1618 3459 saltem
1641 3422 1766 3460 ver·

494 3490 571 3548 tit
603 3510 668 3549 ex
703 3490 831 3564 ejus
867 3491 1104 3565 postilla
1134 3491 1475 3548 Leonardus
1495 3491 1551 3548 H
1569 3510 1602 3548 a
1621 3490 1722 3548 lle
1743 3510 1773 3547 r

495 3579 807 3655 episcopus
820 3580 1123 3638 auxiliaris
1144 3580 1602 3644 eichstettensis,
1617 3599 1769 3654 quae

493 3669 731 3743 postilla
763 3670 938 3727 etiam
970 3668 1373 3727 commendata
1406 3669 1520 3726 fuit
1537 3669 1689 3726 clero
1705 3669 1769 3726 in

494 3760 717 3833 synodo
751 3758 1200 3817 mfihldorfiensi
1245 3778 1293 3815 a.
1338 3767 1519 3827 1553,
1567 3757 1765 3834 Ingol-

493 3848 665 3906 stadii
739 3857 934 3916 15483
1030 3857 1227 3915 1549;
1299 3856 1496 3908 1550:
1571 3857 1767 3918 1554;

499 3948 696 4006 1562;
736 3946 930 4004 1575;
975 3947 1129 3998 1601
1157 3957 1169 4002 ς
1204 3935 1400 3993 Wesel
1446 3944 1603 3997 1847
1628 3941 1669 3992 t.
1698 3945 1768 4004 2;

489 4026 613 4084 Ein
642 4025 950 4099 fruchtbar
982 4026 1102 4081 und
1132 4025 1292 4081 klare
1312 4026 1642 4099 Ausleyuny
1673 4026 1770 4082 des

489 4116 727 4172 schenen
742 4115 936 4171 Buchs
956 4114 1138 4186 Tobt‘e,
1156 4113 1405 4171 welches
1418 4114 1515 4171 ein
1533 4113 1771 4188 Spiegel

490 4205 593 4261 der
604 4202 1769 4280 gutenSittenunndwarenchristlichen

491 4293 708 4352 Zuchte
754 4293 817 4350 in
848 4292 1034 4350 disem
1082 4291 1560 4368 gegenwertigen
1595 4291 1767 4350 leben

490 4403 625 4458 mag
656 4382 862 4440 billich
898 4386 1195 4457 genennet
1226 4380 1479 4448 werden,
1515 4381 1765 4456 Mogun-

490 4473 605 4531 tiae
671 4492 713 4530 e.
779 4495 829 4533 a.
894 4467 1155 4550 (1559);
1220 4470 1645 4528 commentaria
1707 4472 1768 4528 in

490 4562 757 4621 Marcum
777 4570 825 4619 et
845 4561 1062 4619 Lucam
1087 4559 1496 4636 evangelistaS‚
1528 4559 1768 4617 Lovanii

494 4663 692 4723 15623
726 4650 969 4709 Parisiis
1010 4657 1209 4716 156533
1255 4647 1524 4706 Coloniae
1567 4658 1765 4718 15723

486 4741 556 4799 In
589 4742 697 4800 XII
732 4741 927 4817 priora
942 4757 1019 4797 cc.
1041 4743 1284 4795 actuum
1305 4737 1766 4812 apostolicorum

1846 550 2174 608 ostendunt
2223 550 2597 608 Hoffmeister
2645 569 2837 609 unum
2888 570 2955 609 ex
3006 552 3129 627 pri·

1846 640 2049 697 mariis
2096 640 2424 715 apologetis
2475 640 2614 697 fidei
2664 640 2989 699 catholicae
3021 661 3131 716 per

1845 728 2235 797 Germaniam,
2271 728 2331 786 in
2365 728 2689 803 Scripturis
2722 729 2959 806 egregie
2991 749 3126 788 ver-

1844 821 2059 888 satum,
2093 818 2468 876 ecclesiasten
2504 818 2681 876 verbo
2712 819 2996 887 validum,
3032 819 3126 877 in-

1843 905 2157 976 defessum,
2191 907 2596 982 apostolicum,
2619 907 2967 982 scriptorem
2988 926 3128 967 vere

1843 995 2115 1053 solidum.

1934 1184 2077 1235 661.
2102 1174 2266 1231 Inter
2281 1174 2607 1231 carmelitae
2639 1174 2883 1231 emicuit
2912 1175 3124 1233 Eber-

1841 1261 2128 1319 hardus
2160 1259 2518 1343 Billiok1)
2552 1281 2608 1320 n.
2641 1263 2707 1320 in
2738 1262 2954 1339 oppido
2985 1264 3124 1322 Bilk

1839 1369 2021 1427 prope
2067 1351 2576 1425 Diisseldorpium‚
2628 1372 2663 1410 a
2711 1351 2944 1411 familia
2975 1353 3123 1412 alio-

1841 1440 1988 1514 quin
2050 1439 2086 1497 S
2110 1443 2185 1498 te
2207 1440 2288 1498 in
2309 1441 2346 1497 b
2367 1460 2398 1497 e
2420 1460 2448 1498 r
2468 1460 2508 1515 g
2528 1460 2559 1499 e
2578 1460 2609 1497 r
2670 1441 3123 1517 cognominatus

1841 1528 1932 1585 vir
1948 1529 2224 1604 prudens,
2244 1531 2557 1599 humanus,
2578 1548 2808 1587 morum
2829 1531 3123 1606 gravitate

1839 1623 1900 1674 et
1930 1618 2278 1693 integritate
2326 1619 2555 1677 cunctis
2603 1619 2988 1689 venerandus,
3023 1638 3120 1679 or·

1838 1706 1994 1764 dinis
2028 1707 2265 1765 illustre
2310 1707 2509 1766 decue.
2570 1707 2715 1765 Erat
2765 1709 3123 1767 coloniensis

1841 1796 2247 1853 universitatis
2275 1797 2492 1863 doctor,
2527 1798 2825 1871 professor
2857 1802 2916 1855 et
2950 1798 3119 1857 deca·

1837 1902 1970 1953 uua,
2018 1885 2356 1943 Alemaniae
2401 1885 2696 1943 inferioris
2742 1886 3132 1961 provincialis

1840 1969 2084 2054 (1542).
2150 1974 2357 2032 Merito
2403 1974 2561 2032 inter
2611 1975 2923 2049 primarios
2958 1976 3117 2035 viros

1837 2063 2190 2136 apostolicos
2237 2067 2594 2134 recensetur,
2645 2064 2750 2137 qui
2802 2064 3008 2122 urbem
3058 2069 3122 2123 et

1836 2151 2288 2210 universitatem
2334 2151 2727 2211 coloniensem
2761 2154 2833 2210 ab
2867 2154 3118 2213 innova-

1836 2239 1996 2298 tione
2028 2241 2341 2299 lutherana
2370 2242 2693 2298 immunem
2715 2248 3122 2301 servaverunt.

1836 2328 2169 2388 Hermanno
2209 2329 2279 2387 de
2326 2329 2495 2387 Wied
2541 2330 2979 2405 archiepiscopo
3023 2350 3117 2391 co-

1837 2418 2087 2476 loniensi
2150 2419 2503 2476 Lutheranis
2578 2418 2802 2477 faventi
2880 2420 3126 2479 fortiter

1835 2508 2092 2565 restitit:
2141 2508 2380 2565 nomine
2425 2507 2570 2565 cleri
2617 2512 2679 2567 et
2711 2508 3115 2567 universitatis

1836 2596 2166 2672 composuit
2196 2597 2332 2654 stilo
2365 2597 2604 2671 quidem
2650 2598 2768 2655 acri
2814 2615 2922 2673 pro
2955 2617 3118 2657 more

1837 2685 2001 2744 illius
2048 2686 2330 2760 temporis
2362 2688 2664 2744 ²Iudicium
2707 2689 3118 2760 deputatorum

1833 2775 2244 2833 universitatis
2277 2780 2336 2833 et
2369 2774 2703 2834 secundarii
2738 2776 2876 2835 cleri
2896 2777 3115 2836 coloni-

1833 2864 1991 2922 ensis
2012 2865 2083 2923 de
2105 2865 2373 2923 doctrina
2405 2873 2468 2923 et
2489 2865 2791 2924 vocatione
2812 2866 2881 2922 M.
2900 2867 3113 2925 Buceri

1833 2953 1904 3009 ad
1938 2954 2160 3011 Bonam
2204 2963 2388 3022 1543,
2435 2954 2500 3011 in
2546 2972 2664 3029 quo
2715 2955 3021 3032 egregium
3053 2975 3122 3014 se

1832 3042 2046 3116 probat
2090 3042 2429 3117 theologum
2481 3043 2848 3118 polemicum.
2912 3044 3114 3120 Hujus

1832 3131 2129 3204 epitomen
2181 3132 2433 3190 confecit
2463 3132 2798 3191 CochlaeuS.
2863 3133 3008 3191 Cum
3039 3134 3113 3192 il-

1831 3219 1936 3277 lud
1998 3222 2467 3296 aggrederentur
2527 3221 2919 3290 Melanchton‚
2990 3223 3114 3282 Bu-

1832 3328 2020 3377 cerus,
2070 3309 2409 3385 Oldendcrp
2455 3316 2582 3381 etc.‚
2637 3312 2883 3387 scripsit
2930 3311 3120 3370 Judi—

1907 3629 1940 3686 ¹)
1969 3619 2130 3673 Alius
2158 3637 2191 3673 a
2217 3622 2302 3675 J0.
2333 3619 2567 3673 Billic
2587 3637 2635 3682 o,
2679 3621 2747 3674 de
2785 3638 2899 3687 quo
2934 3638 3110 3689 supra

1826 3692 2045 3758 egimus
2077 3697 2322 3761 p.1377‚
2350 3695 2407 3743 et
2432 3709 2465 3743 a
2493 3692 2929 3746 Theobaldo
2973 3691 3114 3745 Bil-

1827 3763 1932 3817 lic
1950 3779 1983 3815 a
2000 3781 2035 3815 n
2054 3779 2085 3816 o
2115 3781 2168 3817 n.
2196 3763 2255 3815 in
2285 3762 2496 3833 oppido
2526 3763 2882 3832 palatinatus
2913 3763 3110 3834 Billig-

1825 3834 1995 3897 heim,
2042 3834 2141 3902 qui
2187 3834 2294 3886 etsi
2339 3834 2597 3888 sacerdos
2642 3835 2713 3887 ad
2754 3834 3112 3889 Lutheranos

1826 3905 2036 3960 defecit
2075 3909 2135 3959 et
2159 3923 2308 3958 unus
2349 3923 2412 3958 ex
2456 3905 2656 3975 primis
2694 3906 2822 3969 fuit,
2870 3905 2972 3974 qui
2998 3923 3110 3960 ma·
3167 3903 3170 3906 ’

1829 3976 2160 4030 trimonium
2188 3979 2412 4030 contra>
2425 3977 2549 4030 erit.
2587 3977 2798 4030 Verum
2823 3977 3108 4047 gradatim

1827 4065 1956 4101 suos
1983 4049 2222 4116 agnovit
2246 4065 2461 4102 errores
2485 4048 2921 4117 rebellionisque
2948 4048 3110 4102 illius

1824 4121 1925 4174 reli
1970 4120 2122 4173 iosae
2167 4121 2439 4191 pessimos
2484 4122 2718 4184 fructus,
2762 4120 2897 4173 hinc
2937 4119 3109 4174 rediit

1826 4191 1896 4244 ad
1994 4191 2251 4245 eclesiam
2298 4209 2347 4243 a.
2376 4196 2546 4248 1550:
2593 4208 2707 4245 non
2753 4195 2946 4244 tamen
2991 4209 3106 4245 am·

1827 4263 1980 4336 plius
2007 4265 2258 4316 exercuit
2284 4281 2352 4316 ss.
2395 4262 2640 4327 ordineS,
2681 4262 2777 4315 sed
2814 4267 3106 4317 annuente

1827 4337 2076 4404 Uampeg
2123 4334 2131 4342 '
2165 4335 2314 4389 card.
2343 4334 2522 4386 vitam
2562 4334 2723 4402 degit
2748 4334 2972 4389 laicam.
3021 4333 3106 4390 Of.

1825 4406 2022 4459 Hefele
2116 4406 2176 4459 L.
2219 4407 2286 4470 ll,
2327 4409 2462 4464 835:
2503 4404 2674 4458 Raess
2715 4407 2754 4469 I,
2781 4411 2868 4462 59.
2919 4409 3106 4459 Antea

1825 4477 2021 4531 floruit
2075 4477 2498 4530 Brocardus
2546 4476 2856 4540 ,Billick
2920 4476 3107 4531 dictus

1827 4549 2098 4618 Lapicida
2119 4549 2180 4608 Ο,
2201 4548 2382 4603 Casm.
2410 4547 2765 4610 coloniensis,
2784 4546 3105 4617 theologiae

1824 4621 2021 4674 multis
2072 4621 2238 4674 annis
2289 4621 2571 4689 professor
2623 4623 2679 4672 et
2718 4619 2876 4673 verbi
2921 4619 3110 4673 divini

1825 4708 2027 4760 praeco
2054 4710 2157 4763 per
2182 4691 2582 4745 Alemanniam
2610 4691 2970 4755 clarissimus,
3015 4708 3106 4746 cu·

1814 4766 1913 4832 jus
1940 4780 2112 4833 opera
2139 4781 2300 4818 mscr.
2327 4765 2581 4818 recenset
2607 4762 2930 4817 Hartzheim
2945 4768 3116 4832 p.42-

485 4832 911 4903 commentaria,
936 4827 1209 4886 Coloniae
1240 4836 1422 4889 1567.
1442 4844 1592 4901 quae
1608 4827 1764 4885 mul-
1823 4835 1977 4891 Obiit
2004 4841 2159 4895 1527.
