3475 5364
320 386 346 435 1
372 384 481 435 161
895 364 1148 421 Historia
1170 363 1443 421 literaria.
1472 363 1617 436 Epp,
1644 363 1985 429 Dor-landus,
2013 364 2377 419 Trithemius.
2773 386 2793 436 1
2819 385 2840 436 1
2866 383 2946 437 62

313 553 379 610 in
411 552 482 621 f.;
531 551 683 610 Vida
728 552 798 609 de
826 570 996 610 soror
1024 551 1230 610 Juana
1269 552 1339 609 de
1374 550 1603 610 Orbieto
1658 570 1749 609 ne
1769 568 1797 608 s
1847 550 1921 609 de
1951 551 2344 628 Heidenberg,
2378 571 2412 609 a
2444 551 2568 610 loco
2601 552 2786 610 natali
2820 552 2947 611 Tri-

310 641 438 717 yde
455 641 1033 715 sororMargaritade
1046 641 1289 700 Castillo
1303 640 1601 709 O.Praed.,
1660 639 1926 698 tenheim
1957 639 2237 699 dioecesis
2271 640 2615 699 trevirensis
2646 640 2946 701 Trithe·

317 728 586 788 Medinae
607 728 807 805 Campi
845 739 1006 793 1569
1042 729 1162 789 inf.
1191 731 1600 788 —Ambro·
1659 729 1859 787 mius
1923 731 2388 805 cognominatus
2450 733 2619 788 ortus
2679 741 2727 793 1.
2779 730 2946 790 Febr.

316 819 535 877 sinus
581 819 652 877 de
699 818 842 877 Son
863 819 1034 878 cino
1082 819 1145 878 Ο.
1180 818 1385 878 Praed.
1419 819 1605 877 laicus
1670 827 1853 881 1462.
1917 818 2091 877 Patre
2151 837 2285 877 mox
2349 819 2594 877 orbatus
2641 839 2675 877 a
2735 819 2946 880 vitrico

312 926 653 978 conversuS,
703 908 967 983 optimus
1010 908 1337 967 vitrearum
1368 909 1604 967 concin-
1661 907 1978 966 durissime
2009 908 2128 966 fuit
2160 908 2465 979 educatus,
2517 926 2770 984 cumque
2804 910 2946 968 atti-

317 1002 491 1055 nator
510 998 662 1056 eain
690 1000 817 1055 arte
837 1016 980 1056 usus
1000 997 1286 1073 magistro
1304 997 1361 1055 b.
1383 997 1422 1056 J
1426 998 1604 1057 acobo
1659 998 1847 1073 gisset
1877 1016 1925 1054 a.
1959 997 2173 1056 aetatis
2215 1008 2309 1060 15.
2357 997 2564 1057 invitis
2596 998 2948 1073 parentibus

318 1087 605 1146 Alemano
658 1082 719 1168 (†
760 1097 856 1149 11.
890 1087 1014 1146 Oct.
1057 1081 1267 1166 1491),
1317 1105 1391 1145 ne
1424 1087 1605 1161 hujus
1661 1090 1722 1145 et
1737 1086 2009 1162 cognatis
2029 1086 2236 1145 literas
2255 1086 2476 1145 furtive
2495 1086 2718 1145 discere
2734 1087 2946 1163 coepit,

318 1176 590 1246 virtuteS,
643 1195 895 1251 quarum
945 1176 1070 1251 ipse
1118 1176 1182 1234 in
1227 1175 1435 1250 primis
1467 1194 1603 1236 con·
1662 1180 1723 1233 et
1755 1178 1981 1251 quanto
2014 1176 2293 1250 pluribus
2343 1175 2590 1251 objectis
2638 1176 2948 1252 premeba-

318 1265 475 1323 scius
509 1269 655 1335 erat,
706 1266 988 1324 memoria
1038 1264 1432 1335 elaberentur,
1466 1284 1603 1341 gra·
1660 1269 1766 1323 tur
1798 1264 2110 1340 angustiis,
2145 1268 2316 1324 tanto
2365 1264 2712 1324 ferventiori
2744 1265 2947 1325 litera-

314 1354 596 1413 titudinis
646 1373 787 1430 ergo
839 1354 1076 1430 scripsit
1137 1354 1343 1430 lingua
1405 1354 1608 1413 italica
1661 1373 1796 1412 rum
1856 1353 2270 1412 discendarum
2321 1354 2520 1413 studio
2570 1354 2946 1417 efferebatur.

317 1442 413 1501 La
446 1446 561 1501 vita
606 1445 695 1502 del
738 1444 787 1502 b.
822 1444 1095 1502 Giacomo
1126 1442 1511 1502 d’Alamam'a
1541 1444 1605 1501 in
1660 1442 1849 1502 Nocte
1902 1443 2191 1501 concubia
2241 1443 2451 1519 sopitis
2500 1443 2774 1502 omnibus
2824 1462 2950 1503 sese

319 1533 484 1591 Actis
533 1532 628 1591 SS.
686 1543 780 1594 11.
830 1534 954 1591 Oct.
1001 1531 1067 1603 V,
1122 1540 1485 1596 793-803,
1518 1565 1604 1576 -
1661 1531 1837 1591 domo
1859 1533 2195 1591 clanculum
2229 1533 2556 1607 surripiens
2591 1534 2661 1591 ad
2685 1532 2948 1593 vicinum

316 1622 357 1679 S
373 1640 404 1679 e
419 1623 458 1679 b
478 1642 511 1680 a
528 1639 556 1680 s
573 1625 600 1680 t
617 1622 635 1679 i
654 1642 743 1680 an
759 1641 802 1680 u
818 1641 844 1680 s
878 1622 914 1680 S
930 1639 961 1679 e
977 1622 1091 1680 ric
1106 1640 1140 1680 o
1174 1621 1604 1681 Saludeciensis
1660 1621 1955 1696 quendam
1978 1621 2232 1679 amicum
2252 1622 2613 1697 elegantiore
2633 1622 2951 1681 literatura

315 1731 389 1770 ex
442 1730 582 1788 agro
634 1711 977 1770 ariminensi
1031 1711 1269 1786 scripsit
1328 1712 1502 1769 vitam
1555 1711 1603 1768 b.
1660 1710 1961 1769 imbutum
1976 1710 2202 1787 digredi
2223 1710 2432 1787 coepit,
2466 1710 2539 1770 ab
2557 1730 2741 1786 eoque
2757 1712 2951 1786 prima

319 1802 527 1861 Amati
576 1800 1012 1859 Saludeciensis
1066 1797 1126 1881 (†
1184 1795 1399 1881 1200),
1452 1818 1605 1875 quae
1661 1798 2009 1858 catechismi
2040 1803 2101 1857 et
2131 1799 2465 1858 trivialium
2496 1800 2950 1859 institutionum

318 1892 551 1965 prostat
582 1889 648 1947 in
680 1889 844 1947 Actis
878 1889 971 1948 SS.
1010 1897 1063 1950 8.
1088 1890 1223 1964 Maj.
1258 1889 1302 1958 Ι,
1342 1898 1602 1953 348-54.
1661 1888 2002 1947 rudimenta
2035 1888 2258 1947 didicit.
2292 1889 2541 1965 Majores
2563 1892 2688 1963 jam
2721 1889 2947 1949 studio-

1662 1998 1796 2036 rum
1839 1996 2189 2054 progressus
2220 1978 2361 2038 fec't
2382 1978 2656 2049 Treviris,
2679 1979 2948 2037 Coloniae

415 2078 556 2131 550.
593 2068 674 2125 De
694 2068 939 2125 histor-ia
958 2067 1225 2126 literaria
1256 2070 1606 2126 meruerunt
1661 2071 1721 2126 et
1752 2067 2200 2143 Heidelbergae,
2248 2068 2350 2125 ubi
2385 2066 2650 2144 linguam
2677 2086 2949 2144 graecam

318 2157 609 2233 Georgius
642 2156 797 2232 Epp
831 2155 897 2214 Ο.
928 2156 1130 2216 Praed.
1170 2156 1602 2231 wimpinensis,
1662 2160 1723 2214 et
1786 2156 2122 2214 hebraicam
2171 2156 2380 2216 didicit
2429 2157 2683 2233 optimos
2733 2161 2948 2216 nactus

318 2247 492 2321 cujus
536 2246 576 2302 l.
625 2246 694 2303 de
736 2245 1056 2304 illustribus
1098 2247 1242 2303 viris
1285 2264 1352 2304 ac
1387 2246 1604 2304 sancti-
1659 2246 1993 2321 magistros,
2042 2245 2198 2304 inter
2247 2263 2397 2322 quos
2446 2246 2840 2305 Reuchlinum
2889 2250 2950 2305 et

316 2334 653 2393 monalibus
685 2352 728 2392 s.
764 2333 827 2391 Ο.
848 2333 1054 2393 Praed.
1088 2334 1313 2427 prodiit
1333 2334 1605 2393 Basileae
1662 2334 2176 2411 Wimphelingam.
2209 2334 2248 2393 J
2253 2335 2462 2394 uvenis
2495 2355 2545 2393 a.
2570 2344 2649 2398 20
2682 2354 2802 2393 non
2823 2336 2949 2393 sine

328 2433 516 2487 1506.
565 2457 653 2466 —
713 2423 995 2482 Petrus
1046 2424 1488 2482 Dorlandus
1540 2424 1603 2483 Ο.
1662 2424 1769 2481 Dei
1822 2426 1978 2482 nutu
2029 2423 2332 2499 ingressus
2384 2428 2474 2481 est
2498 2424 2951 2483 monasterium

317 2513 474 2575 Cart.
487 2511 883 2571 Diestensisin
896 2513 1203 2571 Carthusia
1219 2513 1602 2571 zeelbemensi
1663 2512 2117 2588 spanheimense
2152 2507 2526 2593 (Sponheim)
2561 2513 2715 2571 OSB.
2749 2532 2947 2590 congr.

320 2602 485 2676 prior
517 2596 600 2684 (n.
643 2611 843 2671 14543
876 2599 912 2670 †
947 2611 1047 2672 25,
1081 2603 1234 2679 Aug.
1267 2598 1477 2681 1507),
1499 2602 1603 2677 qui
1662 2601 2110 2660 bursfeldiensis
2171 2597 2414 2682 (1482).
2480 2603 2693 2660 Omnes
2755 2602 2948 2671 horaS,

318 2691 702 2751 concinnavit
738 2691 1059 2752 Chronicon
1091 2693 1499 2766 carthusiense,
1525 2692 1605 2750 si·
1662 2710 1810 2767 quas
1887 2692 1959 2749 de
2036 2692 2528 2767 occupationibus
2604 2693 2950 2751 monasticis

321 2799 651 2840 vecoronae
667 2781 739 2839 de
755 2780 900 2839 viris
918 2782 1038 2839 ord.
1052 2782 1244 2841 Carth.
1262 2780 1605 2840 illustribus
1663 2781 1760 2839 vel
1792 2780 1866 2839 de
1898 2799 2101 2840 somno
2152 2785 2212 2839 et
2262 2781 2463 2856 quiete
2514 2781 2794 2840 suffurari
2843 2800 2948 2857 po-

320 2870 383 2928 ll.
414 2880 465 2936 7,
490 2870 764 2929 Coloniae
794 2877 956 2933 1608
983 2870 1175 2929 Petrei
1208 2870 1604 2930 annotationi-
1662 2872 1840 2940 terat,
1906 2869 2261 2929 lectionibus
2311 2874 2373 2929 et
2418 2870 2634 2929 studiis
2681 2870 2948 2946 Scriptu-

323 2959 435 3017 bus
467 2959 854 3028 illustratum,
888 2960 1132 3018 Tornaci
1176 2970 1371 3028 1644ς
1405 2961 1521 3018 vita
1541 2978 1608 3018 ae
1662 2978 1865 3017 rarum
1896 2978 2027 3018 cum
2060 2959 2315 3018 maximo
2356 2960 2585 3018 fervore
2617 2960 2947 3035 deputavit,

322 3067 415 3106 res
454 3056 642 3125 qestae
687 3048 736 3105 b.
782 3049 994 3107 Annae
1037 3049 1093 3107 ll.
1142 3052 1203 3122 5,
1250 3049 1607 3125 Antverpiae
1662 3049 1750 3106 ita
1782 3052 1853 3107 ut
1897 3047 2070 3106 illum
2114 3047 2270 3106 diem
2314 3048 2575 3124 turpiter
2625 3048 2951 3124 perdidisse

338 3147 531 3205 16173
565 3137 837 3213 dialogus
867 3138 936 3195 de
967 3155 1136 3210 opere
1156 3140 1376 3196 amoris
1395 3145 1444 3195 et
1460 3156 1608 3211 pas·
1664 3136 1947 3207 crederet,
1981 3138 2048 3213 in
2080 3154 2197 3212 quo
2244 3156 2360 3196 non
2406 3137 2557 3196 utile
2605 3137 2832 3212 aliquid
2864 3139 2950 3196 le-

321 3228 481 3283 sione
516 3225 750 3302 Christi,
788 3224 1030 3285 Lovanii
1060 3236 1258 3296 15163
1291 3228 1360 3284 de
1391 3228 1610 3285 enormi
1665 3225 1857 3302 gendo
1890 3245 1958 3285 ex
1989 3226 2160 3284 libris
2193 3226 2414 3286 sanctis
2456 3226 2775 3286 didicisset.
2840 3227 2952 3285 Sed

319 3316 702 3389 proprietatis
732 3317 1140 3374 monachorum
1173 3317 1307 3374 vitio
1336 3315 1609 3391 dialogus
1667 3335 1741 3374 en
1770 3315 1976 3390 paucis
2008 3316 2312 3374 mensibus
2342 3319 2479 3391 post
2511 3316 2785 3374 emissam
2815 3334 2951 3391 pro·

326 3403 717 3473 cultissimus,
751 3403 993 3463 Lovanii
1040 3414 1236 3470 16133
1286 3405 1354 3462 de
1402 3405 1609 3462 nativi-
1667 3405 1977 3463 sessionem
2010 3404 2275 3463 nondum
2306 3404 2575 3463 sacerdos
2627 3404 2811 3464 abbas
2843 3405 2949 3462 eli·

326 3498 458 3568 tate,
493 3492 873 3551 conversione
922 3497 983 3551 et
1032 3492 1157 3552 vita
1186 3493 1610 3557 invictissimae
1665 3493 1835 3569 gitur
1884 3494 1977 3551 sui
2028 3493 2376 3552 monasterii
2429 3489 2672 3572 (1483).
2753 3493 2951 3551 Abbas

327 3581 402 3639 M.
423 3581 490 3640 V.
518 3581 892 3652 Katherinae,
928 3582 1176 3641 Lovanii
1205 3592 1404 3651 1513;
1452 3581 1612 3640 Viola
1667 3582 1859 3641 factus
1879 3601 2050 3642 omne
2069 3586 2322 3657 tempus.
2340 3582 2498 3658 quod
2525 3582 2640 3658 ipsi
2670 3602 2704 3639 a
2733 3582 2949 3640 sollici-

325 3673 559 3729 am'mae
620 3690 726 3745 per
773 3670 1015 3729 modum
1064 3671 1282 3748 dialogi
1334 3675 1611 3731 constans
1667 3671 1878 3730 tudine
1911 3677 1970 3729 et
2002 3690 2146 3730 cura
2178 3672 2262 3729 rei
2295 3671 2604 3730 familiaris
2624 3675 2949 3747 supererat,

327 3759 578 3836 dialogis
611 3759 736 3828 VII,
772 3778 1024 3835 quorum
1056 3779 1155 3818 sex
1184 3760 1484 3820 breviores
1508 3759 1612 3818 ab·
1668 3780 1777 3835 pro
1837 3779 1997 3819 more
2060 3760 2274 3818 studiis
2336 3760 2730 3835 impendebat.
2793 3759 2948 3829 Qua-

327 3848 580 3907 breviati
644 3853 788 3908 sunt
849 3868 916 3907 ex
991 3849 1291 3926 theologia
1349 3848 1613 3909 naturali
1669 3852 1913 3925 propter
1941 3849 2316 3925 quorundam
2363 3849 2658 3908 sodalium
2697 3849 2953 3908 incurrit

328 3937 527 4013 Raym.
609 3937 866 3999 Sabun
887 3939 978 4009 di,
1057 3939 1330 3999 Coloniae
1414 3948 1610 4003 1499ς
1671 3938 2125 3997 detrectationes
2166 3941 2227 3997 et
2254 3939 2771 4008 murmurationes,
2805 3957 2954 4014 quas

326 4027 520 4085 Toleti
562 4037 754 4096 15063
790 4028 1152 4104 Antverpiae
1181 4037 1345 4092 1533
1370 4050 1383 4099 ;
1414 4037 1611 4096 15433
1671 4028 1849 4086 surda
1866 4047 2008 4086 aure
2027 4028 2330 4096 transivit,
2348 4046 2541 4103 neque
2562 4028 2720 4086 enim
2733 4046 2953 4086 munus

329 4115 608 4189 Lugduni
649 4125 849 4185 1568;
901 4117 1173 4176 Coloniae
1214 4126 1379 4180 1700
1414 4118 1479 4175 in
1519 4124 1612 4178 12.
1670 4135 1846 4175 suum
1881 4117 2159 4193 neglexit,
2196 4115 2298 4175 sed
2327 4117 2573 4192 regendi
2605 4116 2955 4175 dexteritate

330 4205 546 4263 omisso
561 4205 795 4280 dialogo
811 4206 1080 4282 septimo.
1114 4207 1247 4264 Alia
1269 4209 1615 4265 manserunt
1670 4205 1890 4263 bonum
1926 4225 2065 4264 suae
2099 4205 2374 4265 abbatiae
2404 4225 2524 4264 non
2556 4207 2744 4264 solum
2780 4207 2953 4281 spiri-

330 4293 561 4352 inedita
577 4291 642 4364 ¹),
675 4297 747 4351 ut
778 4295 1090 4354 chronicon
1128 4296 1461 4355 carthusiae
1493 4296 1613 4354 leo·
1672 4295 1839 4353 tuale
1873 4294 1973 4353 sed
2005 4299 2066 4352 et
2097 4295 2423 4370 temporale
2454 4294 2783 4370 plurimum
2814 4314 2952 4370 pro·

329 4380 554 4440 diensis
587 4383 660 4440 ab
692 4403 739 4439 a.
782 4393 963 4445 1486.
1164 4445 1165 4448 ,
1670 4384 1876 4452 movit,
1945 4383 2060 4442 imo
2125 4386 2185 4442 et
2245 4384 2319 4442 ad
2367 4403 2639 4460 magnam
2688 4384 2955 4459 provexit

1672 4472 1945 4549 gloriam,
2008 4492 2145 4531 nam
2206 4491 2340 4531 cum
2388 4477 2563 4531 antea
2612 4473 2955 4531 monasterii

427 4570 569 4622 551.
603 4559 806 4618 Finem
838 4560 1107 4637 imponat
1157 4562 1248 4619 vir
1279 4561 1616 4620 eruditione
1673 4561 2136 4636 spanheimensis
2168 4580 2384 4620 nomen
2429 4562 2525 4620 vix
2575 4562 2953 4630 innotuisset,

331 4649 684 4724 scriptisque
716 4649 892 4724 plane
913 4650 1360 4709 illustrissimus
1391 4650 1429 4708 J
1447 4670 1609 4709 oan·
1673 4651 1982 4709 Trithemii
2032 4669 2215 4727 opera
2264 4650 2487 4709 sactum
2535 4654 2624 4709 est
2671 4670 2777 4726 per
2822 4652 2954 4709 uni·

1673 4759 1900 4798 versam
1919 4739 2558 4798 Germaniamillustre.
2589 4740 2774 4798 Auxit
2806 4739 2952 4798 illud

415 4858 449 4914 r,
479 4856 560 4913 Cf,
589 4852 884 4908 Fabricius
925 4856 965 4919 1,
1007 4860 1142 4914 475,
1184 4854 1374 4924 Biogr.
1404 4860 1521 4909 nat·
1549 4856 1617 4909 de
1673 4829 2043 4887 bibliothoca
2075 4829 2243 4886 libris
2264 4829 2438 4887 editis
2460 4832 2521 4887 et
2538 4828 2957 4904 manuscriptis

337 4915 492 4996 Belg.
526 4926 565 4977 V
576 4926 613 4990 1,
644 4930 763 4982 131.
1673 4919 1849 4994 plane
1882 4917 2228 4993 praedivite,
2273 4937 2420 4992 quos
2465 4917 2730 4992 undique
2763 4918 2955 4994 sagaci
