<?xml version="1.0" encoding="UTF-8"?>
<!DOCTYPE html PUBLIC "-//W3C//DTD XHTML 1.0 Transitional//EN"
    "http://www.w3.org/TR/xhtml1/DTD/xhtml1-transitional.dtd">
<html xmlns="http://www.w3.org/1999/xhtml" xml:lang="en" lang="en">
 <head>
  <title>
</title>
<meta http-equiv="Content-Type" content="text/html;charset=utf-8" />
  <meta name='ocr-system' content='tesseract 3.04.00' />
  <meta name='ocr-capabilities' content='ocr_page ocr_carea ocr_par ocr_line ocrx_word'/>
</head>
<body>
  <div class='ocr_page' id='page_1' title='image "./nomenclatorlite10hurtgoog_0590.png"; bbox 0 0 3475 5364; ppageno 0'>
   <div class='ocr_carea' id='block_1_1' title="bbox 483 330 635 383">
    <p class='ocr_par' dir='ltr' id='par_1_1' title="bbox 483 330 635 383">
     <span class='ocr_line' id='line_1_1' title="bbox 483 330 635 383; baseline 0 -2"><span class='ocrx_word' id='word_1_1' title='bbox 483 330 635 383; x_wconf 74' lang='lat'>1071</span> 
     </span>
    </p>
   </div>
   <div class='ocr_carea' id='block_1_2' title="bbox 473 498 1755 576">
    <p class='ocr_par' dir='ltr' id='par_1_2' title="bbox 473 498 1755 576">
     <span class='ocr_line' id='line_1_2' title="bbox 473 498 1755 576; baseline -0.001 -19"><span class='ocrx_word' id='word_1_2' title='bbox 473 498 838 576; x_wconf 86' lang='lat' dir='ltr'><strong>Argentinae</strong></span> <span class='ocrx_word' id='word_1_3' title='bbox 878 509 902 558; x_wconf 99' lang='grc'><strong>1</strong></span> <span class='ocrx_word' id='word_1_4' title='bbox 921 508 1033 561; x_wconf 87' lang='grc'><strong>511</strong></span> <span class='ocrx_word' id='word_1_5' title='bbox 1093 516 1227 557; x_wconf 89' lang='lat' dir='ltr'><strong>cum</strong></span> <span class='ocrx_word' id='word_1_6' title='bbox 1273 498 1534 573; x_wconf 88' lang='lat' dir='ltr'><strong>ejusdem</strong></span> <span class='ocrx_word' id='word_1_7' title='bbox 1581 502 1652 555; x_wconf 92' lang='lat' dir='ltr'><strong>tr.</strong></span> <span class='ocrx_word' id='word_1_8' title='bbox 1685 498 1755 556; x_wconf 83' lang='lat' dir='ltr'><strong>de</strong></span> 
     </span>
    </p>
   </div>
   <div class='ocr_carea' id='block_1_3' title="bbox 895 308 2666 373">
    <p class='ocr_par' dir='ltr' id='par_1_3' title="bbox 895 308 2666 373">
     <span class='ocr_line' id='line_1_3' title="bbox 895 308 2666 373; baseline -0.004 -4"><span class='ocrx_word' id='word_1_9' title='bbox 895 316 1264 369; x_wconf 78' lang='lat'>1476—1500.</span> <span class='ocrx_word' id='word_1_10' title='bbox 1288 313 1389 365; x_wconf 81' lang='lat' dir='ltr'><strong>Jus</strong></span> <span class='ocrx_word' id='word_1_11' title='bbox 1417 328 1540 366; x_wconf 84' lang='lat' dir='ltr'><strong>can.</strong></span> <span class='ocrx_word' id='word_1_12' title='bbox 1567 314 1625 366; x_wconf 90' lang='lat' dir='ltr'><strong>et</strong></span> <span class='ocrx_word' id='word_1_13' title='bbox 1650 310 1819 363; x_wconf 86' lang='lat' dir='ltr'><strong>theol.</strong></span> <span class='ocrx_word' id='word_1_14' title='bbox 1848 309 2095 364; x_wconf 86' lang='lat' dir='ltr'><strong>moralis.</strong></span> <span class='ocrx_word' id='word_1_15' title='bbox 2120 309 2299 373; x_wconf 78' lang='lat' dir='ltr'><strong>Baete,</strong></span> <span class='ocrx_word' id='word_1_16' title='bbox 2330 308 2536 364; x_wconf 83' lang='lat' dir='ltr'><strong>Hellen</strong></span> <span class='ocrx_word' id='word_1_17' title='bbox 2562 312 2666 363; x_wconf 85' lang='lat' dir='ltr'><strong>etc.</strong></span> 
     </span>
    </p>
   </div>
   <div class='ocr_carea' id='block_1_4' title="bbox 2922 324 3083 378">
    <p class='ocr_par' dir='ltr' id='par_1_4' title="bbox 2922 324 3083 378">
     <span class='ocr_line' id='line_1_4' title="bbox 2922 324 3083 378; baseline 0 -3"><span class='ocrx_word' id='word_1_18' title='bbox 2922 324 3083 378; x_wconf 75' lang='lat'>1072</span> 
     </span>
    </p>
   </div>
   <div class='ocr_carea' id='block_1_5' title="bbox 1899 495 3085 570">
    <p class='ocr_par' dir='ltr' id='par_1_5' title="bbox 1899 495 3085 570">
     <span class='ocr_line' id='line_1_5' title="bbox 1899 495 3085 570; baseline -0.008 -10"><span class='ocrx_word' id='word_1_19' title='bbox 1899 506 2043 560; x_wconf 87' lang='lat'>514.</span> <span class='ocrx_word' id='word_1_20' title='bbox 2076 497 2212 555; x_wconf 86' lang='lat' dir='ltr'><strong>Jam</strong></span> <span class='ocrx_word' id='word_1_21' title='bbox 2242 499 2615 555; x_wconf 88' lang='lat' dir='ltr'><strong>transeamus</strong></span> <span class='ocrx_word' id='word_1_22' title='bbox 2648 495 2720 553; x_wconf 87' lang='lat' dir='ltr'><strong>ad</strong></span> <span class='ocrx_word' id='word_1_23' title='bbox 2752 496 3085 570; x_wconf 75' lang='lat' dir='ltr'><strong>theoloyiam</strong></span> 
     </span>
    </p>
   </div>
   <div class='ocr_carea' id='block_1_6' title="bbox 472 584 3085 757">
    <p class='ocr_par' dir='ltr' id='par_1_6' title="bbox 472 584 3085 757">
     <span class='ocr_line' id='line_1_6' title="bbox 472 584 3085 664; baseline -0.002 -18"><span class='ocrx_word' id='word_1_24' title='bbox 472 589 962 663; x_wconf 77' lang='lat' dir='ltr'><strong><em>confoederatione</em></strong></span> <span class='ocrx_word' id='word_1_25' title='bbox 973 589 1314 662; x_wconf 76' lang='lat' dir='ltr'><strong>principum</strong></span> <span class='ocrx_word' id='word_1_26' title='bbox 1334 595 1382 645; x_wconf 78' lang='lat' dir='ltr'><strong>et</strong></span> <span class='ocrx_word' id='word_1_27' title='bbox 1400 594 1753 663; x_wconf 77' lang='lat' dir='ltr'><strong>potentatum</strong></span> <span class='ocrx_word' id='word_1_28' title='bbox 1807 588 2096 645; x_wconf 76' lang='lat' dir='ltr'><strong><em>moralem.</em></strong></span> <span class='ocrx_word' id='word_1_29' title='bbox 2118 587 2156 645; x_wconf 88' lang='lat' dir='ltr'><strong>J</strong></span> <span class='ocrx_word' id='word_1_30' title='bbox 2172 606 2206 645; x_wconf 95' lang='lat' dir='ltr'><strong><em>o</em></strong></span> <span class='ocrx_word' id='word_1_31' title='bbox 2222 607 2256 644; x_wconf 91' lang='lat' dir='ltr'><strong>a</strong></span> <span class='ocrx_word' id='word_1_32' title='bbox 2271 604 2311 642; x_wconf 96' lang='lat' dir='ltr'><strong>n</strong></span> <span class='ocrx_word' id='word_1_33' title='bbox 2326 605 2367 643; x_wconf 93' lang='lat' dir='ltr'><strong>n</strong></span> <span class='ocrx_word' id='word_1_34' title='bbox 2382 604 2414 643; x_wconf 89' lang='lat' dir='ltr'><strong>e</strong></span> <span class='ocrx_word' id='word_1_35' title='bbox 2431 604 2458 642; x_wconf 87' lang='lat' dir='ltr'><strong>s</strong></span> <span class='ocrx_word' id='word_1_36' title='bbox 2489 584 2563 642; x_wconf 89' lang='lat' dir='ltr'><strong>de</strong></span> <span class='ocrx_word' id='word_1_37' title='bbox 2593 585 2642 642; x_wconf 91' lang='lat' dir='ltr'>B</span> <span class='ocrx_word' id='word_1_38' title='bbox 2658 604 2690 643; x_wconf 87' lang='lat' dir='ltr'><strong>e</strong></span> <span class='ocrx_word' id='word_1_39' title='bbox 2710 602 2741 642; x_wconf 93' lang='lat' dir='ltr'><strong>e</strong></span> <span class='ocrx_word' id='word_1_40' title='bbox 2758 588 2784 642; x_wconf 89' lang='lat' dir='ltr'><strong>t</strong></span> <span class='ocrx_word' id='word_1_41' title='bbox 2800 602 2828 642; x_wconf 91' lang='lat' dir='ltr'><strong>s</strong></span> <span class='ocrx_word' id='word_1_42' title='bbox 2864 585 3085 664; x_wconf 58' lang='lat' dir='ltr'><strong>(Beata,</strong></span> 
     </span>
     <span class='ocr_line' id='line_1_7' title="bbox 472 671 3084 757; baseline -0.002 -22"><span class='ocrx_word' id='word_1_43' title='bbox 472 678 559 735; x_wconf 90' lang='lat' dir='ltr'><strong>ed.</strong></span> <span class='ocrx_word' id='word_1_44' title='bbox 594 696 728 735; x_wconf 85' lang='lat' dir='ltr'><strong>rara</strong></span> <span class='ocrx_word' id='word_1_45' title='bbox 762 674 861 757; x_wconf 90' lang='lat' dir='ltr'><strong>(m.</strong></span> <span class='ocrx_word' id='word_1_46' title='bbox 905 673 1082 756; x_wconf 82' lang='grc'><strong>120);</strong></span> <span class='ocrx_word' id='word_1_47' title='bbox 1115 676 1360 735; x_wconf 87' lang='lat' dir='ltr'><strong>Parisiis</strong></span> <span class='ocrx_word' id='word_1_48' title='bbox 1403 686 1515 739; x_wconf 88' lang='lat'><strong>151</strong></span> <span class='ocrx_word' id='word_1_49' title='bbox 1532 686 1566 739; x_wconf 88' lang='lat'><strong>3</strong></span> <span class='ocrx_word' id='word_1_50' title='bbox 1602 677 1665 734; x_wconf 88' lang='lat' dir='ltr'><strong>in</strong></span> <span class='ocrx_word' id='word_1_51' title='bbox 1696 685 1751 740; x_wconf 91' lang='lat'><strong>8.</strong></span> <span class='ocrx_word' id='word_1_52' title='bbox 1807 677 2028 743; x_wconf 88' lang='lat' dir='ltr'><strong>Beithz,</strong></span> <span class='ocrx_word' id='word_1_53' title='bbox 2077 671 2268 755; x_wconf 87' lang='lat' dir='ltr'><strong>Beriz)</strong></span> <span class='ocrx_word' id='word_1_54' title='bbox 2321 674 2385 732; x_wconf 92' lang='grc' dir='ltr'><strong>Ο.</strong></span> <span class='ocrx_word' id='word_1_55' title='bbox 2433 675 2618 733; x_wconf 87' lang='lat' dir='ltr'><strong>Carm.</strong></span> <span class='ocrx_word' id='word_1_56' title='bbox 2663 673 3084 739; x_wconf 86' lang='lat' dir='ltr'><strong>Brabantinus‚</strong></span> 
     </span>
    </p>
   </div>
   <div class='ocr_carea' id='block_1_7' title="bbox 466 763 1751 2268">
    <p class='ocr_par' dir='ltr' id='par_1_7' title="bbox 466 763 1751 2268">
     <span class='ocr_line' id='line_1_8' title="bbox 471 763 1749 842; baseline -0.001 -18"><span class='ocrx_word' id='word_1_57' title='bbox 471 767 558 824; x_wconf 90' lang='lat' dir='ltr'><strong>ed.</strong></span> <span class='ocrx_word' id='word_1_58' title='bbox 594 766 634 824; x_wconf 85' lang='lat' dir='ltr'><strong>J</strong></span> <span class='ocrx_word' id='word_1_59' title='bbox 637 784 687 824; x_wconf 90' lang='lat'><strong>0.</strong></span> <span class='ocrx_word' id='word_1_60' title='bbox 722 767 909 835; x_wconf 87' lang='lat' dir='ltr'><strong>Petit;</strong></span> <span class='ocrx_word' id='word_1_61' title='bbox 956 767 1024 823; x_wconf 84' lang='lat' dir='ltr'><strong>de</strong></span> <span class='ocrx_word' id='word_1_62' title='bbox 1069 767 1437 824; x_wconf 73' lang='lat' dir='ltr'><strong>matrimonio</strong></span> <span class='ocrx_word' id='word_1_63' title='bbox 1485 772 1536 824; x_wconf 78' lang='lat' dir='ltr'><strong>et</strong></span> <span class='ocrx_word' id='word_1_64' title='bbox 1566 763 1749 842; x_wconf 55' lang='grc' dir='ltr'><strong>18ρίιί-</strong></span> 
     </span>
     <span class='ocr_line' id='line_1_9' title="bbox 474 855 1750 931; baseline -0.001 -18"><span class='ocrx_word' id='word_1_65' title='bbox 474 857 720 914; x_wconf 80' lang='lat' dir='ltr'><strong>matione</strong></span> <span class='ocrx_word' id='word_1_66' title='bbox 753 859 879 925; x_wconf 89' lang='lat' dir='ltr'><strong>etc.‚</strong></span> <span class='ocrx_word' id='word_1_67' title='bbox 915 872 957 911; x_wconf 79' lang='lat' dir='ltr'><strong>a.</strong></span> <span class='ocrx_word' id='word_1_68' title='bbox 993 855 1049 923; x_wconf 90' lang='lat' dir='ltr'><strong>l.,</strong></span> <span class='ocrx_word' id='word_1_69' title='bbox 1086 875 1134 913; x_wconf 89' lang='lat' dir='ltr'><strong>a.</strong></span> <span class='ocrx_word' id='word_1_70' title='bbox 1158 858 1219 913; x_wconf 89' lang='lat' dir='ltr'><strong>et</strong></span> <span class='ocrx_word' id='word_1_71' title='bbox 1237 858 1471 931; x_wconf 83' lang='lat' dir='ltr'><strong>typogr.</strong></span> <span class='ocrx_word' id='word_1_72' title='bbox 1492 856 1750 924; x_wconf 88' lang='lat' dir='ltr'><strong>nomine;</strong></span> 
     </span>
     <span class='ocr_line' id='line_1_10' title="bbox 471 943 1749 1018; baseline -0.001 -17"><span class='ocrx_word' id='word_1_73' title='bbox 471 946 628 1003; x_wconf 88' lang='lat' dir='ltr'><strong>inter</strong></span> <span class='ocrx_word' id='word_1_74' title='bbox 658 948 830 1006; x_wconf 88' lang='lat' dir='ltr'><strong>tract.</strong></span> <span class='ocrx_word' id='word_1_75' title='bbox 856 946 899 1018; x_wconf 82' lang='lat' dir='ltr'><strong>j.</strong></span> <span class='ocrx_word' id='word_1_76' title='bbox 933 944 1096 1003; x_wconf 84' lang='lat' dir='ltr'><strong>univ.</strong></span> <span class='ocrx_word' id='word_1_77' title='bbox 1129 943 1225 1013; x_wconf 85' lang='lat' dir='ltr'><strong>IX,</strong></span> <span class='ocrx_word' id='word_1_78' title='bbox 1264 954 1341 1005; x_wconf 82' lang='lat'><strong>39</strong></span> <span class='ocrx_word' id='word_1_79' title='bbox 1367 947 1474 1002; x_wconf 82' lang='lat' dir='ltr'><strong>etc.</strong></span> <span class='ocrx_word' id='word_1_80' title='bbox 1511 977 1597 988; x_wconf 90' lang='lat'><strong>—-</strong></span> <span class='ocrx_word' id='word_1_81' title='bbox 1618 944 1749 1000; x_wconf 87' lang='lat' dir='ltr'><strong>He-</strong></span> 
     </span>
     <span class='ocr_line' id='line_1_11' title="bbox 471 1033 1751 1110; baseline 0 -19"><span class='ocrx_word' id='word_1_82' title='bbox 471 1034 615 1092; x_wconf 85' lang='lat' dir='ltr'><strong>lias</strong></span> <span class='ocrx_word' id='word_1_83' title='bbox 662 1033 711 1091; x_wconf 90' lang='lat' dir='ltr'><strong>R</strong></span> <span class='ocrx_word' id='word_1_84' title='bbox 725 1052 757 1091; x_wconf 90' lang='lat' dir='ltr'><strong>e</strong></span> <span class='ocrx_word' id='word_1_85' title='bbox 771 1053 812 1110; x_wconf 88' lang='lat' dir='ltr'><strong>g</strong></span> <span class='ocrx_word' id='word_1_86' title='bbox 827 1033 903 1091; x_wconf 91' lang='lat' dir='ltr'><strong>ni</strong></span> <span class='ocrx_word' id='word_1_87' title='bbox 919 1052 950 1091; x_wconf 91' lang='lat' dir='ltr'><strong>e</strong></span> <span class='ocrx_word' id='word_1_88' title='bbox 965 1052 996 1090; x_wconf 83' lang='grc' dir='ltr'>ι·</span> <span class='ocrx_word' id='word_1_89' title='bbox 1033 1033 1187 1107; x_wconf 86' lang='lat' dir='ltr'><strong>juris</strong></span> <span class='ocrx_word' id='word_1_90' title='bbox 1234 1034 1533 1108; x_wconf 84' lang='lat' dir='ltr'><strong><em>professor</em></strong></span> <span class='ocrx_word' id='word_1_91' title='bbox 1566 1033 1751 1108; x_wconf 82' lang='lat' dir='ltr'><strong>picta-</strong></span> 
     </span>
     <span class='ocr_line' id='line_1_12' title="bbox 468 1122 1749 1199; baseline -0.002 -18"><span class='ocrx_word' id='word_1_92' title='bbox 468 1124 715 1194; x_wconf 84' lang='lat' dir='ltr'><strong>viensis,</strong></span> <span class='ocrx_word' id='word_1_93' title='bbox 747 1124 916 1197; x_wconf 86' lang='lat' dir='ltr'><strong>cujus</strong></span> <span class='ocrx_word' id='word_1_94' title='bbox 956 1141 1126 1180; x_wconf 70' lang='lat' dir='ltr'><strong>casus</strong></span> <span class='ocrx_word' id='word_1_95' title='bbox 1156 1124 1310 1199; x_wconf 75' lang='lat' dir='ltr'><strong>lonyi</strong></span> <span class='ocrx_word' id='word_1_96' title='bbox 1342 1122 1502 1180; x_wconf 85' lang='lat' dir='ltr'><strong>Sexti</strong></span> <span class='ocrx_word' id='word_1_97' title='bbox 1536 1125 1597 1179; x_wconf 88' lang='lat' dir='ltr'><strong>et</strong></span> <span class='ocrx_word' id='word_1_98' title='bbox 1627 1122 1749 1180; x_wconf 88' lang='lat' dir='ltr'><strong>Cle·</strong></span> 
     </span>
     <span class='ocr_line' id='line_1_13' title="bbox 469 1211 1750 1286; baseline -0.001 -16"><span class='ocrx_word' id='word_1_99' title='bbox 469 1212 872 1271; x_wconf 90' lang='lat' dir='ltr'><strong>mentinarum</strong></span> <span class='ocrx_word' id='word_1_100' title='bbox 901 1211 1138 1286; x_wconf 88' lang='lat' dir='ltr'><strong>saepius</strong></span> <span class='ocrx_word' id='word_1_101' title='bbox 1165 1211 1533 1286; x_wconf 88' lang='lat' dir='ltr'><strong>prodierunt,</strong></span> <span class='ocrx_word' id='word_1_102' title='bbox 1558 1211 1750 1269; x_wconf 89' lang='lat' dir='ltr'><strong>Picta-</strong></span> 
     </span>
     <span class='ocr_line' id='line_1_14' title="bbox 468 1300 1749 1376; baseline 0 -17"><span class='ocrx_word' id='word_1_103' title='bbox 468 1302 550 1359; x_wconf 85' lang='lat' dir='ltr'><strong>vii</strong></span> <span class='ocrx_word' id='word_1_104' title='bbox 593 1310 786 1369; x_wconf 73' lang='lat'>1483;</span> <span class='ocrx_word' id='word_1_105' title='bbox 825 1300 1188 1376; x_wconf 87' lang='lat' dir='ltr'><strong>Argentinae</strong></span> <span class='ocrx_word' id='word_1_106' title='bbox 1219 1309 1417 1368; x_wconf 76' lang='lat'>14883</span> <span class='ocrx_word' id='word_1_107' title='bbox 1451 1301 1749 1359; x_wconf 76' lang='lat' dir='ltr'><strong>Bononiae</strong></span> 
     </span>
     <span class='ocr_line' id='line_1_15' title="bbox 476 1389 1748 1466; baseline -0.004 -14"><span class='ocrx_word' id='word_1_108' title='bbox 476 1399 640 1454; x_wconf 86' lang='lat'>1489</span> <span class='ocrx_word' id='word_1_109' title='bbox 663 1412 676 1459; x_wconf 78' lang='lat'>3</span> <span class='ocrx_word' id='word_1_110' title='bbox 717 1399 881 1454; x_wconf 81' lang='grc'><strong>1489</strong></span> <span class='ocrx_word' id='word_1_111' title='bbox 917 1394 1025 1448; x_wconf 89' lang='lat' dir='ltr'><strong>etc.</strong></span> <span class='ocrx_word' id='word_1_112' title='bbox 1071 1423 1158 1431; x_wconf 91' lang='lat'><strong>—</strong></span> <span class='ocrx_word' id='word_1_113' title='bbox 1201 1389 1595 1466; x_wconf 86' lang='lat' dir='ltr'><strong>Haringus</strong></span> <span class='ocrx_word' id='word_1_114' title='bbox 1644 1389 1748 1447; x_wconf 89' lang='lat' dir='ltr'><strong>Si·</strong></span> 
     </span>
     <span class='ocr_line' id='line_1_16' title="bbox 467 1475 1748 1559; baseline -0.001 -22"><span class='ocrx_word' id='word_1_115' title='bbox 467 1480 495 1536; x_wconf 84' lang='lat' dir='ltr'>s</span> <span class='ocrx_word' id='word_1_116' title='bbox 505 1500 535 1537; x_wconf 90' lang='lat' dir='ltr'><strong>r</strong></span> <span class='ocrx_word' id='word_1_117' title='bbox 549 1480 570 1537; x_wconf 89' lang='lat' dir='ltr'><strong>i</strong></span> <span class='ocrx_word' id='word_1_118' title='bbox 583 1479 621 1537; x_wconf 90' lang='lat' dir='ltr'><strong>d</strong></span> <span class='ocrx_word' id='word_1_119' title='bbox 638 1500 679 1537; x_wconf 90' lang='lat' dir='ltr'><strong>u</strong></span> <span class='ocrx_word' id='word_1_120' title='bbox 695 1497 722 1537; x_wconf 90' lang='lat' dir='ltr'><strong>s</strong></span> <span class='ocrx_word' id='word_1_121' title='bbox 757 1480 1053 1553; x_wconf 73' lang='lat' dir='ltr'><strong>Synnama</strong></span> <span class='ocrx_word' id='word_1_122' title='bbox 1074 1475 1339 1559; x_wconf 88' lang='lat' dir='ltr'><strong>(Sinama</strong></span> <span class='ocrx_word' id='word_1_123' title='bbox 1358 1476 1514 1558; x_wconf 73' lang='lat' dir='ltr'><strong>etc),</strong></span> <span class='ocrx_word' id='word_1_124' title='bbox 1538 1497 1748 1537; x_wconf 87' lang='lat' dir='ltr'><strong>secun-</strong></span> 
     </span>
     <span class='ocr_line' id='line_1_17' title="bbox 468 1568 1748 1626; baseline -0.001 0"><span class='ocrx_word' id='word_1_125' title='bbox 468 1569 613 1626; x_wconf 88' lang='lat' dir='ltr'><strong>dum</strong></span> <span class='ocrx_word' id='word_1_126' title='bbox 664 1568 1054 1626; x_wconf 86' lang='lat' dir='ltr'><strong>Trithemium</strong></span> <span class='ocrx_word' id='word_1_127' title='bbox 1118 1569 1512 1626; x_wconf 88' lang='lat' dir='ltr'><strong>communiter</strong></span> <span class='ocrx_word' id='word_1_128' title='bbox 1571 1569 1628 1625; x_wconf 83' lang='lat' dir='ltr'>H</span> <span class='ocrx_word' id='word_1_129' title='bbox 1644 1587 1748 1625; x_wconf 89' lang='lat' dir='ltr'><strong>er·</strong></span> 
     </span>
     <span class='ocr_line' id='line_1_18' title="bbox 467 1657 1747 1738; baseline -0.001 -23"><span class='ocrx_word' id='word_1_130' title='bbox 467 1678 527 1715; x_wconf 92' lang='lat' dir='ltr'><strong>m</strong></span> <span class='ocrx_word' id='word_1_131' title='bbox 541 1677 575 1716; x_wconf 89' lang='lat' dir='ltr'><strong>a</strong></span> <span class='ocrx_word' id='word_1_132' title='bbox 589 1677 628 1738; x_wconf 88' lang='lat' dir='ltr'><strong>n</strong></span> <span class='ocrx_word' id='word_1_133' title='bbox 647 1677 686 1714; x_wconf 93' lang='lat' dir='ltr'><strong>n</strong></span> <span class='ocrx_word' id='word_1_134' title='bbox 703 1678 744 1715; x_wconf 90' lang='lat' dir='ltr'><strong>u</strong></span> <span class='ocrx_word' id='word_1_135' title='bbox 760 1676 787 1715; x_wconf 92' lang='lat' dir='ltr'><strong>s</strong></span> <span class='ocrx_word' id='word_1_136' title='bbox 820 1657 1029 1727; x_wconf 87' lang='lat' dir='ltr'><strong>dictus,</strong></span> <span class='ocrx_word' id='word_1_137' title='bbox 1057 1658 1100 1731; x_wconf 87' lang='lat' dir='ltr'><strong>j.</strong></span> <span class='ocrx_word' id='word_1_138' title='bbox 1135 1677 1191 1715; x_wconf 91' lang='lat' dir='ltr'><strong>u.</strong></span> <span class='ocrx_word' id='word_1_139' title='bbox 1224 1657 1429 1716; x_wconf 86' lang='lat' dir='ltr'><strong>doctor</strong></span> <span class='ocrx_word' id='word_1_140' title='bbox 1447 1662 1508 1715; x_wconf 88' lang='lat' dir='ltr'><strong>et</strong></span> <span class='ocrx_word' id='word_1_141' title='bbox 1528 1658 1590 1715; x_wconf 91' lang='lat' dir='ltr'><strong>in</strong></span> <span class='ocrx_word' id='word_1_142' title='bbox 1610 1657 1747 1715; x_wconf 87' lang='lat' dir='ltr'><strong>uni·</strong></span> 
     </span>
     <span class='ocr_line' id='line_1_19' title="bbox 467 1746 1747 1821; baseline 0.001 -17"><span class='ocrx_word' id='word_1_143' title='bbox 467 1746 751 1805; x_wconf 78' lang='lat' dir='ltr'><strong>versitate</strong></span> <span class='ocrx_word' id='word_1_144' title='bbox 801 1746 1121 1805; x_wconf 90' lang='lat' dir='ltr'><strong>coloniensi</strong></span> <span class='ocrx_word' id='word_1_145' title='bbox 1166 1746 1475 1821; x_wconf 81' lang='lat' dir='ltr'><strong><em>professor,</em></strong></span> <span class='ocrx_word' id='word_1_146' title='bbox 1524 1747 1747 1805; x_wconf 86' lang='lat' dir='ltr'><strong>consis-</strong></span> 
     </span>
     <span class='ocr_line' id='line_1_20' title="bbox 475 1835 1748 1912; baseline -0.001 -19"><span class='ocrx_word' id='word_1_147' title='bbox 475 1836 616 1895; x_wconf 90' lang='lat' dir='ltr'><strong>torii</strong></span> <span class='ocrx_word' id='word_1_148' title='bbox 647 1835 970 1911; x_wconf 84' lang='lat' dir='ltr'><strong>imperialis</strong></span> <span class='ocrx_word' id='word_1_149' title='bbox 1002 1835 1286 1910; x_wconf 79' lang='lat' dir='ltr'><strong>spirensis</strong></span> <span class='ocrx_word' id='word_1_150' title='bbox 1318 1854 1592 1903; x_wconf 80' lang='lat' dir='ltr'><strong>assessor,</strong></span> <span class='ocrx_word' id='word_1_151' title='bbox 1640 1836 1748 1912; x_wconf 89' lang='lat' dir='ltr'><strong>qui</strong></span> 
     </span>
     <span class='ocr_line' id='line_1_21' title="bbox 468 1925 1749 1999; baseline 0 -16"><span class='ocrx_word' id='word_1_152' title='bbox 468 1925 634 1984; x_wconf 91' lang='lat' dir='ltr'><strong>dedit</strong></span> <span class='ocrx_word' id='word_1_153' title='bbox 692 1925 1088 1999; x_wconf 81' lang='lat' dir='ltr'><strong>expositiones</strong></span> <span class='ocrx_word' id='word_1_154' title='bbox 1152 1925 1276 1983; x_wconf 87' lang='lat' dir='ltr'><strong>sive</strong></span> <span class='ocrx_word' id='word_1_155' title='bbox 1336 1926 1749 1983; x_wconf 76' lang='lat' dir='ltr'><strong>declarationes</strong></span> 
     </span>
     <span class='ocr_line' id='line_1_22' title="bbox 467 2013 1745 2090; baseline 0.005 -19"><span class='ocrx_word' id='word_1_156' title='bbox 467 2016 764 2073; x_wconf 80' lang='lat' dir='ltr'><strong>titulorum</strong></span> <span class='ocrx_word' id='word_1_157' title='bbox 779 2016 1077 2090; x_wconf 78' lang='lat' dir='ltr'><strong>utriusque</strong></span> <span class='ocrx_word' id='word_1_158' title='bbox 1073 2015 1259 2087; x_wconf 81' lang='lat' dir='ltr'><strong>juris,</strong></span> <span class='ocrx_word' id='word_1_159' title='bbox 1271 2013 1541 2072; x_wconf 81' lang='lat' dir='ltr'><strong>Coloniae</strong></span> <span class='ocrx_word' id='word_1_160' title='bbox 1561 2026 1580 2077; x_wconf 92' lang='lat' dir='ltr'><strong>l</strong></span> <span class='ocrx_word' id='word_1_161' title='bbox 1601 2027 1629 2076; x_wconf 87' lang='grc'><strong>4</strong></span> <span class='ocrx_word' id='word_1_162' title='bbox 1645 2026 1677 2074; x_wconf 84' lang='grc'><strong>9</strong></span> <span class='ocrx_word' id='word_1_163' title='bbox 1693 2026 1716 2077; x_wconf 94' lang='lat' dir='ltr'><strong>l</strong></span> <span class='ocrx_word' id='word_1_164' title='bbox 1732 2036 1745 2083; x_wconf 92' lang='grc'><strong>;</strong></span> 
     </span>
     <span class='ocr_line' id='line_1_23' title="bbox 473 2103 1745 2179; baseline -0.002 -14"><span class='ocrx_word' id='word_1_165' title='bbox 473 2116 498 2165; x_wconf 89' lang='grc'><strong>1</strong></span> <span class='ocrx_word' id='word_1_166' title='bbox 516 2103 1312 2179; x_wconf 80' lang='lat' dir='ltr'><strong>49431500.-—Stephanus</strong></span> <span class='ocrx_word' id='word_1_167' title='bbox 1331 2107 1375 2160; x_wconf 81' lang='lat' dir='ltr'>A</span> <span class='ocrx_word' id='word_1_168' title='bbox 1396 2104 1745 2179; x_wconf 78' lang='lat' dir='ltr'><strong>ufreriju—</strong></span> 
     </span>
     <span class='ocr_line' id='line_1_24' title="bbox 466 2192 1743 2268; baseline 0.001 -18"><span class='ocrx_word' id='word_1_169' title='bbox 466 2194 549 2251; x_wconf 87' lang='lat' dir='ltr'><strong>ris</strong></span> <span class='ocrx_word' id='word_1_170' title='bbox 568 2193 875 2251; x_wconf 88' lang='lat' dir='ltr'><strong>consultus</strong></span> <span class='ocrx_word' id='word_1_171' title='bbox 892 2197 953 2250; x_wconf 90' lang='lat' dir='ltr'><strong>et</strong></span> <span class='ocrx_word' id='word_1_172' title='bbox 967 2210 1201 2267; x_wconf 79' lang='lat' dir='ltr'><strong>praeses</strong></span> <span class='ocrx_word' id='word_1_173' title='bbox 1218 2192 1571 2268; x_wconf 79' lang='lat' dir='ltr'><strong>parlamenti</strong></span> <span class='ocrx_word' id='word_1_174' title='bbox 1589 2193 1743 2252; x_wconf 90' lang='lat' dir='ltr'><strong>tolo—</strong></span> 
     </span>
    </p>
   </div>
   <div class='ocr_carea' id='block_1_8' title="bbox 1799 762 3085 2269">
    <p class='ocr_par' dir='ltr' id='par_1_8' title="bbox 1799 762 3085 2269">
     <span class='ocr_line' id='line_1_25' title="bbox 1805 762 3081 836; baseline -0.002 -12"><span class='ocrx_word' id='word_1_175' title='bbox 1805 766 2056 824; x_wconf 85' lang='lat' dir='ltr'><strong>eximius</strong></span> <span class='ocrx_word' id='word_1_176' title='bbox 2107 764 2171 823; x_wconf 92' lang='lat' dir='ltr'><strong>in</strong></span> <span class='ocrx_word' id='word_1_177' title='bbox 2221 764 2513 822; x_wconf 88' lang='lat' dir='ltr'><strong>academia</strong></span> <span class='ocrx_word' id='word_1_178' title='bbox 2562 762 2895 821; x_wconf 82' lang='lat' dir='ltr'><strong>lovaniensi</strong></span> <span class='ocrx_word' id='word_1_179' title='bbox 2945 781 3081 836; x_wconf 87' lang='lat' dir='ltr'><strong>pro·</strong></span> 
     </span>
     <span class='ocr_line' id='line_1_26' title="bbox 1805 849 3083 933; baseline 0.002 -20"><span class='ocrx_word' id='word_1_180' title='bbox 1805 854 1992 914; x_wconf 82' lang='lat' dir='ltr'><strong>sessor</strong></span> <span class='ocrx_word' id='word_1_181' title='bbox 2041 873 2081 915; x_wconf 83' lang='lat' dir='ltr'><strong>s.</strong></span> <span class='ocrx_word' id='word_1_182' title='bbox 2116 854 2453 930; x_wconf 86' lang='lat' dir='ltr'><strong>Scripturae</strong></span> <span class='ocrx_word' id='word_1_183' title='bbox 2501 849 2562 933; x_wconf 78' lang='lat'><strong>(†</strong></span> <span class='ocrx_word' id='word_1_184' title='bbox 2603 851 2854 913; x_wconf 74' lang='lat' dir='ltr'><strong>17.Ju1.</strong></span> <span class='ocrx_word' id='word_1_185' title='bbox 2896 862 3083 921; x_wconf 80' lang='lat'>14763</span> 
     </span>
     <span class='ocr_line' id='line_1_27' title="bbox 1804 940 3079 1020; baseline 0.002 -18"><span class='ocrx_word' id='word_1_186' title='bbox 1804 944 1869 1002; x_wconf 92' lang='lat' dir='ltr'><strong>in</strong></span> <span class='ocrx_word' id='word_1_187' title='bbox 1912 943 2213 1020; x_wconf 87' lang='lat' dir='ltr'><strong>epitaphio</strong></span> <span class='ocrx_word' id='word_1_188' title='bbox 2258 963 2292 1000; x_wconf 91' lang='lat' dir='ltr'><strong>a</strong></span> <span class='ocrx_word' id='word_1_189' title='bbox 2336 942 2605 1017; x_wconf 85' lang='lat' dir='ltr'><strong>Foppens</strong></span> <span class='ocrx_word' id='word_1_190' title='bbox 2650 940 2841 1000; x_wconf 88' lang='lat' dir='ltr'><strong>relato</strong></span> <span class='ocrx_word' id='word_1_191' title='bbox 2873 941 3079 1010; x_wconf 79' lang='grc'><strong>1,·577</strong></span> 
     </span>
     <span class='ocr_line' id='line_1_28' title="bbox 1804 1024 3085 1111; baseline -0.002 -21"><span class='ocrx_word' id='word_1_192' title='bbox 1804 1032 2059 1109; x_wconf 87' lang='lat' dir='ltr'><strong>legimus</strong></span> <span class='ocrx_word' id='word_1_193' title='bbox 2127 1044 2179 1095; x_wconf 85' lang='lat'><strong>6.</strong></span> <span class='ocrx_word' id='word_1_194' title='bbox 2242 1032 2383 1090; x_wconf 82' lang='lat' dir='ltr'><strong>Jun.</strong></span> <span class='ocrx_word' id='word_1_195' title='bbox 2430 1024 2640 1111; x_wconf 80' lang='lat'><strong>1470),</strong></span> <span class='ocrx_word' id='word_1_196' title='bbox 2707 1031 3085 1089; x_wconf 80' lang='lat' dir='ltr'><strong>concinnavit</strong></span> 
     </span>
     <span class='ocr_line' id='line_1_29' title="bbox 1806 1119 3081 1198; baseline -0.001 -19"><span class='ocrx_word' id='word_1_197' title='bbox 1806 1122 2268 1198; x_wconf 59' lang='lat' dir='ltr'><strong>Raecepamtam</strong></span> <span class='ocrx_word' id='word_1_198' title='bbox 2284 1122 2511 1178; x_wconf 79' lang='lat' dir='ltr'><strong>divinae</strong></span> <span class='ocrx_word' id='word_1_199' title='bbox 2526 1121 2663 1196; x_wconf 74' lang='lat' dir='ltr'><strong>leyis</strong></span> <span class='ocrx_word' id='word_1_200' title='bbox 2677 1119 2804 1177; x_wconf 87' lang='lat' dir='ltr'><strong>sive</strong></span> <span class='ocrx_word' id='word_1_201' title='bbox 2821 1120 2884 1177; x_wconf 90' lang='lat' dir='ltr'><strong>in</strong></span> <span class='ocrx_word' id='word_1_202' title='bbox 2914 1119 3081 1178; x_wconf 88' lang='lat' dir='ltr'><strong>deca-</strong></span> 
     </span>
     <span class='ocr_line' id='line_1_30' title="bbox 1803 1208 3084 1288; baseline -0.001 -20"><span class='ocrx_word' id='word_1_203' title='bbox 1803 1211 2005 1288; x_wconf 84' lang='lat' dir='ltr'><strong>logum</strong></span> <span class='ocrx_word' id='word_1_204' title='bbox 2067 1209 2485 1271; x_wconf 88' lang='lat' dir='ltr'><strong>commentaria</strong></span> <span class='ocrx_word' id='word_1_205' title='bbox 2548 1208 2607 1265; x_wconf 90' lang='lat' dir='ltr'><strong>ll.</strong></span> <span class='ocrx_word' id='word_1_206' title='bbox 2682 1220 2775 1273; x_wconf 82' lang='lat'><strong>10,</strong></span> <span class='ocrx_word' id='word_1_207' title='bbox 2839 1209 3084 1267; x_wconf 86' lang='lat' dir='ltr'><strong>Lovanii</strong></span> 
     </span>
     <span class='ocr_line' id='line_1_31' title="bbox 1814 1298 3084 1373; baseline -0.005 -11"><span class='ocrx_word' id='word_1_208' title='bbox 1814 1310 2009 1367; x_wconf 84' lang='grc'><strong>1486;</strong></span> <span class='ocrx_word' id='word_1_209' title='bbox 2057 1299 2466 1359; x_wconf 82' lang='lat' dir='ltr'><strong>scholasticam</strong></span> <span class='ocrx_word' id='word_1_210' title='bbox 2498 1298 2926 1373; x_wconf 86' lang='lat' dir='ltr'><strong>expositionem</strong></span> <span class='ocrx_word' id='word_1_211' title='bbox 2961 1298 3084 1356; x_wconf 84' lang='lat' dir='ltr'><strong>sive</strong></span> 
     </span>
     <span class='ocr_line' id='line_1_32' title="bbox 1803 1387 3083 1464; baseline -0.002 -16"><span class='ocrx_word' id='word_1_212' title='bbox 1803 1390 2111 1464; x_wconf 80' lang='lat' dir='ltr'><strong>postillam</strong></span> <span class='ocrx_word' id='word_1_213' title='bbox 2158 1390 2221 1447; x_wconf 92' lang='lat' dir='ltr'><strong>in</strong></span> <span class='ocrx_word' id='word_1_214' title='bbox 2271 1408 2359 1463; x_wconf 87' lang='lat' dir='ltr'><strong>ep.</strong></span> <span class='ocrx_word' id='word_1_215' title='bbox 2411 1387 2485 1445; x_wconf 89' lang='lat' dir='ltr'><strong>ad</strong></span> <span class='ocrx_word' id='word_1_216' title='bbox 2529 1405 2803 1445; x_wconf 90' lang='lat' dir='ltr'><strong>romanos</strong></span> <span class='ocrx_word' id='word_1_217' title='bbox 2847 1387 3083 1463; x_wconf 87' lang='lat' dir='ltr'><strong>aliaque</strong></span> 
     </span>
     <span class='ocr_line' id='line_1_33' title="bbox 1806 1475 3081 1560; baseline -0.002 -23"><span class='ocrx_word' id='word_1_218' title='bbox 1806 1475 2095 1560; x_wconf 88' lang='lat' dir='ltr'><strong>(inedita).</strong></span> <span class='ocrx_word' id='word_1_219' title='bbox 2129 1512 2217 1522; x_wconf 94' lang='lat'><strong>——</strong></span> <span class='ocrx_word' id='word_1_220' title='bbox 2251 1479 2414 1553; x_wconf 88' lang='lat' dir='ltr'><strong>Opus</strong></span> <span class='ocrx_word' id='word_1_221' title='bbox 2458 1477 2521 1534; x_wconf 91' lang='lat' dir='ltr'><strong>in</strong></span> <span class='ocrx_word' id='word_1_222' title='bbox 2566 1476 2819 1534; x_wconf 86' lang='lat' dir='ltr'><strong>eundem</strong></span> <span class='ocrx_word' id='word_1_223' title='bbox 2850 1475 3081 1535; x_wconf 87' lang='lat' dir='ltr'><strong>decalo-</strong></span> 
     </span>
     <span class='ocr_line' id='line_1_34' title="bbox 1802 1566 3082 1644; baseline -0.002 -18"><span class='ocrx_word' id='word_1_224' title='bbox 1802 1587 1946 1644; x_wconf 90' lang='lat' dir='ltr'><strong>gum</strong></span> <span class='ocrx_word' id='word_1_225' title='bbox 2007 1569 2253 1627; x_wconf 89' lang='lat' dir='ltr'><strong>eandem</strong></span> <span class='ocrx_word' id='word_1_226' title='bbox 2316 1566 2764 1641; x_wconf 88' lang='lat' dir='ltr'><strong>inscriptionem</strong></span> <span class='ocrx_word' id='word_1_227' title='bbox 2813 1585 2957 1641; x_wconf 88' lang='lat' dir='ltr'><strong>prae</strong></span> <span class='ocrx_word' id='word_1_228' title='bbox 3019 1584 3082 1624; x_wconf 85' lang='lat' dir='ltr'><strong>se</strong></span> 
     </span>
     <span class='ocr_line' id='line_1_35' title="bbox 1803 1648 3085 1739; baseline -0.002 -25"><span class='ocrx_word' id='word_1_229' title='bbox 1803 1658 1995 1716; x_wconf 88' lang='lat' dir='ltr'><strong>ferens</strong></span> <span class='ocrx_word' id='word_1_230' title='bbox 2042 1652 2130 1739; x_wconf 89' lang='lat' dir='ltr'><strong>(in</strong></span> <span class='ocrx_word' id='word_1_231' title='bbox 2163 1658 2352 1715; x_wconf 87' lang='lat' dir='ltr'><strong>forma</strong></span> <span class='ocrx_word' id='word_1_232' title='bbox 2383 1648 2748 1735; x_wconf 86' lang='lat' dir='ltr'><strong>sermonum)</strong></span> <span class='ocrx_word' id='word_1_233' title='bbox 2793 1654 3085 1713; x_wconf 85' lang='lat' dir='ltr'><strong>tribuitur</strong></span> 
     </span>
     <span class='ocr_line' id='line_1_36' title="bbox 1804 1740 3078 1823; baseline -0.005 -17"><span class='ocrx_word' id='word_1_234' title='bbox 1804 1747 2275 1806; x_wconf 86' lang='lat' dir='ltr'><strong>Gotschalco</strong></span> <span class='ocrx_word' id='word_1_235' title='bbox 2321 1745 2598 1804; x_wconf 86' lang='lat' dir='ltr'><strong>Hollen</strong></span> <span class='ocrx_word' id='word_1_236' title='bbox 2633 1740 2889 1823; x_wconf 89' lang='lat' dir='ltr'><strong>(Holem)</strong></span> <span class='ocrx_word' id='word_1_237' title='bbox 2926 1744 2991 1806; x_wconf 93' lang='grc' dir='ltr'><strong>Ο.</strong></span> <span class='ocrx_word' id='word_1_238' title='bbox 3025 1744 3078 1801; x_wconf 91' lang='lat' dir='ltr'><strong>S.</strong></span> 
     </span>
     <span class='ocr_line' id='line_1_37' title="bbox 1803 1833 3082 1913; baseline -0.002 -20"><span class='ocrx_word' id='word_1_239' title='bbox 1803 1838 1954 1913; x_wconf 87' lang='lat' dir='ltr'><strong>Aug.</strong></span> <span class='ocrx_word' id='word_1_240' title='bbox 2008 1835 2325 1903; x_wconf 90' lang='lat' dir='ltr'><strong>Corbiensi‚</strong></span> <span class='ocrx_word' id='word_1_241' title='bbox 2389 1833 2616 1910; x_wconf 86' lang='lat' dir='ltr'><strong>insigni</strong></span> <span class='ocrx_word' id='word_1_242' title='bbox 2677 1834 3082 1892; x_wconf 83' lang='lat' dir='ltr'><strong>concionatori</strong></span> 
     </span>
     <span class='ocr_line' id='line_1_38' title="bbox 1804 1922 3079 2006; baseline -0.006 -18"><span class='ocrx_word' id='word_1_243' title='bbox 1804 1922 1863 2006; x_wconf 79' lang='lat'><strong>(†</strong></span> <span class='ocrx_word' id='word_1_244' title='bbox 1905 1922 2116 1995; x_wconf 85' lang='grc'><strong>1481),</strong></span> <span class='ocrx_word' id='word_1_245' title='bbox 2168 1925 2329 2001; x_wconf 89' lang='lat' dir='ltr'><strong>quod</strong></span> <span class='ocrx_word' id='word_1_246' title='bbox 2379 1940 2551 1998; x_wconf 85' lang='lat' dir='ltr'><strong>saepe</strong></span> <span class='ocrx_word' id='word_1_247' title='bbox 2600 1922 2839 1997; x_wconf 90' lang='lat' dir='ltr'><strong>prodiit,</strong></span> <span class='ocrx_word' id='word_1_248' title='bbox 2893 1923 3079 1981; x_wconf 85' lang='lat' dir='ltr'><strong>sexies</strong></span> 
     </span>
     <span class='ocr_line' id='line_1_39' title="bbox 1800 2012 3077 2081; baseline -0.001 -8"><span class='ocrx_word' id='word_1_249' title='bbox 1800 2016 2005 2073; x_wconf 88' lang='lat' dir='ltr'><strong>saltem</strong></span> <span class='ocrx_word' id='word_1_250' title='bbox 2040 2033 2149 2074; x_wconf 90' lang='lat' dir='ltr'><strong>sec.</strong></span> <span class='ocrx_word' id='word_1_251' title='bbox 2183 2013 2302 2081; x_wconf 88' lang='lat' dir='ltr'><strong>XV,</strong></span> <span class='ocrx_word' id='word_1_252' title='bbox 2339 2012 2610 2072; x_wconf 86' lang='lat' dir='ltr'><strong>Coloniae</strong></span> <span class='ocrx_word' id='word_1_253' title='bbox 2652 2022 2851 2081; x_wconf 76' lang='lat'>14813</span> <span class='ocrx_word' id='word_1_254' title='bbox 2894 2020 3077 2081; x_wconf 83' lang='lat'>1521;</span> 
     </span>
     <span class='ocr_line' id='line_1_40' title="bbox 1800 2102 3077 2180; baseline -0.003 -19"><span class='ocrx_word' id='word_1_255' title='bbox 1800 2104 2225 2180; x_wconf 86' lang='lat' dir='ltr'><strong>Norimbergae</strong></span> <span class='ocrx_word' id='word_1_256' title='bbox 2265 2111 2466 2172; x_wconf 80' lang='lat'>14973</span> <span class='ocrx_word' id='word_1_257' title='bbox 2511 2111 2708 2169; x_wconf 84' lang='lat'>15003</span> <span class='ocrx_word' id='word_1_258' title='bbox 2752 2102 2999 2164; x_wconf 86' lang='lat' dir='ltr'><strong>1503in</strong></span> <span class='ocrx_word' id='word_1_259' title='bbox 3022 2111 3077 2162; x_wconf 90' lang='lat'><strong>4.</strong></span> 
     </span>
     <span class='ocr_line' id='line_1_41' title="bbox 1799 2189 3077 2269; baseline -0.003 -18"><span class='ocrx_word' id='word_1_260' title='bbox 1799 2197 1940 2265; x_wconf 89' lang='lat' dir='ltr'><strong>etc.;</strong></span> <span class='ocrx_word' id='word_1_261' title='bbox 1974 2212 2122 2269; x_wconf 90' lang='lat' dir='ltr'><strong>opus</strong></span> <span class='ocrx_word' id='word_1_262' title='bbox 2153 2210 2493 2252; x_wconf 86' lang='lat' dir='ltr'><strong>sermonum</strong></span> <span class='ocrx_word' id='word_1_263' title='bbox 2515 2189 2961 2248; x_wconf 77' lang='lat' dir='ltr'><strong>dominicalium</strong></span> <span class='ocrx_word' id='word_1_264' title='bbox 2981 2209 3077 2248; x_wconf 81' lang='lat' dir='ltr'><strong>su-</strong></span> 
     </span>
    </p>
   </div>
   <div class='ocr_carea' id='block_1_9' title="bbox 464 2279 3079 2537">
    <p class='ocr_par' dir='ltr' id='par_1_9' title="bbox 464 2279 3079 2537">
     <span class='ocr_line' id='line_1_42' title="bbox 467 2279 3076 2362; baseline -0.001 -22"><span class='ocrx_word' id='word_1_265' title='bbox 467 2282 689 2362; x_wconf 85' lang='lat' dir='ltr'><strong>sani(fl.</strong></span> <span class='ocrx_word' id='word_1_266' title='bbox 719 2280 912 2359; x_wconf 86' lang='grc'><strong>1491)</strong></span> <span class='ocrx_word' id='word_1_267' title='bbox 943 2282 1184 2358; x_wconf 81' lang='lat' dir='ltr'><strong>collegit</strong></span> <span class='ocrx_word' id='word_1_268' title='bbox 1216 2283 1525 2340; x_wconf 75' lang='lat' dir='ltr'><strong>decisiones</strong></span> <span class='ocrx_word' id='word_1_269' title='bbox 1547 2282 1746 2341; x_wconf 87' lang='lat' dir='ltr'><strong>curiae</strong></span> <span class='ocrx_word' id='word_1_270' title='bbox 1791 2301 1902 2359; x_wconf 85' lang='lat' dir='ltr'><strong>per</strong></span> <span class='ocrx_word' id='word_1_271' title='bbox 1951 2284 2235 2358; x_wconf 79' lang='lat' dir='ltr'><strong>epistolas,</strong></span> <span class='ocrx_word' id='word_1_272' title='bbox 2288 2281 2600 2356; x_wconf 81' lang='lat' dir='ltr'><strong>Hagenoae</strong></span> <span class='ocrx_word' id='word_1_273' title='bbox 2647 2289 2848 2349; x_wconf 79' lang='lat'>15173</span> <span class='ocrx_word' id='word_1_274' title='bbox 2911 2281 2980 2337; x_wconf 87' lang='lat' dir='ltr'><strong>de</strong></span> <span class='ocrx_word' id='word_1_275' title='bbox 3029 2279 3076 2337; x_wconf 87' lang='lat' dir='ltr'><strong>b.</strong></span> 
     </span>
     <span class='ocr_line' id='line_1_43' title="bbox 464 2368 3079 2449; baseline -0.001 -21"><span class='ocrx_word' id='word_1_276' title='bbox 464 2372 978 2447; x_wconf 87' lang='lat' dir='ltr'><strong>archiepiscopalis</strong></span> <span class='ocrx_word' id='word_1_277' title='bbox 1060 2372 1380 2441; x_wconf 85' lang='lat' dir='ltr'><strong>tolosanae,</strong></span> <span class='ocrx_word' id='word_1_278' title='bbox 1466 2372 1743 2448; x_wconf 85' lang='lat' dir='ltr'><strong>Lugduni</strong></span> <span class='ocrx_word' id='word_1_279' title='bbox 1813 2372 2047 2449; x_wconf 74' lang='lat' dir='ltr'><strong>Viryine</strong></span> <span class='ocrx_word' id='word_1_280' title='bbox 2078 2372 2156 2430; x_wconf 88' lang='lat' dir='ltr'><strong>ib.</strong></span> <span class='ocrx_word' id='word_1_281' title='bbox 2184 2380 2382 2439; x_wconf 87' lang='lat'>1520;</span> <span class='ocrx_word' id='word_1_282' title='bbox 2413 2370 2529 2427; x_wconf 87' lang='lat' dir='ltr'><strong>alia</strong></span> <span class='ocrx_word' id='word_1_283' title='bbox 2558 2371 2631 2427; x_wconf 91' lang='lat' dir='ltr'><strong>ut</strong></span> <span class='ocrx_word' id='word_1_284' title='bbox 2661 2368 3079 2427; x_wconf 84' lang='lat' dir='ltr'><strong>commentaria</strong></span> 
     </span>
     <span class='ocr_line' id='line_1_44' title="bbox 474 2457 3076 2537; baseline -0.002 -15"><span class='ocrx_word' id='word_1_285' title='bbox 474 2461 814 2529; x_wconf 71' lang='lat' dir='ltr'><strong>16161n4;</strong></span> <span class='ocrx_word' id='word_1_286' title='bbox 847 2462 916 2518; x_wconf 84' lang='lat' dir='ltr'><strong>de</strong></span> <span class='ocrx_word' id='word_1_287' title='bbox 946 2461 1136 2534; x_wconf 83' lang='lat' dir='ltr'><strong>officio</strong></span> <span class='ocrx_word' id='word_1_288' title='bbox 1168 2467 1216 2518; x_wconf 78' lang='lat' dir='ltr'><strong>et</strong></span> <span class='ocrx_word' id='word_1_289' title='bbox 1222 2463 1502 2533; x_wconf 72' lang='lat' dir='ltr'><strong>potestate</strong></span> <span class='ocrx_word' id='word_1_290' title='bbox 1531 2462 1745 2533; x_wconf 68' lang='lat' dir='ltr'><strong>judicis</strong></span> <span class='ocrx_word' id='word_1_291' title='bbox 1797 2464 1862 2520; x_wconf 89' lang='lat' dir='ltr'><strong>in</strong></span> <span class='ocrx_word' id='word_1_292' title='bbox 1908 2481 1998 2537; x_wconf 90' lang='lat' dir='ltr'><strong>ep.</strong></span> <span class='ocrx_word' id='word_1_293' title='bbox 2046 2461 2218 2520; x_wconf 88' lang='lat' dir='ltr'><strong>Pauli</strong></span> <span class='ocrx_word' id='word_1_294' title='bbox 2262 2463 2305 2517; x_wconf 90' lang='lat' dir='ltr'><strong>t.</strong></span> <span class='ocrx_word' id='word_1_295' title='bbox 2351 2468 2385 2521; x_wconf 89' lang='lat'>2</span> <span class='ocrx_word' id='word_1_296' title='bbox 2434 2462 2783 2517; x_wconf 88' lang='lat' dir='ltr'><strong>manserunt</strong></span> <span class='ocrx_word' id='word_1_297' title='bbox 2831 2457 3076 2517; x_wconf 89' lang='lat' dir='ltr'><strong>inedita.</strong></span> 
     </span>
    </p>
   </div>
   <div class='ocr_carea' id='block_1_10' title="bbox 465 2548 3078 2627">
    <p class='ocr_par' dir='ltr' id='par_1_10' title="bbox 465 2548 3078 2627">
     <span class='ocr_line' id='line_1_45' title="bbox 465 2548 3078 2627; baseline -0.001 -20"><span class='ocrx_word' id='word_1_298' title='bbox 465 2552 794 2607; x_wconf 78' lang='lat' dir='ltr'><strong>rodinarii:</strong></span> <span class='ocrx_word' id='word_1_299' title='bbox 826 2550 1075 2608; x_wconf 80' lang='lat' dir='ltr'><strong>accessit</strong></span> <span class='ocrx_word' id='word_1_300' title='bbox 1104 2554 1177 2607; x_wconf 92' lang='lat' dir='ltr'><strong>tr.</strong></span> <span class='ocrx_word' id='word_1_301' title='bbox 1210 2551 1278 2608; x_wconf 82' lang='lat' dir='ltr'><strong>de</strong></span> <span class='ocrx_word' id='word_1_302' title='bbox 1292 2558 1563 2625; x_wconf 70' lang='lat' dir='ltr'><strong>potestate</strong></span> <span class='ocrx_word' id='word_1_303' title='bbox 1583 2570 1743 2609; x_wconf 83' lang='lat' dir='ltr'><strong>secu-</strong></span> <span class='ocrx_word' id='word_1_304' title='bbox 1797 2550 1994 2627; x_wconf 86' lang='lat' dir='ltr'><strong>Ipsius</strong></span> <span class='ocrx_word' id='word_1_305' title='bbox 2025 2551 2206 2609; x_wconf 90' lang='lat' dir='ltr'><strong>etiam</strong></span> <span class='ocrx_word' id='word_1_306' title='bbox 2236 2567 2364 2608; x_wconf 86' lang='lat' dir='ltr'><strong>esse</strong></span> <span class='ocrx_word' id='word_1_307' title='bbox 2396 2548 2615 2606; x_wconf 86' lang='lat' dir='ltr'><strong>dicitur</strong></span> <span class='ocrx_word' id='word_1_308' title='bbox 2647 2565 2796 2623; x_wconf 88' lang='lat' dir='ltr'><strong>opus</strong></span> <span class='ocrx_word' id='word_1_309' title='bbox 2829 2548 3078 2620; x_wconf 75' lang='lat' dir='ltr'><strong>defestis</strong></span> 
     </span>
    </p>
   </div>
   <div class='ocr_carea' id='block_1_11' title="bbox 462 2638 1746 3339">
    <p class='ocr_par' dir='ltr' id='par_1_11' title="bbox 462 2638 1746 3339">
     <span class='ocr_line' id='line_1_46' title="bbox 463 2638 1741 2714; baseline 0.001 -17"><span class='ocrx_word' id='word_1_310' title='bbox 463 2640 677 2698; x_wconf 82' lang='lat' dir='ltr'><strong>larium</strong></span> <span class='ocrx_word' id='word_1_311' title='bbox 698 2638 760 2697; x_wconf 91' lang='lat' dir='ltr'><strong>in</strong></span> <span class='ocrx_word' id='word_1_312' title='bbox 775 2657 1055 2714; x_wconf 87' lang='lat' dir='ltr'><strong>personas</strong></span> <span class='ocrx_word' id='word_1_313' title='bbox 1073 2639 1494 2698; x_wconf 87' lang='lat' dir='ltr'><strong>ecclesiasticas</strong></span> <span class='ocrx_word' id='word_1_314' title='bbox 1510 2658 1741 2698; x_wconf 89' lang='lat' dir='ltr'><strong>earum·</strong></span> 
     </span>
     <span class='ocr_line' id='line_1_47' title="bbox 464 2728 1740 2805; baseline 0.002 -19"><span class='ocrx_word' id='word_1_315' title='bbox 464 2749 580 2804; x_wconf 89' lang='lat' dir='ltr'><strong>que</strong></span> <span class='ocrx_word' id='word_1_316' title='bbox 611 2747 705 2787; x_wconf 87' lang='lat' dir='ltr'><strong>res</strong></span> <span class='ocrx_word' id='word_1_317' title='bbox 739 2733 800 2786; x_wconf 89' lang='lat' dir='ltr'><strong>et</strong></span> <span class='ocrx_word' id='word_1_318' title='bbox 831 2728 986 2787; x_wconf 89' lang='lat' dir='ltr'><strong>bona</strong></span> <span class='ocrx_word' id='word_1_319' title='bbox 1017 2733 1077 2786; x_wconf 90' lang='lat' dir='ltr'><strong>et</strong></span> <span class='ocrx_word' id='word_1_320' title='bbox 1108 2729 1236 2787; x_wconf 82' lang='lat' dir='ltr'><strong>vice</strong></span> <span class='ocrx_word' id='word_1_321' title='bbox 1266 2748 1437 2787; x_wconf 85' lang='lat' dir='ltr'><strong>versa</strong></span> <span class='ocrx_word' id='word_1_322' title='bbox 1452 2729 1523 2788; x_wconf 91' lang='lat' dir='ltr'><strong>de</strong></span> <span class='ocrx_word' id='word_1_323' title='bbox 1543 2733 1740 2805; x_wconf 87' lang='lat' dir='ltr'><strong>potes-</strong></span> 
     </span>
     <span class='ocr_line' id='line_1_48' title="bbox 463 2815 1746 2894; baseline 0.001 -19"><span class='ocrx_word' id='word_1_324' title='bbox 463 2821 586 2875; x_wconf 80' lang='lat' dir='ltr'><strong>tate</strong></span> <span class='ocrx_word' id='word_1_325' title='bbox 620 2818 910 2876; x_wconf 79' lang='lat' dir='ltr'><strong>Ecclesiae</strong></span> <span class='ocrx_word' id='word_1_326' title='bbox 942 2820 1003 2875; x_wconf 90' lang='lat' dir='ltr'><strong>et</strong></span> <span class='ocrx_word' id='word_1_327' title='bbox 1035 2818 1366 2894; x_wconf 83' lang='lat' dir='ltr'><strong>privilegiis</strong></span> <span class='ocrx_word' id='word_1_328' title='bbox 1388 2815 1517 2892; x_wconf 83' lang='lat' dir='ltr'><strong>ejus</strong></span> <span class='ocrx_word' id='word_1_329' title='bbox 1538 2825 1746 2876; x_wconf 87' lang='lat' dir='ltr'><strong>contra</strong></span> 
     </span>
     <span class='ocr_line' id='line_1_49' title="bbox 463 2906 1745 2984; baseline 0.002 -20"><span class='ocrx_word' id='word_1_330' title='bbox 463 2907 660 2974; x_wconf 84' lang='lat' dir='ltr'><strong>laicos.</strong></span> <span class='ocrx_word' id='word_1_331' title='bbox 724 2907 787 2964; x_wconf 92' lang='lat' dir='ltr'><strong>in</strong></span> <span class='ocrx_word' id='word_1_332' title='bbox 851 2925 969 2981; x_wconf 90' lang='lat' dir='ltr'><strong>quo</strong></span> <span class='ocrx_word' id='word_1_333' title='bbox 1032 2906 1172 2965; x_wconf 90' lang='lat' dir='ltr'><strong>satis</strong></span> <span class='ocrx_word' id='word_1_334' title='bbox 1222 2907 1371 2965; x_wconf 89' lang='lat' dir='ltr'><strong>bene</strong></span> <span class='ocrx_word' id='word_1_335' title='bbox 1421 2907 1745 2984; x_wconf 84' lang='lat' dir='ltr'><strong>distinguit</strong></span> 
     </span>
     <span class='ocr_line' id='line_1_50' title="bbox 463 2995 1740 3071; baseline 0.002 -17"><span class='ocrx_word' id='word_1_336' title='bbox 463 2995 781 3070; x_wconf 88' lang='lat' dir='ltr'><strong>utriusque</strong></span> <span class='ocrx_word' id='word_1_337' title='bbox 811 2996 1121 3071; x_wconf 89' lang='lat' dir='ltr'><strong>potestatis</strong></span> <span class='ocrx_word' id='word_1_338' title='bbox 1148 2997 1303 3071; x_wconf 80' lang='lat' dir='ltr'><strong>jura,</strong></span> <span class='ocrx_word' id='word_1_339' title='bbox 1337 3015 1508 3071; x_wconf 85' lang='lat' dir='ltr'><strong>saepe</strong></span> <span class='ocrx_word' id='word_1_340' title='bbox 1526 2995 1740 3056; x_wconf 75' lang='lat' dir='ltr'><strong>editus·</strong></span> 
     </span>
     <span class='ocr_line' id='line_1_51' title="bbox 463 3083 1739 3160; baseline 0.004 -18"><span class='ocrx_word' id='word_1_341' title='bbox 463 3084 759 3160; x_wconf 79' lang='lat' dir='ltr'><strong>Lugduni,</strong></span> <span class='ocrx_word' id='word_1_342' title='bbox 838 3083 1126 3153; x_wconf 87' lang='lat' dir='ltr'><strong>Coloniae,</strong></span> <span class='ocrx_word' id='word_1_343' title='bbox 1206 3084 1471 3143; x_wconf 86' lang='lat' dir='ltr'><strong>Venetiis</strong></span> <span class='ocrx_word' id='word_1_344' title='bbox 1542 3094 1704 3148; x_wconf 79' lang='grc'><strong>1512</strong></span> <span class='ocrx_word' id='word_1_345' title='bbox 1726 3107 1739 3154; x_wconf 84' lang='grc'><strong>;</strong></span> 
     </span>
     <span class='ocr_line' id='line_1_52' title="bbox 464 3173 1737 3248; baseline 0.001 -17"><span class='ocrx_word' id='word_1_346' title='bbox 464 3174 622 3231; x_wconf 87' lang='lat' dir='ltr'><strong>inter</strong></span> <span class='ocrx_word' id='word_1_347' title='bbox 645 3175 812 3231; x_wconf 86' lang='lat' dir='ltr'><strong>tract.</strong></span> <span class='ocrx_word' id='word_1_348' title='bbox 833 3173 986 3248; x_wconf 84' lang='lat' dir='ltr'><strong>juris</strong></span> <span class='ocrx_word' id='word_1_349' title='bbox 1016 3173 1092 3230; x_wconf 94' lang='lat' dir='ltr'><strong>ib.</strong></span> <span class='ocrx_word' id='word_1_350' title='bbox 1119 3184 1317 3243; x_wconf 71' lang='lat'>15843</span> <span class='ocrx_word' id='word_1_351' title='bbox 1351 3174 1548 3234; x_wconf 85' lang='lat' dir='ltr'><strong>Leodii</strong></span> <span class='ocrx_word' id='word_1_352' title='bbox 1573 3184 1737 3237; x_wconf 77' lang='lat'>1702</span> 
     </span>
     <span class='ocr_line' id='line_1_53' title="bbox 462 3263 1737 3339; baseline 0.001 -19"><span class='ocrx_word' id='word_1_353' title='bbox 462 3263 526 3320; x_wconf 90' lang='lat' dir='ltr'><strong>in</strong></span> <span class='ocrx_word' id='word_1_354' title='bbox 563 3273 596 3322; x_wconf 77' lang='grc'>8</span> <span class='ocrx_word' id='word_1_355' title='bbox 632 3263 742 3320; x_wconf 89' lang='lat' dir='ltr'><strong>etc.</strong></span> <span class='ocrx_word' id='word_1_356' title='bbox 774 3296 860 3306; x_wconf 90' lang='lat'><strong>-—</strong></span> <span class='ocrx_word' id='word_1_357' title='bbox 893 3263 1424 3339; x_wconf 87' lang='lat' dir='ltr'><strong>Engelbertus</strong></span> <span class='ocrx_word' id='word_1_358' title='bbox 1456 3264 1737 3322; x_wconf 86' lang='lat' dir='ltr'><strong>Cultri-</strong></span> 
     </span>
    </p>
   </div>
   <div class='ocr_carea' id='block_1_12' title="bbox 1796 2635 3078 3340">
    <p class='ocr_par' dir='ltr' id='par_1_12' title="bbox 1796 2635 3078 3340">
     <span class='ocr_line' id='line_1_54' title="bbox 1796 2635 3075 2707; baseline -0.004 -6"><span class='ocrx_word' id='word_1_359' title='bbox 1796 2640 2095 2701; x_wconf 77' lang='lat' dir='ltr'><strong>mobilibus</strong></span> <span class='ocrx_word' id='word_1_360' title='bbox 2125 2644 2186 2698; x_wconf 88' lang='lat' dir='ltr'><strong>et</strong></span> <span class='ocrx_word' id='word_1_361' title='bbox 2215 2637 2574 2698; x_wconf 84' lang='lat' dir='ltr'><strong>astronomia</strong></span> <span class='ocrx_word' id='word_1_362' title='bbox 2619 2635 2890 2707; x_wconf 89' lang='lat' dir='ltr'><strong>clericali,</strong></span> <span class='ocrx_word' id='word_1_363' title='bbox 2943 2636 3075 2696; x_wconf 87' lang='lat' dir='ltr'><strong>Flo-</strong></span> 
     </span>
     <span class='ocr_line' id='line_1_55' title="bbox 1797 2726 3075 2792; baseline -0.003 -4"><span class='ocrx_word' id='word_1_364' title='bbox 1797 2732 2023 2789; x_wconf 87' lang='lat' dir='ltr'><strong>rentiae</strong></span> <span class='ocrx_word' id='word_1_365' title='bbox 2082 2740 2266 2792; x_wconf 86' lang='lat'>1514.</span> <span class='ocrx_word' id='word_1_366' title='bbox 2315 2762 2402 2772; x_wconf 92' lang='lat'><strong>——</strong></span> <span class='ocrx_word' id='word_1_367' title='bbox 2466 2728 2750 2785; x_wconf 88' lang='lat' dir='ltr'><strong>Petrus</strong></span> <span class='ocrx_word' id='word_1_368' title='bbox 2803 2726 3075 2786; x_wconf 81' lang='lat' dir='ltr'><strong>Scotus</strong></span> 
     </span>
     <span class='ocr_line' id='line_1_56' title="bbox 1798 2813 3077 2899; baseline -0.003 -22"><span class='ocrx_word' id='word_1_369' title='bbox 1798 2815 2054 2899; x_wconf 89' lang='lat' dir='ltr'><strong>(Schott)</strong></span> <span class='ocrx_word' id='word_1_370' title='bbox 2088 2813 2687 2896; x_wconf 83' lang='lat' dir='ltr'><strong>Argentoratensis1)‚</strong></span> <span class='ocrx_word' id='word_1_371' title='bbox 2727 2815 2884 2890; x_wconf 84' lang='lat' dir='ltr'><strong>juris</strong></span> <span class='ocrx_word' id='word_1_372' title='bbox 2925 2815 3077 2874; x_wconf 85' lang='lat' dir='ltr'><strong>utri·</strong></span> 
     </span>
     <span class='ocr_line' id='line_1_57' title="bbox 1798 2901 3066 2985; baseline -0.005 -18"><span class='ocrx_word' id='word_1_373' title='bbox 1798 2927 1988 2984; x_wconf 86' lang='lat' dir='ltr'><strong>usque</strong></span> <span class='ocrx_word' id='word_1_374' title='bbox 2005 2908 2227 2975; x_wconf 88' lang='lat' dir='ltr'><strong>doctor,</strong></span> <span class='ocrx_word' id='word_1_375' title='bbox 2246 2906 2562 2965; x_wconf 88' lang='lat' dir='ltr'><strong>canonicus</strong></span> <span class='ocrx_word' id='word_1_376' title='bbox 2579 2924 2620 2963; x_wconf 90' lang='lat' dir='ltr'><strong>s.</strong></span> <span class='ocrx_word' id='word_1_377' title='bbox 2637 2906 2801 2964; x_wconf 87' lang='lat' dir='ltr'><strong>Petri</strong></span> <span class='ocrx_word' id='word_1_378' title='bbox 2825 2901 2886 2985; x_wconf 81' lang='lat'><strong>(†</strong></span> <span class='ocrx_word' id='word_1_379' title='bbox 2912 2915 3027 2967; x_wconf 85' lang='lat'><strong>149</strong></span> <span class='ocrx_word' id='word_1_380' title='bbox 3046 2917 3066 2967; x_wconf 88' lang='lat'>1</span> 
     </span>
     <span class='ocr_line' id='line_1_58' title="bbox 1798 2994 3078 3069; baseline -0.002 -13"><span class='ocrx_word' id='word_1_381' title='bbox 1798 2998 1891 3056; x_wconf 82' lang='lat' dir='ltr'><strong>vel</strong></span> <span class='ocrx_word' id='word_1_382' title='bbox 1932 3007 2094 3060; x_wconf 83' lang='lat'>1492</span> <span class='ocrx_word' id='word_1_383' title='bbox 2131 3017 2180 3056; x_wconf 85' lang='lat' dir='ltr'><strong>a.</strong></span> <span class='ocrx_word' id='word_1_384' title='bbox 2212 3003 2393 3054; x_wconf 89' lang='lat' dir='ltr'><strong>natus</strong></span> <span class='ocrx_word' id='word_1_385' title='bbox 2430 3005 2529 3063; x_wconf 88' lang='lat'><strong>31,</strong></span> <span class='ocrx_word' id='word_1_386' title='bbox 2566 2994 2746 3053; x_wconf 84' lang='lat' dir='ltr'><strong>solvit</strong></span> <span class='ocrx_word' id='word_1_387' title='bbox 2776 2994 3078 3069; x_wconf 87' lang='lat' dir='ltr'><strong>quaestio·</strong></span> 
     </span>
     <span class='ocr_line' id='line_1_59' title="bbox 1797 3084 3076 3160; baseline -0.005 -15"><span class='ocrx_word' id='word_1_388' title='bbox 1797 3105 1903 3145; x_wconf 87' lang='lat' dir='ltr'><strong>nes</strong></span> <span class='ocrx_word' id='word_1_389' title='bbox 1938 3087 2115 3146; x_wconf 85' lang='lat' dir='ltr'><strong>variis</strong></span> <span class='ocrx_word' id='word_1_390' title='bbox 2137 3086 2208 3144; x_wconf 87' lang='lat' dir='ltr'><strong>de</strong></span> <span class='ocrx_word' id='word_1_391' title='bbox 2222 3086 2401 3143; x_wconf 89' lang='lat' dir='ltr'><strong>rebus</strong></span> <span class='ocrx_word' id='word_1_392' title='bbox 2422 3084 2495 3142; x_wconf 91' lang='lat' dir='ltr'><strong>ad</strong></span> <span class='ocrx_word' id='word_1_393' title='bbox 2510 3084 2926 3142; x_wconf 86' lang='lat' dir='ltr'><strong>conscientiam</strong></span> <span class='ocrx_word' id='word_1_394' title='bbox 2942 3101 3076 3160; x_wconf 90' lang='lat' dir='ltr'><strong>per·</strong></span> 
     </span>
     <span class='ocr_line' id='line_1_60' title="bbox 1796 3173 3076 3250; baseline -0.003 -16"><span class='ocrx_word' id='word_1_395' title='bbox 1796 3176 2078 3242; x_wconf 81' lang='lat' dir='ltr'><strong>tinentes.</strong></span> <span class='ocrx_word' id='word_1_396' title='bbox 2142 3193 2297 3250; x_wconf 87' lang='lat' dir='ltr'><strong>quae</strong></span> <span class='ocrx_word' id='word_1_397' title='bbox 2358 3173 2711 3250; x_wconf 88' lang='lat' dir='ltr'><strong>prodierunt</strong></span> <span class='ocrx_word' id='word_1_398' title='bbox 2761 3191 2895 3231; x_wconf 90' lang='lat' dir='ltr'><strong>cum</strong></span> <span class='ocrx_word' id='word_1_399' title='bbox 2946 3174 3076 3249; x_wconf 90' lang='lat' dir='ltr'><strong>ejus</strong></span> 
     </span>
     <span class='ocr_line' id='line_1_61' title="bbox 1797 3262 3076 3340; baseline -0.004 -17"><span class='ocrx_word' id='word_1_400' title='bbox 1797 3265 2065 3340; x_wconf 85' lang='lat' dir='ltr'><strong>epistolis</strong></span> <span class='ocrx_word' id='word_1_401' title='bbox 2129 3268 2191 3322; x_wconf 89' lang='lat' dir='ltr'><strong>et</strong></span> <span class='ocrx_word' id='word_1_402' title='bbox 2233 3263 2627 3339; x_wconf 85' lang='lat' dir='ltr'><strong>poematibus,</strong></span> <span class='ocrx_word' id='word_1_403' title='bbox 2689 3262 3076 3338; x_wconf 81' lang='lat' dir='ltr'><strong>Argentorati</strong></span> 
     </span>
    </p>
   </div>
   <div class='ocr_carea' id='block_1_13' title="bbox 456 3349 3075 4767">
    <p class='ocr_par' dir='ltr' id='par_1_13' title="bbox 456 3349 3075 4767">
     <span class='ocr_line' id='line_1_62' title="bbox 462 3349 3075 3433; baseline -0.002 -24"><span class='ocrx_word' id='word_1_404' title='bbox 462 3352 492 3408; x_wconf 89' lang='lat' dir='ltr'>f</span> <span class='ocrx_word' id='word_1_405' title='bbox 501 3351 650 3410; x_wconf 89' lang='lat' dir='ltr'><strong>icis</strong></span> <span class='ocrx_word' id='word_1_406' title='bbox 685 3349 1195 3433; x_wconf 85' lang='lat' dir='ltr'><strong>(Messemackers)</strong></span> <span class='ocrx_word' id='word_1_407' title='bbox 1231 3352 1443 3411; x_wconf 87' lang='lat' dir='ltr'><strong>Gelder</strong></span> <span class='ocrx_word' id='word_1_408' title='bbox 1457 3353 1741 3412; x_wconf 86' lang='lat' dir='ltr'><strong>O.Praed.</strong></span> <span class='ocrx_word' id='word_1_409' title='bbox 1803 3364 1988 3417; x_wconf 84' lang='grc'><strong>1498.</strong></span> <span class='ocrx_word' id='word_1_410' title='bbox 2022 3385 2105 3397; x_wconf 88' lang='grc'>-</span> <span class='ocrx_word' id='word_1_411' title='bbox 2140 3352 2399 3411; x_wconf 83' lang='lat' dir='ltr'><strong>Celebris</strong></span> <span class='ocrx_word' id='word_1_412' title='bbox 2429 3356 2523 3410; x_wconf 87' lang='lat' dir='ltr'><strong>est</strong></span> <span class='ocrx_word' id='word_1_413' title='bbox 2566 3370 2798 3410; x_wconf 82' lang='lat' dir='ltr'><strong>summa</strong></span> <span class='ocrx_word' id='word_1_414' title='bbox 2835 3369 3075 3409; x_wconf 69' lang='lat' dir='ltr'><strong>casuum</strong></span> 
     </span>
     <span class='ocr_line' id='line_1_63' title="bbox 463 3437 3074 3522; baseline 0 -24"><span class='ocrx_word' id='word_1_415' title='bbox 463 3441 797 3518; x_wconf 87' lang='lat' dir='ltr'><strong>theologiae</strong></span> <span class='ocrx_word' id='word_1_416' title='bbox 844 3442 1032 3499; x_wconf 90' lang='lat' dir='ltr'><strong>lector</strong></span> <span class='ocrx_word' id='word_1_417' title='bbox 1079 3438 1138 3522; x_wconf 91' lang='lat'><strong>(†</strong></span> <span class='ocrx_word' id='word_1_418' title='bbox 1180 3437 1391 3520; x_wconf 82' lang='grc'><strong>1492),</strong></span> <span class='ocrx_word' id='word_1_419' title='bbox 1445 3443 1617 3517; x_wconf 89' lang='lat' dir='ltr'><strong>cujus</strong></span> <span class='ocrx_word' id='word_1_420' title='bbox 1649 3446 1743 3500; x_wconf 88' lang='lat' dir='ltr'><strong>est</strong></span> <span class='ocrx_word' id='word_1_421' title='bbox 1798 3445 1851 3501; x_wconf 92' lang='lat' dir='ltr'><strong>b.</strong></span> <span class='ocrx_word' id='word_1_422' title='bbox 1903 3443 2185 3519; x_wconf 86' lang='lat' dir='ltr'><strong>Angeli</strong></span> <span class='ocrx_word' id='word_1_423' title='bbox 2237 3440 2530 3499; x_wconf 90' lang='lat' dir='ltr'><strong>Carleti</strong></span> <span class='ocrx_word' id='word_1_424' title='bbox 2583 3440 2645 3499; x_wconf 92' lang='lat' dir='ltr'><strong>O.</strong></span> <span class='ocrx_word' id='word_1_425' title='bbox 2698 3440 2836 3501; x_wconf 85' lang='lat' dir='ltr'><strong>Min.</strong></span> <span class='ocrx_word' id='word_1_426' title='bbox 2887 3441 3074 3499; x_wconf 84' lang='lat' dir='ltr'><strong>strict.</strong></span> 
     </span>
     <span class='ocr_line' id='line_1_64' title="bbox 462 3528 3075 3606; baseline 0 -18"><span class='ocrx_word' id='word_1_427' title='bbox 462 3530 602 3589; x_wconf 91' lang='lat' dir='ltr'><strong>stilo</strong></span> <span class='ocrx_word' id='word_1_428' title='bbox 632 3531 770 3590; x_wconf 79' lang='lat' dir='ltr'><strong>vivo</strong></span> <span class='ocrx_word' id='word_1_429' title='bbox 802 3533 862 3589; x_wconf 88' lang='lat' dir='ltr'><strong>et</strong></span> <span class='ocrx_word' id='word_1_430' title='bbox 877 3529 1113 3600; x_wconf 85' lang='lat' dir='ltr'><strong>efficaci,</strong></span> <span class='ocrx_word' id='word_1_431' title='bbox 1138 3531 1241 3589; x_wconf 74' lang='lat' dir='ltr'><strong>aed</strong></span> <span class='ocrx_word' id='word_1_432' title='bbox 1262 3531 1514 3606; x_wconf 88' lang='lat' dir='ltr'><strong>simplici</strong></span> <span class='ocrx_word' id='word_1_433' title='bbox 1550 3534 1611 3590; x_wconf 91' lang='lat' dir='ltr'><strong>et</strong></span> <span class='ocrx_word' id='word_1_434' title='bbox 1629 3532 1739 3589; x_wconf 89' lang='lat' dir='ltr'><strong>im·</strong></span> <span class='ocrx_word' id='word_1_435' title='bbox 1798 3533 1921 3591; x_wconf 90' lang='lat' dir='ltr'><strong>obs.</strong></span> <span class='ocrx_word' id='word_1_436' title='bbox 1954 3553 1989 3591; x_wconf 87' lang='lat' dir='ltr'><strong>a</strong></span> <span class='ocrx_word' id='word_1_437' title='bbox 2018 3533 2140 3591; x_wconf 91' lang='lat' dir='ltr'><strong>loco</strong></span> <span class='ocrx_word' id='word_1_438' title='bbox 2171 3531 2362 3606; x_wconf 88' lang='lat' dir='ltr'><strong>patrio</strong></span> <span class='ocrx_word' id='word_1_439' title='bbox 2413 3529 2483 3588; x_wconf 91' lang='lat' dir='ltr'><strong>de</strong></span> <span class='ocrx_word' id='word_1_440' title='bbox 2536 3528 2836 3588; x_wconf 83' lang='lat' dir='ltr'><strong>Clavasi</strong></span> <span class='ocrx_word' id='word_1_441' title='bbox 2856 3549 2889 3588; x_wconf 94' lang='lat' dir='ltr'><strong><em>o</em></strong></span> <span class='ocrx_word' id='word_1_442' title='bbox 2940 3547 3075 3606; x_wconf 85' lang='lat' dir='ltr'><strong>cog-</strong></span> 
     </span>
     <span class='ocr_line' id='line_1_65' title="bbox 459 3618 3074 3696; baseline -0.001 -18"><span class='ocrx_word' id='word_1_443' title='bbox 459 3620 649 3695; x_wconf 85' lang='lat' dir='ltr'><strong>polito</strong></span> <span class='ocrx_word' id='word_1_444' title='bbox 701 3621 1108 3693; x_wconf 80' lang='lat' dir='ltr'><strong>Defensorium</strong></span> <span class='ocrx_word' id='word_1_445' title='bbox 1153 3625 1214 3678; x_wconf 88' lang='lat' dir='ltr'><strong>et</strong></span> <span class='ocrx_word' id='word_1_446' title='bbox 1253 3621 1570 3679; x_wconf 84' lang='lat' dir='ltr'><strong>declaratio</strong></span> <span class='ocrx_word' id='word_1_447' title='bbox 1619 3621 1741 3696; x_wconf 90' lang='lat' dir='ltr'><strong>pri-</strong></span> <span class='ocrx_word' id='word_1_448' title='bbox 1795 3623 2155 3688; x_wconf 89' lang='lat' dir='ltr'><strong>nominatus,</strong></span> <span class='ocrx_word' id='word_1_449' title='bbox 2220 3618 2451 3678; x_wconf 87' lang='lat' dir='ltr'><strong>iteratis</strong></span> <span class='ocrx_word' id='word_1_450' title='bbox 2514 3618 2745 3677; x_wconf 85' lang='lat' dir='ltr'><strong>vicibus</strong></span> <span class='ocrx_word' id='word_1_451' title='bbox 2816 3618 3074 3677; x_wconf 86' lang='lat' dir='ltr'><strong>vicarius</strong></span> 
     </span>
     <span class='ocr_line' id='line_1_66' title="bbox 460 3707 3075 3788; baseline -0 -21"><span class='ocrx_word' id='word_1_452' title='bbox 460 3709 816 3786; x_wconf 87' lang='lat' dir='ltr'><strong>vilegiorum</strong></span> <span class='ocrx_word' id='word_1_453' title='bbox 851 3709 1316 3768; x_wconf 86' lang='lat' dir='ltr'><strong>mendicantium</strong></span> <span class='ocrx_word' id='word_1_454' title='bbox 1348 3710 1410 3767; x_wconf 89' lang='lat' dir='ltr'><strong>in</strong></span> <span class='ocrx_word' id='word_1_455' title='bbox 1429 3729 1472 3767; x_wconf 89' lang='lat' dir='ltr'><strong>c.</strong></span> <span class='ocrx_word' id='word_1_456' title='bbox 1495 3709 1740 3777; x_wconf 77' lang='lat' dir='ltr'><strong>‚Omnis</strong></span> <span class='ocrx_word' id='word_1_457' title='bbox 1794 3711 2088 3788; x_wconf 87' lang='lat' dir='ltr'><strong>generalis</strong></span> <span class='ocrx_word' id='word_1_458' title='bbox 2150 3709 2375 3767; x_wconf 87' lang='lat' dir='ltr'><strong>ordinis</strong></span> <span class='ocrx_word' id='word_1_459' title='bbox 2437 3726 2543 3783; x_wconf 91' lang='lat' dir='ltr'><strong>per</strong></span> <span class='ocrx_word' id='word_1_460' title='bbox 2592 3707 2839 3774; x_wconf 84' lang='lat' dir='ltr'><strong>Italiam,</strong></span> <span class='ocrx_word' id='word_1_461' title='bbox 2902 3708 3075 3783; x_wconf 85' lang='lat' dir='ltr'><strong>cujus</strong></span> 
     </span>
     <span class='ocr_line' id='line_1_67' title="bbox 459 3797 3073 3876; baseline -0.002 -19"><span class='ocrx_word' id='word_1_462' title='bbox 459 3799 776 3873; x_wconf 88' lang='lat' dir='ltr'><strong>utriusque</strong></span> <span class='ocrx_word' id='word_1_463' title='bbox 810 3807 1043 3856; x_wconf 73' lang='lat' dir='ltr'><strong>sexus.‘</strong></span> <span class='ocrx_word' id='word_1_464' title='bbox 1092 3798 1395 3857; x_wconf 86' lang='lat' dir='ltr'><strong>Praecedit</strong></span> <span class='ocrx_word' id='word_1_465' title='bbox 1427 3818 1516 3874; x_wconf 91' lang='lat' dir='ltr'><strong>ep.</strong></span> <span class='ocrx_word' id='word_1_466' title='bbox 1550 3799 1739 3857; x_wconf 89' lang='lat' dir='ltr'><strong>decla·</strong></span> <span class='ocrx_word' id='word_1_467' title='bbox 1796 3818 1974 3876; x_wconf 90' lang='lat' dir='ltr'><strong>opera</strong></span> <span class='ocrx_word' id='word_1_468' title='bbox 2023 3800 2221 3857; x_wconf 84' lang='lat' dir='ltr'><strong>Sixtus</strong></span> <span class='ocrx_word' id='word_1_469' title='bbox 2254 3797 2350 3855; x_wconf 85' lang='lat' dir='ltr'><strong>IV.</strong></span> <span class='ocrx_word' id='word_1_470' title='bbox 2397 3801 2459 3855; x_wconf 88' lang='lat' dir='ltr'><strong>et</strong></span> <span class='ocrx_word' id='word_1_471' title='bbox 2504 3797 2885 3856; x_wconf 87' lang='lat' dir='ltr'><strong>Innocentius</strong></span> <span class='ocrx_word' id='word_1_472' title='bbox 2918 3797 3073 3857; x_wconf 86' lang='lat' dir='ltr'><strong>VIII.</strong></span> 
     </span>
     <span class='ocr_line' id='line_1_68' title="bbox 459 3885 3075 3964; baseline -0 -19"><span class='ocrx_word' id='word_1_473' title='bbox 459 3889 681 3947; x_wconf 87' lang='lat' dir='ltr'><strong>ratoria</strong></span> <span class='ocrx_word' id='word_1_474' title='bbox 687 3888 919 3962; x_wconf 87' lang='lat' dir='ltr'><strong>jurium</strong></span> <span class='ocrx_word' id='word_1_475' title='bbox 936 3891 996 3945; x_wconf 88' lang='lat' dir='ltr'><strong>et</strong></span> <span class='ocrx_word' id='word_1_476' title='bbox 1011 3888 1460 3964; x_wconf 87' lang='lat' dir='ltr'><strong>privilegiorum</strong></span> <span class='ocrx_word' id='word_1_477' title='bbox 1488 3889 1737 3946; x_wconf 76' lang='lat' dir='ltr'><strong>fratrum</strong></span> <span class='ocrx_word' id='word_1_478' title='bbox 1794 3890 1887 3947; x_wconf 90' lang='lat' dir='ltr'><strong>usi</strong></span> <span class='ocrx_word' id='word_1_479' title='bbox 1921 3902 2065 3947; x_wconf 84' lang='lat' dir='ltr'><strong>sunt</strong></span> <span class='ocrx_word' id='word_1_480' title='bbox 2097 3888 2160 3945; x_wconf 89' lang='lat' dir='ltr'><strong>in</strong></span> <span class='ocrx_word' id='word_1_481' title='bbox 2181 3886 2465 3945; x_wconf 88' lang='lat' dir='ltr'><strong>subsidiis</strong></span> <span class='ocrx_word' id='word_1_482' title='bbox 2488 3885 2836 3962; x_wconf 86' lang='lat' dir='ltr'><strong>colligendis</strong></span> <span class='ocrx_word' id='word_1_483' title='bbox 2870 3889 3075 3945; x_wconf 86' lang='lat' dir='ltr'><strong>contra</strong></span> 
     </span>
     <span class='ocr_line' id='line_1_69' title="bbox 460 3973 3075 4055; baseline 0.001 -20"><span class='ocrx_word' id='word_1_484' title='bbox 460 3978 524 4036; x_wconf 92' lang='lat' dir='ltr'><strong>O.</strong></span> <span class='ocrx_word' id='word_1_485' title='bbox 577 3976 825 4035; x_wconf 86' lang='lat' dir='ltr'><strong>Mendic.</strong></span> <span class='ocrx_word' id='word_1_486' title='bbox 876 3979 1081 4034; x_wconf 90' lang='lat' dir='ltr'><strong>contra</strong></span> <span class='ocrx_word' id='word_1_487' title='bbox 1125 3976 1409 4051; x_wconf 86' lang='lat' dir='ltr'><strong>quosdam</strong></span> <span class='ocrx_word' id='word_1_488' title='bbox 1457 3977 1740 4036; x_wconf 89' lang='lat' dir='ltr'><strong>articulos</strong></span> <span class='ocrx_word' id='word_1_489' title='bbox 1795 3978 2017 4037; x_wconf 85' lang='lat' dir='ltr'><strong>Turcas</strong></span> <span class='ocrx_word' id='word_1_490' title='bbox 2067 3980 2128 4035; x_wconf 89' lang='lat' dir='ltr'><strong>et</strong></span> <span class='ocrx_word' id='word_1_491' title='bbox 2174 3977 2238 4034; x_wconf 91' lang='lat' dir='ltr'><strong>in</strong></span> <span class='ocrx_word' id='word_1_492' title='bbox 2287 3976 2526 4052; x_wconf 86' lang='lat' dir='ltr'><strong>negotio</strong></span> <span class='ocrx_word' id='word_1_493' title='bbox 2575 3975 2981 4034; x_wconf 86' lang='lat' dir='ltr'><strong>Waldensium</strong></span> <span class='ocrx_word' id='word_1_494' title='bbox 3014 3973 3075 4055; x_wconf 84' lang='lat'><strong>(†</strong></span> 
     </span>
     <span class='ocr_line' id='line_1_70' title="bbox 459 4061 3073 4143; baseline -0.001 -19"><span class='ocrx_word' id='word_1_495' title='bbox 459 4083 734 4124; x_wconf 89' lang='lat' dir='ltr'><strong>erroneos</strong></span> <span class='ocrx_word' id='word_1_496' title='bbox 785 4065 1156 4140; x_wconf 84' lang='lat' dir='ltr'><strong>quorundam</strong></span> <span class='ocrx_word' id='word_1_497' title='bbox 1208 4066 1630 4141; x_wconf 87' lang='lat' dir='ltr'><strong>magistrorum</strong></span> <span class='ocrx_word' id='word_1_498' title='bbox 1682 4069 1743 4123; x_wconf 91' lang='lat' dir='ltr'><strong>et</strong></span> <span class='ocrx_word' id='word_1_499' title='bbox 1804 4068 2059 4143; x_wconf 80' lang='lat' dir='ltr'><strong>1‘1.Apr.</strong></span> <span class='ocrx_word' id='word_1_500' title='bbox 2088 4061 2298 4139; x_wconf 85' lang='grc'><strong>1493).</strong></span> <span class='ocrx_word' id='word_1_501' title='bbox 2333 4065 2416 4123; x_wconf 86' lang='lat' dir='ltr'><strong>Ea</strong></span> <span class='ocrx_word' id='word_1_502' title='bbox 2435 4065 2509 4122; x_wconf 92' lang='lat' dir='ltr'><strong>ab</strong></span> <span class='ocrx_word' id='word_1_503' title='bbox 2531 4066 2772 4123; x_wconf 88' lang='lat' dir='ltr'><strong>auctore</strong></span> <span class='ocrx_word' id='word_1_504' title='bbox 2787 4065 2901 4122; x_wconf 89' lang='lat' dir='ltr'><strong>dici</strong></span> <span class='ocrx_word' id='word_1_505' title='bbox 2923 4066 3073 4124; x_wconf 87' lang='lat' dir='ltr'><strong>solet</strong></span> 
     </span>
     <span class='ocr_line' id='line_1_71' title="bbox 459 4149 3073 4234; baseline -0.001 -20"><span class='ocrx_word' id='word_1_506' title='bbox 459 4161 801 4214; x_wconf 87' lang='lat' dir='ltr'><strong>curatorum</strong></span> <span class='ocrx_word' id='word_1_507' title='bbox 864 4154 1244 4213; x_wconf 88' lang='lat' dir='ltr'><strong>ecclesiarum</strong></span> <span class='ocrx_word' id='word_1_508' title='bbox 1290 4154 1737 4230; x_wconf 88' lang='lat' dir='ltr'><strong>parochialium,</strong></span> <span class='ocrx_word' id='word_1_509' title='bbox 1794 4149 2132 4234; x_wconf 60' lang='lat' dir='ltr'><strong>anyelaeff),</strong></span> <span class='ocrx_word' id='word_1_510' title='bbox 2184 4157 2364 4229; x_wconf 87' lang='lat' dir='ltr'><strong>atque</strong></span> <span class='ocrx_word' id='word_1_511' title='bbox 2414 4154 2637 4212; x_wconf 90' lang='lat' dir='ltr'><strong>nititur</strong></span> <span class='ocrx_word' id='word_1_512' title='bbox 2682 4153 2924 4213; x_wconf 90' lang='lat' dir='ltr'><strong>Summa</strong></span> <span class='ocrx_word' id='word_1_513' title='bbox 2968 4155 3073 4230; x_wconf 89' lang='lat' dir='ltr'><strong>pi·</strong></span> 
     </span>
     <span class='ocr_line' id='line_1_72' title="bbox 458 4239 3073 4326; baseline -0 -23"><span class='ocrx_word' id='word_1_514' title='bbox 458 4249 519 4303; x_wconf 91' lang='lat' dir='ltr'><strong>et</strong></span> <span class='ocrx_word' id='word_1_515' title='bbox 568 4262 656 4319; x_wconf 91' lang='lat' dir='ltr'><strong>ep.</strong></span> <span class='ocrx_word' id='word_1_516' title='bbox 709 4242 780 4301; x_wconf 87' lang='lat' dir='ltr'><strong>de</strong></span> <span class='ocrx_word' id='word_1_517' title='bbox 833 4243 1083 4302; x_wconf 91' lang='lat' dir='ltr'><strong>simonia</strong></span> <span class='ocrx_word' id='word_1_518' title='bbox 1132 4243 1374 4301; x_wconf 80' lang='lat' dir='ltr'><strong>vitanda</strong></span> <span class='ocrx_word' id='word_1_519' title='bbox 1424 4244 1739 4320; x_wconf 86' lang='lat' dir='ltr'><strong>Novimagi</strong></span> <span class='ocrx_word' id='word_1_520' title='bbox 1796 4263 1979 4304; x_wconf 90' lang='lat' dir='ltr'><strong>sana</strong></span> <span class='ocrx_word' id='word_1_521' title='bbox 2010 4242 2105 4326; x_wconf 90' lang='lat' dir='ltr'><strong>(cf.</strong></span> <span class='ocrx_word' id='word_1_522' title='bbox 2145 4239 2317 4324; x_wconf 82' lang='grc'><strong>612),</strong></span> <span class='ocrx_word' id='word_1_523' title='bbox 2353 4243 2720 4319; x_wconf 84' lang='lat' dir='ltr'><strong>alphabetice</strong></span> <span class='ocrx_word' id='word_1_524' title='bbox 2751 4247 2845 4301; x_wconf 90' lang='lat' dir='ltr'><strong>est</strong></span> <span class='ocrx_word' id='word_1_525' title='bbox 2877 4243 3073 4319; x_wconf 88' lang='lat' dir='ltr'><strong>dispo-</strong></span> 
     </span>
     <span class='ocr_line' id='line_1_73' title="bbox 469 4331 3073 4410; baseline -0.003 -12"><span class='ocrx_word' id='word_1_526' title='bbox 469 4344 632 4398; x_wconf 81' lang='lat'>1479</span> <span class='ocrx_word' id='word_1_527' title='bbox 680 4333 743 4391; x_wconf 88' lang='lat' dir='ltr'><strong>in</strong></span> <span class='ocrx_word' id='word_1_528' title='bbox 779 4343 847 4402; x_wconf 81' lang='lat'><strong>43</strong></span> <span class='ocrx_word' id='word_1_529' title='bbox 912 4332 1181 4392; x_wconf 88' lang='lat' dir='ltr'><strong>Coloniae</strong></span> <span class='ocrx_word' id='word_1_530' title='bbox 1236 4342 1434 4402; x_wconf 79' lang='lat'>1497;</span> <span class='ocrx_word' id='word_1_531' title='bbox 1498 4332 1739 4392; x_wconf 89' lang='lat' dir='ltr'><strong>Parisiis</strong></span> <span class='ocrx_word' id='word_1_532' title='bbox 1795 4335 1925 4402; x_wconf 84' lang='lat' dir='ltr'><strong>sita,</strong></span> <span class='ocrx_word' id='word_1_533' title='bbox 1959 4335 2022 4393; x_wconf 86' lang='lat' dir='ltr'><strong>in</strong></span> <span class='ocrx_word' id='word_1_534' title='bbox 2056 4351 2173 4410; x_wconf 91' lang='lat' dir='ltr'><strong>qua</strong></span> <span class='ocrx_word' id='word_1_535' title='bbox 2204 4331 2497 4408; x_wconf 86' lang='lat' dir='ltr'><strong>quidquid</strong></span> <span class='ocrx_word' id='word_1_536' title='bbox 2539 4332 2685 4390; x_wconf 85' lang='lat' dir='ltr'><strong>utile</strong></span> <span class='ocrx_word' id='word_1_537' title='bbox 2724 4332 2787 4389; x_wconf 93' lang='lat' dir='ltr'><strong>in</strong></span> <span class='ocrx_word' id='word_1_538' title='bbox 2818 4337 2913 4392; x_wconf 84' lang='lat' dir='ltr'><strong>tot</strong></span> <span class='ocrx_word' id='word_1_539' title='bbox 2942 4333 3073 4390; x_wconf 88' lang='lat' dir='ltr'><strong>aliis</strong></span> 
     </span>
     <span class='ocr_line' id='line_1_74' title="bbox 469 4421 3073 4499; baseline -0.003 -14"><span class='ocrx_word' id='word_1_540' title='bbox 469 4433 666 4492; x_wconf 85' lang='lat'>1507;</span> <span class='ocrx_word' id='word_1_541' title='bbox 701 4422 946 4498; x_wconf 84' lang='lat' dir='ltr'><strong>Delphis</strong></span> <span class='ocrx_word' id='word_1_542' title='bbox 989 4433 1170 4485; x_wconf 74' lang='lat'>1508.</span> <span class='ocrx_word' id='word_1_543' title='bbox 1217 4421 1490 4480; x_wconf 80' lang='lat' dir='ltr'><strong>Manuale</strong></span> <span class='ocrx_word' id='word_1_544' title='bbox 1520 4424 1736 4495; x_wconf 83' lang='lat' dir='ltr'><strong>confes·</strong></span> <span class='ocrx_word' id='word_1_545' title='bbox 1794 4424 2074 4499; x_wconf 85' lang='lat' dir='ltr'><strong>operibus</strong></span> <span class='ocrx_word' id='word_1_546' title='bbox 2123 4422 2441 4496; x_wconf 88' lang='lat' dir='ltr'><strong>reperitur,</strong></span> <span class='ocrx_word' id='word_1_547' title='bbox 2494 4422 2840 4497; x_wconf 87' lang='lat' dir='ltr'><strong>praesertim</strong></span> <span class='ocrx_word' id='word_1_548' title='bbox 2887 4422 2950 4480; x_wconf 90' lang='lat' dir='ltr'><strong>in</strong></span> <span class='ocrx_word' id='word_1_549' title='bbox 2996 4440 3073 4481; x_wconf 78' lang='lat' dir='ltr'><strong>ss,</strong></span> 
     </span>
     <span class='ocr_line' id='line_1_75' title="bbox 456 4511 1739 4571; baseline 0 -1"><span class='ocrx_word' id='word_1_550' title='bbox 456 4532 653 4571; x_wconf 84' lang='lat' dir='ltr'><strong>sorum</strong></span> <span class='ocrx_word' id='word_1_551' title='bbox 717 4513 1031 4570; x_wconf 89' lang='lat' dir='ltr'><strong>metricum</strong></span> <span class='ocrx_word' id='word_1_552' title='bbox 1077 4530 1198 4569; x_wconf 88' lang='lat' dir='ltr'><strong>una</strong></span> <span class='ocrx_word' id='word_1_553' title='bbox 1242 4529 1375 4569; x_wconf 90' lang='lat' dir='ltr'><strong>cum</strong></span> <span class='ocrx_word' id='word_1_554' title='bbox 1408 4511 1739 4570; x_wconf 77' lang='lat' dir='ltr'><strong>defensorio</strong></span> 
     </span>
     <span class='ocr_line' id='line_1_76' title="bbox 459 4600 1737 4678; baseline 0 -18"><span class='ocrx_word' id='word_1_555' title='bbox 459 4601 755 4678; x_wconf 82' lang='lat' dir='ltr'><strong>privilegii</strong></span> <span class='ocrx_word' id='word_1_556' title='bbox 786 4605 1045 4676; x_wconf 86' lang='lat' dir='ltr'><strong>quatuor</strong></span> <span class='ocrx_word' id='word_1_557' title='bbox 1076 4600 1350 4659; x_wconf 89' lang='lat' dir='ltr'><strong>ordinum</strong></span> <span class='ocrx_word' id='word_1_558' title='bbox 1399 4600 1737 4661; x_wconf 88' lang='lat' dir='ltr'><strong>mendican-</strong></span> 
     </span>
     <span class='ocr_line' id='line_1_77' title="bbox 461 4689 1737 4767; baseline 0 -18"><span class='ocrx_word' id='word_1_559' title='bbox 461 4692 611 4751; x_wconf 76' lang='lat' dir='ltr'><strong>tium</strong></span> <span class='ocrx_word' id='word_1_560' title='bbox 628 4710 806 4767; x_wconf 88' lang='lat' dir='ltr'><strong>super</strong></span> <span class='ocrx_word' id='word_1_561' title='bbox 828 4690 1131 4749; x_wconf 85' lang='lat' dir='ltr'><strong>audientia</strong></span> <span class='ocrx_word' id='word_1_562' title='bbox 1150 4689 1599 4758; x_wconf 81' lang='lat' dir='ltr'><strong>confessionum,</strong></span> <span class='ocrx_word' id='word_1_563' title='bbox 1633 4690 1737 4749; x_wconf 88' lang='lat' dir='ltr'><strong>Co-</strong></span> 
     </span>
    </p>
   </div>
   <div class='ocr_carea' id='block_1_14' title="bbox 1793 4546 2111 4555">
    <p class='ocr_par' dir='ltr' id='par_1_14' title="bbox 1793 4546 2111 4555">
     <span class='ocr_line' id='line_1_78' title="bbox 1793 4546 2111 4555; baseline 0 809"><span class='ocrx_word' id='word_1_564' title='bbox 1793 4546 2111 4555; x_wconf 95' lang='lat' dir='ltr'><strong> </strong></span> 
     </span>
    </p>
   </div>
   <div class='ocr_carea' id='block_1_15' title="bbox 457 4591 3073 4876">
    <p class='ocr_par' dir='ltr' id='par_1_15' title="bbox 457 4591 3073 4876">
     <span class='ocr_line' id='line_1_79' title="bbox 1875 4591 3072 4663; baseline 0 -18"><span class='ocrx_word' id='word_1_565' title='bbox 1875 4597 1908 4663; x_wconf 89' lang='grc' dir='ltr'><strong>Ι)</strong></span> <span class='ocrx_word' id='word_1_566' title='bbox 1938 4591 2083 4647; x_wconf 84' lang='lat' dir='ltr'><strong>Fuse</strong></span> <span class='ocrx_word' id='word_1_567' title='bbox 2111 4591 2180 4646; x_wconf 88' lang='lat' dir='ltr'><strong>de</strong></span> <span class='ocrx_word' id='word_1_568' title='bbox 2207 4594 2315 4647; x_wconf 92' lang='lat' dir='ltr'><strong>hoc</strong></span> <span class='ocrx_word' id='word_1_569' title='bbox 2354 4592 2478 4660; x_wconf 84' lang='lat' dir='ltr'><strong>agit</strong></span> <span class='ocrx_word' id='word_1_570' title='bbox 2503 4592 2626 4645; x_wconf 85' lang='lat' dir='ltr'><strong>Car.</strong></span> <span class='ocrx_word' id='word_1_571' title='bbox 2661 4592 2919 4646; x_wconf 85' lang='lat' dir='ltr'><strong>Schmidt</strong></span> <span class='ocrx_word' id='word_1_572' title='bbox 2952 4593 3072 4646; x_wconf 88' lang='lat' dir='ltr'><strong>His·</strong></span> 
     </span>
     <span class='ocr_line' id='line_1_80' title="bbox 1795 4663 2823 4724; baseline 0.001 -6"><span class='ocrx_word' id='word_1_573' title='bbox 1795 4665 1939 4719; x_wconf 88' lang='lat' dir='ltr'><strong>toire</strong></span> <span class='ocrx_word' id='word_1_574' title='bbox 1967 4663 2142 4718; x_wconf 75' lang='lat' dir='ltr'><strong>litter.</strong></span> <span class='ocrx_word' id='word_1_575' title='bbox 2171 4663 2239 4716; x_wconf 89' lang='lat' dir='ltr'><strong>de</strong></span> <span class='ocrx_word' id='word_1_576' title='bbox 2266 4664 2507 4717; x_wconf 84' lang='lat' dir='ltr'><strong>l&#39;Alsace</strong></span> <span class='ocrx_word' id='word_1_577' title='bbox 2534 4664 2603 4724; x_wconf 88' lang='lat' dir='ltr'><strong>Il,</strong></span> <span class='ocrx_word' id='word_1_578' title='bbox 2631 4667 2823 4719; x_wconf 87' lang='lat'>1—35.</span> 
     </span>
     <span class='ocr_line' id='line_1_81' title="bbox 564 4733 3073 4799; baseline -0.002 -6"><span class='ocrx_word' id='word_1_579' title='bbox 564 4781 576 4793; x_wconf 91' lang='lat'><strong>.</strong></span> <span class='ocrx_word' id='word_1_580' title='bbox 1868 4745 1906 4794; x_wconf 73' lang='lat'><strong>²»</strong></span> <span class='ocrx_word' id='word_1_581' title='bbox 1937 4736 2019 4790; x_wconf 84' lang='lat' dir='ltr'><strong>Cf.</strong></span> <span class='ocrx_word' id='word_1_582' title='bbox 2065 4735 2298 4789; x_wconf 83' lang='lat' dir='ltr'><strong>Scherer</strong></span> <span class='ocrx_word' id='word_1_583' title='bbox 2341 4733 2453 4787; x_wconf 87' lang='lat' dir='ltr'><strong>KL.</strong></span> <span class='ocrx_word' id='word_1_584' title='bbox 2500 4736 2566 4799; x_wconf 78' lang='lat'><strong>1²,</strong></span> <span class='ocrx_word' id='word_1_585' title='bbox 2618 4738 2753 4794; x_wconf 67' lang='lat'><strong>8452</strong></span> <span class='ocrx_word' id='word_1_586' title='bbox 2804 4734 3073 4789; x_wconf 87' lang='lat' dir='ltr'><strong>Sbaralea</strong></span> 
     </span>
     <span class='ocr_line' id='line_1_82' title="bbox 457 4781 3073 4876; baseline 0 -15"><span class='ocrx_word' id='word_1_587' title='bbox 457 4781 652 4839; x_wconf 53' lang='lat' dir='ltr'><strong>loma&amp;</strong></span> <span class='ocrx_word' id='word_1_588' title='bbox 725 4791 842 4843; x_wconf 78' lang='lat'><strong>¹49</strong></span> <span class='ocrx_word' id='word_1_589' title='bbox 856 4789 885 4840; x_wconf 69' lang='lat'>7</span> <span class='ocrx_word' id='word_1_590' title='bbox 904 4824 916 4846; x_wconf 79' lang='lat'><strong><em>⁹</em></strong></span> <span class='ocrx_word' id='word_1_591' title='bbox 997 4783 1319 4853; x_wconf 63' lang='lat' dir='ltr'><strong>Utrumque</strong></span> <span class='ocrx_word' id='word_1_592' title='bbox 1382 4782 1737 4854; x_wconf 65' lang='lat' dir='ltr'><strong>OPUSCUhlm</strong></span> <span class='ocrx_word' id='word_1_593' title='bbox 1794 4824 1849 4876; x_wconf 88' lang='lat' dir='ltr'><strong>p.</strong></span> <span class='ocrx_word' id='word_1_594' title='bbox 1865 4806 2239 4864; x_wconf 74' lang='lat' dir='ltr'><strong>402Dietter1e</strong></span> <span class='ocrx_word' id='word_1_595' title='bbox 2256 4806 2359 4862; x_wconf 90' lang='lat' dir='ltr'><strong>Die</strong></span> <span class='ocrx_word' id='word_1_596' title='bbox 2380 4806 2641 4865; x_wconf 83' lang='lat' dir='ltr'><strong>franzisk,</strong></span> <span class='ocrx_word' id='word_1_597' title='bbox 2662 4806 2926 4862; x_wconf 83' lang='lat' dir='ltr'><strong>Summae</strong></span> <span class='ocrx_word' id='word_1_598' title='bbox 2948 4822 3073 4861; x_wconf 90' lang='lat' dir='ltr'><strong>con·</strong></span> 
     </span>
    </p>
   </div>
   <div class='ocr_carea' id='block_1_16' title="bbox 456 4877 2448 4947">
    <p class='ocr_par' dir='ltr' id='par_1_16' title="bbox 456 4877 2448 4947">
     <span class='ocr_line' id='line_1_83' title="bbox 456 4877 2448 4947; baseline 0.001 -19"><span class='ocrx_word' id='word_1_599' title='bbox 456 4890 670 4929; x_wconf 87' lang='lat' dir='ltr'><strong>rarum.</strong></span> <span class='ocrx_word' id='word_1_600' title='bbox 1795 4880 2068 4932; x_wconf 84' lang='lat' dir='ltr'><strong>fessorum</strong></span> <span class='ocrx_word' id='word_1_601' title='bbox 2096 4897 2152 4947; x_wconf 89' lang='lat' dir='ltr'><strong>p.</strong></span> <span class='ocrx_word' id='word_1_602' title='bbox 2181 4877 2350 4932; x_wconf 83' lang='lat' dir='ltr'>XXX.</span> <span class='ocrx_word' id='word_1_603' title='bbox 2379 4895 2448 4930; x_wconf 80' lang='lat' dir='ltr'><strong>ss,</strong></span> 
     </span>
    </p>
   </div>
  </div>
 </body>
</html>
