3475 5364
631 355 661 406 5
674 353 708 408 8
719 354 752 406 3
869 339 1236 392 1326—1350.
1254 333 1509 388 Historia
1527 333 1727 403 partic.
1750 333 2054 397 Hermann,
2074 332 2279 394 Bonif„
2298 331 2459 386 Galv,
2477 332 2547 386 de
2564 331 2621 384 la
2638 330 2903 384 Flamma
2919 334 3032 384 etc.
3158 350 3190 398 5
3204 349 3273 399 ‚34

627 541 838 597 porum
860 523 1283 597 pataviensium
1314 520 1458 579 ada.
1488 520 1915 595 1254legitur,
1975 518 2199 576 Studiis
2262 518 2563 577 historicis
2624 519 2689 576 in
2751 517 2965 593 primis
3040 534 3279 574 vacasse

629 629 784 686 quae
816 611 1003 668 eidem
1039 609 1340 684 Bernardo
1385 609 1575 667 tribui
1609 609 1837 667 solebat
1855 603 1915 691 ¹).
1972 613 2203 666 constat
2247 627 2315 667 ex
2363 612 2459 666 tot
2502 607 2782 683 operibus
2815 607 3048 681 partim
3086 605 3279 664 edilis.

630 700 858 759 Horum
920 705 1122 757 tamen
1182 700 1380 773 aliqua
1443 698 1797 756 tribuuntur
1859 701 1919 754 et
1972 698 2188 772 partim
2224 696 2486 766 ineditis,
2531 715 2683 771 quae
2729 696 2985 771 reliquit
2999 692 3074 774 ¹).
3139 695 3277 753 Pro·

631 789 976 864 Sigmaro
1020 788 1321 846 cellerario
1355 787 1786 847 cremifanensi.
1838 786 1918 844 Ea
1973 786 2243 844 dierunt:
2282 786 2570 844 Chronica
2603 789 2855 843 civitatis
2876 786 3280 842 mediolanen·

631 878 1015 955 reperiuntur
1046 877 1224 935 etiam
1256 877 1318 934 in
1351 876 1405 934 J.
1442 876 1720 935 Losert
1741 877 1777 934 b
1812 875 1917 932 Die
1971 878 2053 934 sis
2072 876 2146 933 ab
2167 875 2399 950 origine
2430 877 2598 935 urbis
2629 894 2823 950 usque
2853 875 2931 932 ad
2962 894 3017 931 a.
3041 874 3281 932 circiter

632 966 1210 1041 Geschichtsquellen
1275 984 1389 1024 von
1435 965 1918 1023 Kremsmiinster
1982 973 2142 1027 1336
2192 965 2514 1039 compilata
2560 968 2621 1023 et
2664 968 2927 1022 extracta
2972 983 3051 1021 ex
3103 982 3279 1038 quam

631 1057 710 1113 im
754 1066 845 1119 13.
899 1056 1019 1114 und
1083 1065 1175 1117 14.
1227 1054 1450 1124 Jahrb„
1503 1054 1672 1112 Wien
1741 1065 1849 1116 187
1860 1062 1914 1114 2.
1973 1054 2249 1129 plurimis
2272 1053 2440 1114 libris
2473 1059 2535 1113 et
2554 1054 3087 1129 historiographis.
3111 1069 3279 1127 prae·

635 1179 715 1188 --
752 1145 969 1204 Herm
989 1163 1235 1203 annus
1268 1143 1339 1202 de
1368 1143 1602 1204 Bibra
1634 1137 1914 1225 (Bybera)
1974 1143 2181 1200 sertim
2215 1161 2283 1200 ex
2317 1139 2408 1201 Jo.
2445 1144 2517 1201 de
2549 1143 2895 1202 Cermenate
2943 1145 3007 1200 et
3040 1141 3145 1199 J0.
3179 1141 3280 1198 Co-

631 1233 890 1292 decanus
916 1251 960 1291 s.
982 1233 1200 1292 Mariae
1229 1232 1628 1302 erfordiensis,
1649 1233 1918 1307 provisor
1973 1231 2265 1307 dagnessn,
2322 1232 2502 1291 etiam
2565 1233 2861 1308 appellata
2929 1231 3282 1305 Manipndm

631 1323 835 1382 allodii
869 1322 1145 1380 ecclesiae
1178 1322 1562 1397 moguntinae
1595 1321 1815 1379 ibidem
1834 1319 1915 1402 (fl.
1970 1319 2198 1388 fierunt,
2244 1321 2320 1379 ab
2352 1321 2469 1379 alio
2501 1321 2847 1380 continuata
2878 1322 2954 1378 ad
2988 1341 3043 1382 a.
3094 1328 3280 1381 1371.

636 1406 807 1493 333),
822 1411 1328 1488 collegitReditus,
1347 1411 1695 1469 obventimoes
1711 1417 1760 1466 et
1766 1412 1917 1484 jura
1974 1410 2206 1468 Prodiit
2236 1411 2395 1469 inter
2415 1410 2511 1473 SS.
2535 1429 2645 1469 rer.
2669 1412 2733 1469 it.
2756 1409 2854 1479 xl,
2894 1419 3280 1473 537-740,

631 1504 999 1577 moyuntinae
1030 1501 1290 1558 ecclesiae
1321 1519 1427 1577 per
1445 1503 1642 1574 partes
1659 1499 1918 1557 Thurin·
1976 1500 2059 1557 De
2102 1499 2235 1573 ejus
2282 1505 2523 1558 auctore
2556 1499 2949 1558 wattenbach
2997 1498 3278 1556 acerbam

632 1589 780 1665 giae‚
803 1590 1525 1664 quodscriptumreperies
1543 1588 1700 1663 apud
1717 1589 1914 1647 Alfi-ed
1974 1588 2150 1645 nimis
2202 1606 2513 1646 censuram
2565 1589 2810 1663 profert.
2880 1588 3029 1664 Ejus
3084 1586 3279 1644 veluti

633 1678 1054 1737 Kirchhoff
1091 1678 1187 1736 die
1230 1677 1485 1736 anesten
1518 1677 1920 1735 Weisthiimer
1973 1677 2347 1736 continuatio
2397 1682 2515 1737 est:
2568 1677 2935 1753 Opusculum
2984 1677 3058 1734 de
3110 1677 3280 1734 rebus

633 1768 737 1826 der
785 1768 955 1826 Stadt
1001 1767 1206 1826 Erfurt
1267 1766 1416 1824 iiber
1467 1766 1590 1823 ihre
1643 1766 1920 1840 Stellung
1968 1767 2141 1843 yestis
2200 1767 2273 1825 ab
2321 1768 2538 1842 Azone,
2593 1766 2862 1825 Luchino
2924 1773 2988 1824 81
3037 1766 3279 1824 Joanne

632 1876 767 1915 zum
801 1855 1044 1914 Erzstift.
1077 1855 1279 1920 Mainz‚
1315 1855 1524 1914 Hallae
1553 1864 1719 1919 1870
1757 1875 1810 1930 p.
1838 1865 1915 1918 37
1976 1854 2435 1924 vicecomitibus
2458 1855 2533 1914 ab
2552 1876 2600 1914 a.
2633 1865 3003 1921 1328—42,
3025 1855 3278 1930 adjectis

634 1964 711 2005 ss.
740 1978 827 1988 —
850 1945 1183 2003 Michael
1214 1945 1285 2002 de
1319 1943 1568 2002 Leone
1600 1945 1920 2003 canonicus
1976 1944 2207 2018 aliquot
2251 1944 2744 2004 annotat-ionibus
2779 1989 2986 2006 .....
3040 1944 3177 2002 308.
3210 1946 3276 2000 A.

633 2033 1230 2093 neomonasteriensis
1262 2033 1612 2109 panegyrice
1645 2033 1750 2090 sed
1770 2034 1919 2092 bene
1976 2032 2133 2091 Saxii
2165 2033 2324 2108 apud
2356 2033 2734 2094 Muratori
2767 2034 2846 2092 ib.
2882 2033 3012 2098 XlI,
3052 2044 3276 2095 991—

635 2124 817 2182 refert
847 2125 918 2182 de
949 2123 1352 2182 laudabilibus
1371 2123 1555 2198 gestis
1578 2123 1919 2181 recolendae
1984 2133 2166 2184 1050.
2201 2123 2283 2180 Ex
2318 2123 2593 2182 chronico
2615 2126 3044 2200 extravagante
3076 2123 3153 2180 de
3172 2141 3274 2178 aa·

634 2211 947 2272 memoriae
973 2213 1034 2269 D.
1057 2211 1294 2271 Ottonis
1309 2210 1593 2271 Wolfskel
1611 2231 1701 2286 ep.
1724 2211 1918 2270 herbi-
1974 2212 2335 2286 tiquitatibus
2367 2212 2681 2271 Mediolani
2715 2212 2960 2270 exhibet
2991 2214 3140 2269 Ant.
3176 2210 3275 2268 Ce-

634 2302 896 2377 polensis
929 2298 1421 2381 (1335—1345)
1455 2300 1613 2376 apud
1632 2301 1921 2360 Boehmer
1974 2300 2097 2368 ruti
2119 2301 2179 2358 in
2202 2301 2581 2360 Miscellanea
2599 2301 2659 2359 di
2681 2301 2877 2360 Storia
2897 2301 3078 2358 Italia
3112 2309 3273 2363 1869

635 2392 799 2450 Font.
832 2410 940 2448 rer.
976 2390 1166 2448 Germ.
1200 2395 1242 2448 t.
1276 2390 1318 2446 1.
1972 2389 2307 2464 fragmenta
2351 2390 2577 2466 prolixa
2608 2390 2734 2459 VII,
2787 2399 3173 2458 445—505,
3220 2395 3277 2446 et

1975 2477 2156 2536 simul
2173 2479 2250 2536 ib.
2272 2480 2511 2537 exbibet
2533 2499 2586 2554 p.
2616 2489 2871 2541 506—‘7
2887 2489 2917 2540 ’7
2930 2486 2969 2541 3
3007 2478 3125 2537 sub
3145 2480 3274 2552 ejus

729 2580 871 2638 300.
944 2568 1398 2627 Bonisacius
1460 2570 1547 2627 de
1610 2568 1917 2626 Morano
1973 2566 2213 2626 nomine
2259 2587 2528 2644 magnam
2576 2574 2804 2644 partem
2852 2569 3122 2626 chronici
3154 2586 3275 2623 ma·

637 2655 696 2740 (†
737 2652 928 2739 1349)
976 2656 1224 2733 reliquit
1266 2659 1572 2716 chronicon-
1606 2660 1919 2716 mutinense
1960 2656 2123 2730 jeria
2154 2656 2228 2715 ad
2259 2677 2307 2715 8.
2347 2666 2532 2727 1341,
2569 2676 2721 2733 quae
2752 2656 2895 2716 dein
2927 2657 3120 2716 simul
3152 2656 3273 2715 edi·

637 2744 1060 2829 (1306-42),
1109 2747 1271 2822 quod
1302 2751 1496 2806 exstat
1529 2748 1687 2805 inter
1721 2749 1914 2805 Mura-
1973 2744 2064 2802 dit
2095 2747 2406 2823 Augustae
2438 2747 2609 2806 Taur.
2654 2757 2838 2811 1869.
2890 2747 3275 2807 Chronica

634 2835 1613 2903 1011188181.11.ΧΙ,93-130.-
1631 2837 1719 2894 Jo
1737 2836 1917 2893 anni
1975 2834 2202 2893 ordinis
2234 2835 2308 2893 ab
2328 2856 2376 2894 a.
2409 2846 2844 2899 1170—1333
2880 2836 3112 2912 prodiit
3133 2854 3275 2894 cura

634 2926 794 3001 degli
843 2925 1035 2983 Oddi
1082 2927 1161 3005 (fl.
1207 2926 1395 3001 1335)
1434 2926 1634 3001 judice
1682 2921 1916 3004 111102)
1974 2924 3272 2993 Β8101181118181Μο11111118111801ᾶ.ῦὶ1318811.

633 3013 822 3073 tribui
866 3033 985 3072 non
1032 3014 1328 3073 immerito
1375 3017 1628 3089 possunt
1661 3016 1918 3072 Annales
1974 3012 2111 3070 hist.
2135 3014 2189 3070 11
2210 3016 2345 3072 fasc.
2386 3027 2448 3083 1.,
2483 3015 2546 3072 111
2565 3034 2685 3089 qua
2705 3019 2843 3090 post
2861 3015 3051 3072 vitam
3088 3032 3135 3072 s.
3162 3014 3272 3071 Do·

635 3111 684 3162 et
703 3111 869 3161 notae
893 3122 1230 3178 parmenses
1260 3110 1311 3160 et
1323 3104 1731 3179 ferrarienses,
1768 3122 1918 3178 quae
1973 3101 2195 3172 minici‚
2245 3103 2484 3162 vivendi
2516 3105 2809 3162 rationem
2854 3104 3115 3162 fratrum
3154 3104 3271 3161 vir·

633 3193 949 3252 ediderunt
981 3193 1247 3251 Barbieri
1286 3193 1346 3249 in
1383 3194 1638 3251 Monum.
1673 3192 1812 3250 hist.
1846 3192 1919 3249 ad
1973 3194 2295 3265 tutumque
2346 3194 2645 3251 variarum
2695 3192 3272 3251 commendationem

634 3301 796 3359 prov.
819 3300 1183 3356 parmensem
1217 3282 1626 3357 spectantibus
1646 3281 1752 3350 111,
1798 3295 1917 3344 l—-
1973 3279 2223 3338 disserit
2267 3280 2339 3339 de
2371 3282 2676 3357 prioribus
2724 3286 2786 3340 et
2819 3281 3103 3357 capitulis
3137 3300 3271 3357 pro·

638 3381 782 3439 322,
817 3374 878 3429 et
909 3371 1059 3429 Jaffe
1094 3373 1156 3429 in
1190 3372 1313 3428 MG.
1337 3371 1432 3429 SS.
1455 3371 1663 3441 XVIII,
1701 3380 1918 3434 662-
1974 3370 2327 3428 vincialibus
2359 3389 2520 3446 prov.
2554 3370 2957 3431 Lombardiae.
3003 3371 3080 3428 de
3113 3371 3271 3445 prio·

640 3472 780 3523 790.
813 3494 902 3503 -
932 3460 1097 3519 111181·
1130 3460 1458 3525 historicos,
1495 3461 1599 3534 qui
1644 3460 1918 3519 (1818811-
1973 3458 2143 3516 ribus
2195 3463 2527 3518 conventus
2578 3478 2622 3517 s.
2671 3460 2982 3536 Eustorgii
3036 3459 3269 3518 mediol.

633 3551 797 3609 briae
831 3550 1008 3608 rebus
1055 3570 1124 3608 ex
1158 3548 1416 3625 professo
1448 3551 1752 3625 scripsere,
1800 3567 1919 3608 non
1974 3547 2272 3622 rebusque
2314 3548 2385 3606 ad
2419 3550 2671 3609 eundem
2705 3554 3070 3608 conventum
3104 3566 3269 3624 spec·

632 3640 854 3716 injuria
915 3640 1246 3698 censendus
1309 3644 1401 3695 est
1463 3639 1648 3697 Galv
1670 3658 1918 3715 agnus
1974 3637 2257 3697 tontibus.
2309 3671 2393 3680 --·
2446 3638 2790 3696 Andreas
2844 3638 2976 3695 Dei
3027 3637 3271 3712 scripsit

635 3724 970 3809 (Galvagni)
1021 3729 1091 3786 de
1139 3730 1195 3787 la
1243 3729 1573 3786 Flamma
1607 3728 1919 3788 Mediolani
1980 3725 2227 3784 Cronica
2279 3727 2491 3785 Saneoe
2540 3727 2615 3785 ab
2666 3747 2717 3785 a.
2780 3735 3049 3789 1186-
3088 3735 3266 3789 1328,

633 3820 786 3877 claro
835 3818 1123 3892 sanguine
1164 3818 1418 3893 genitus,
1469 3817 1630 3875 Circa
1660 3836 1708 3874 a.
1758 3828 1912 3879 1317
1975 3834 2152 3889 quam
2200 3816 2575 3874 continuavit
2621 3817 2975 3892 Angelus
3023 3816 3297 3887 Turae·

633 3908 942 3981 ingressus
975 3916 1064 3963 est
1098 3907 1361 3965 ordinem
1411 3924 1453 3963 8.
1491 3906 1779 3964 Dominici
1815 3907 1917 3964 ab·
1977 3902 2064 3984 (di
2097 3900 2278 3983 Tura)
2312 3904 2387 3964 ad
2418 3925 2468 3963 a.
2500 3914 2699 3974 1352;
2732 3905 2963 3980 prodiit
2994 3923 3129 3964 cum
3162 3922 3267 3962 no-

635 3996 950 4069 solutoque
996 3996 1326 4054 studiorum
1377 3996 1671 4053 curriculo
1720 3996 1917 4071 publi·
1973 3994 2055 4051 tis
2109 3993 2425 4052 Humberti
2461 3995 2749 4054 Muratori
2800 3994 2959 4069 apud
2992 3995 3264 4069 Benvog·

633 4103 764 4153 cam
803 4085 866 4141 in
898 4084 1364 4160 archigymnasio
1407 4084 1687 4143 ticinensi
1720 4085 1918 4151 081118-
1976 4083 2150 4141 lienti
2188 4083 2283 4140 88.
2316 4101 2429 4142 rer.
2462 4083 2512 4141 it
2544 4083 2662 4147 XV,
2706 4095 2728 4145 1
2755 4092 3027 4146 1-128,

634 4173 801 4232 dram
854 4191 1154 4231 sacrorum
1218 4192 1508 4231 canonum
1572 4174 1917 4242 illustravit,

634 4263 949 4331 Mediolani
996 4281 1133 4321 vero
1182 4270 1385 4338 postea
1428 4263 1656 4338 primus
1703 4264 1767 4320 in
1814 4282 1921 4321 suo
2070 4272 2211 4323 301.
2259 4262 2352 4319 Ad
2380 4262 2685 4320 historiam
2720 4264 3060 4320 missionum
3104 4280 3261 4336 spec-

634 4356 930 4410 conventu
962 4352 1342 4411 Aristotelem
1375 4357 1464 4409 est
1497 4351 1921 4426 interpretatus
1975 4353 2109 4407 tant
2159 4350 2444 4426 epistolae
2504 4349 2542 4407 J
2559 4352 2838 4419 oannis
2903 4371 2937 4409 a
2988 4352 3262 4409 Monte·

634 4446 813 4515 atque
847 4440 1277 4518 philosophiam
1303 4442 1505 4501 docuit
1540 4439 1599 4521 (†
1632 4460 1674 4498 c.
1714 4437 1919 4519 1340).
1978 4435 2155 4497 coris
2176 4440 2192 4496 i
2213 4459 2300 4496 no
2335 4440 2397 4497 Ο.
2432 4439 2588 4507 Min„
2638 4459 2817 4514 quem
2850 4440 3135 4513 Nicolaus
3170 4437 3258 4497 IV.

649 4566 672 4571 -
1976 4528 2240 4602 legatum
2286 4531 2347 4587 in
2380 4528 2806 4588 remotissimas
2842 4529 3099 4588 Orientis
3132 4547 3260 4603 par·

715 4616 748 4693 ξ)
777 4612 858 4665 Cf.
903 4611 1163 4665 Potthast
1205 4632 1259 4682 p.
1281 4616 1406 4692 11011.
1435 4616 1566 4669 618;
1615 4610 1782 4733 ῌὶιὲῐι
1812 4610 1921 4663 Das
1976 4624 2065 4675 tes
2100 4639 2147 4674 a.
2182 4626 2346 4679 1258
2372 4617 2550 4688 misit,
2587 4618 2813 4692 quique
2835 4618 2930 4677 vel
2950 4618 3256 4694 imperium

639 4682 875 4736 Wirkcn
938 4684 1037 4736 der
1088 4682 1649 4736 lienediktiuerabtel
1753 4699 1921 4735 rems-

635 4758 902 4817 munster,
935 4755 1065 4807 Liuz
1097 4759 1233 4810 184⁸
1261 4773 1315 4823 p.
1344 4759 1412 4809 23
1426 4773 1492 4806 ss.
2042 4762 2057 4765 *
2212 4762 2251 4765 ⁷

665 4820 668 4827 ’
710 4834 750 4883 ’l
791 4827 1052 4881 Memorio
1115 4826 1269 4891 degli
1333 4824 1520 4878 scritta.
1585 4824 1825 4894 parniig.
1884 4825 1920 4885 1,
2059 4828 2091 4879 ¹]
2121 4824 2202 4879 cf.
2242 4823 2507 4877 Potthast
2546 4843 2601 4893 p.
2626 4827 2763 4879 489:
2820 4824 3073 4893 Argelati
3132 4822 3256 4875 bibl.

632 4903 898 4959 281-87,
1976 4897 2168 4965 script.
2196 4896 2343 4949 med.
2376 4897 2413 4947 1.
2444 4912 2500 4964 p.
2525 4901 2558 4950 2
2586 4914 2639 4965 p.
2667 4899 2773 4950 625
2800 4913 2873 4948 ss.
