3475 5364
1471 338 1755 392 lietardus
1783 338 2009 392 Groote.
2926 356 2956 406 7
2974 354 2999 405 1
3013 353 3047 406 8

434 365 502 415 71
522 363 550 412 7

431 531 575 590 Ecce
604 547 852 605 sponsus
880 530 1046 596 venit,
1097 528 1242 586 exite
1272 527 1494 586 obviam
1526 528 1578 584 ei
1607 544 1710 600 ap·
1767 527 2026 600 primum
2056 524 2144 582 ed.
2167 523 2312 581 Rud.
2348 523 2391 580 L
2409 520 2755 598 angenbe
2773 541 2855 598 rg
2877 520 3050 590 Quol-

429 620 610 696 plicat
640 618 715 676 ad
747 617 1009 683 diversos
1055 616 1348 675 adventus
1383 614 1602 675 Christi
1652 619 1713 672 et
1768 616 1862 673 len
1908 614 2030 672 und
2078 613 2497 688 Forschungen
2541 631 2646 670 zur
2695 611 2896 669 Gesch.
2948 610 3052 668 der

428 709 502 768 ad
534 708 737 768 modos
769 707 981 775 varios,
1017 705 1234 780 quibus
1283 706 1478 763 anima
1526 703 1712 763 chris·
1767 704 2088 763 deutschen
2122 702 2359 778 Mystik‚
2393 702 2565 760 Bonn
2605 708 2788 762 1902.
2833 699 3051 768 Quam-

428 799 589 858 tiana
620 798 677 856 ei
707 795 979 855 occurrit.
1012 797 1084 854 In
1114 796 1152 853 1.
1188 806 1234 856 1.
1257 794 1384 871 agit
1401 793 1475 852 de
1495 795 1712 852 ornatu
1768 794 1856 852 vis
1891 811 2028 852 vero
2060 794 2122 850 in
2158 791 2244 850 his
2275 789 2433 848 haud
2453 807 2642 865 pauca
2671 788 2930 865 benigna
2958 789 3048 846 in·

429 888 584 946 vitae
614 885 852 945 moralis
877 891 938 944 et
951 885 1206 954 activae3
1239 884 1303 941 in
1337 883 1479 945 2.de
1495 887 1711 940 ornatu
1767 882 2007 960 digeant
2053 879 2561 956 interpretatione,
2610 879 2810 954 magni
2855 882 3053 937 tamen

427 977 584 1035 vitae
617 974 950 1051 spiritualis
984 978 1044 1032 et
1074 973 1405 1042 affectivae;
1452 972 1517 1030 in
1553 982 1607 1034 3.
1641 971 1713 1030 de
1767 992 1900 1031 eum
1949 971 2175 1030 faciunt
2221 969 2421 1028 Sixtus
2470 968 2747 1034 senensis,
2799 967 3051 1034 Lessius‚

429 1072 647 1126 ornatu
692 1064 851 1122 vitae
902 1062 1423 1138 superessentialis
1468 1067 1529 1119 et
1573 1079 1707 1120 con·
1769 1061 2084 1137 Dionysius
2131 1059 2576 1128 Caithusianu8‚
2627 1057 2731 1133 qui
2781 1076 2913 1116 eum
2967 1056 3051 1114 al-

426 1153 826 1230 templativae.
888 1151 960 1209 In
1003 1153 1115 1211 hoc
1159 1171 1249 1227 op.
1291 1170 1465 1209 suum
1497 1150 1710 1226 mysti-
1767 1155 1964 1209 terum
1980 1149 2326 1225 Dionysium
2344 1147 2760 1224 Areopagitam
2773 1145 3051 1222 appellat,

429 1264 562 1303 cum
595 1247 855 1319 systema
899 1241 1087 1317 magis
1132 1260 1313 1316 quam
1360 1241 1421 1298 in
1468 1240 1604 1298 aliis
1650 1239 1710 1297 ll.
1769 1240 2021 1298 Thomas
2051 1238 2361 1312 aKempiS,
2395 1237 2647 1295 Thomas
2681 1257 2716 1294 a
2744 1235 2891 1294 Jesu
2923 1238 3051 1302 ete„

428 1332 658 1392 evolvit.
716 1331 887 1389 Visus
923 1333 1121 1389 autem
1156 1332 1250 1389 est
1281 1330 1318 1387 1.
1357 1339 1410 1392 3.
1444 1328 1712 1389 docuisse
1769 1329 1927 1388 unde
1959 1348 1993 1387 a
2024 1326 2330 1387 nonnullis
2361 1326 2555 1384 dictus
2576 1329 2669 1385 est
2689 1325 2937 1395 ,doctor
2955 1343 3052 1382 ex-

432 1422 727 1491 „animam
773 1419 1029 1496 perfecta
1062 1420 1168 1478 Dei
1213 1418 1711 1493 contemplatione
1770 1419 2036 1489 staticus,
2070 1416 2323 1485 divinus,
2356 1416 2734 1474 illuminatus
2753 1411 2816 1496 ¹).
2834 1421 2861 1451 ⁴³

428 1531 546 1571 non
579 1510 774 1569 solum
804 1508 1006 1568 videre
1057 1527 1192 1567 eum
1224 1527 1333 1583 per
1363 1507 1709 1576 claritatem,

428 1619 582 1675 quae
613 1603 706 1658 est
735 1598 937 1658 divina
985 1597 1255 1668 essentia,
1307 1597 1410 1655 sed
1456 1595 1712 1671 quodam

429 1689 600 1749 modo
634 1706 818 1746 unum
870 1704 1003 1745 cum
1056 1707 1125 1746 ea
1174 1686 1328 1766 fieri,
1346 1689 1407 1745 et
1458 1686 1620 1744 abire
1650 1686 1714 1743 in
1769 1704 1908 1763 gere
1986 1683 2404 1744 Gerardum
2483 1679 2711 1763 (Geert)
2773 1682 3056 1741 Groote

427 1779 615 1854 ipsam
650 1778 978 1836 claritatem
1026 1776 1284 1835 divinam
1340 1776 1414 1834 ab
1464 1775 1713 1850 ejusque
1771 1772 1994 1856 (Groet,
2059 1769 2336 1850 Magnus)
2399 1772 2890 1836 daventriensem‚
2953 1770 3057 1845 qui

428 1868 639 1945 abysso
674 1865 1022 1927 absorberi.‘
1085 1866 1207 1925 Hoc
1239 1863 1709 1940 oppugnandum
1768 1865 1963 1940 ipsum
1995 1863 2237 1922 maximi
2284 1861 2438 1923 fecit.
2503 1862 2695 1921 Natus
2738 1864 2831 1919 est
2887 1868 3051 1923 1:340

429 1957 543 2015 sibi
595 1955 850 2031 sumpsit
880 1954 1129 2014 Gereon:
1165 1975 1200 2014 a
1230 1954 1320 2013 Jo.
1355 1953 1426 2012 de
1460 1953 1711 2012 Schoen-
1771 1953 2141 2015 Daventriae.
2174 1951 2413 2009 Parisiis
2434 1950 2780 2027 theologiae,
2815 1948 3054 2007 medici-

429 2046 599 2104 havia
659 2040 1105 2127 (Schoenhoven
1166 2041 1201 2110 †
1254 2038 1448 2122 1431)
1511 2046 1714 2101 tamen
1769 2061 1879 2100 nae
1910 2044 1973 2100 et
1998 2041 2123 2117 juri
2158 2040 2436 2100 canonico
2470 2040 2636 2098 dedit
2667 2057 2902 2114 operam
2936 2039 3055 2096 Bu-

429 2135 712 2203 monituS‚
764 2133 829 2191 in
878 2134 1064 2192 altera
1095 2132 1479 2208 responsione
1509 2131 1714 2190 mitius
1770 2131 1977 2202 ridani‚
2012 2130 2263 2189 Oresmii
2294 2134 2404 2190 etc.
2434 2130 2775 2205 discipulus
2808 2127 3058 2186 «Iuvenis

430 2224 501 2282 de
532 2242 599 2282 eo
632 2227 829 2281 censet
876 2226 1055 2297 atque
1087 2221 1331 2291 fatetur,
1375 2221 1711 2296 Ruysbroe·
1771 2241 1823 2282 a.
1866 2229 1937 2282 18
1964 2221 2086 2294 jam
2122 2219 2342 2277 artium
2374 2219 2654 2295 magister
2699 2221 2790 2276 est
2834 2234 3054 2274 renun-

429 2313 594 2371 kium
629 2312 846 2371 diserte
880 2311 1024 2371 alibi
1069 2329 1286 2386 ponere
1322 2311 1519 2385 ,quod
1554 2328 1708 2368 crea·
1769 2310 1974 2370 clatus,
2006 2309 2077 2368 In
2109 2308 2360 2383 patriam
2392 2308 2576 2366 redux
2608 2307 2866 2366 scholam
2891 2305 3055 2363 rexit.

430 2406 572 2461 tura
602 2401 766 2460 nullo
780 2400 956 2460 modo
970 2399 1169 2477 perdit
1198 2417 1322 2458 esse
1338 2418 1531 2468 suum,
1553 2397 1713 2472 quod
1769 2398 2001 2474 Adepto
2036 2395 2341 2472 Ultrajecti
2387 2400 2448 2454 et
2478 2395 2837 2472 Aquisgrani
2882 2413 3056 2453 cano·

432 2491 609 2549 habet
638 2491 701 2548 in
732 2490 969 2566 proprio
1000 2508 1214 2565 genere
1228 2484 1338 2570 1).“ι
1404 2488 1708 2563 Speculum
1769 2487 1977 2546 nicatu
2036 2487 2224 2544 vitam
2286 2485 2460 2545 duxit
2521 2491 2613 2544 sat
2673 2484 3053 2551 commodam,

1862 1605 2003 1659 364.
2038 1596 2089 1654 A
2121 1594 2526 1670 Ruysbroekio
2552 1594 2836 1654 nolumus
2856 1592 3054 1668 sejun-

429 2581 637 2638 salutis
667 2586 930 2637 aetertum
958 2597 1066 2654 pro
1098 2578 1322 2637 novitia
1338 2577 1401 2636 Ο.
1419 2596 1461 2635 s.
1480 2577 1710 2645 Claram

429 2669 498 2728 de
527 2670 746 2729 calculo
777 2667 872 2748 (cf.
903 2671 1080 2743 Apoc.
1118 2675 1174 2739 2,
1205 2662 1308 2749 17)
1344 2667 1465 2726 sive
1485 2666 1558 2725 de
1578 2686 1711 2742 per·

431 2758 679 2819 sectione
710 2757 968 2817 filiorum
990 2758 1113 2827 Dei,
1147 2776 1297 2833 opus
1317 2776 1437 2816 non
1457 2757 1530 2814 ab
1551 2757 1710 2817 omni

429 2849 691 2907 immune
723 2846 1093 2922 exception03
1144 2848 1212 2904 de
1253 2848 1367 2920 fide
1398 2854 1449 2903 et
1465 2847 1709 2921 judicio,

429 2938 492 2994 in
508 2955 625 3012 quo
641 2936 973 3013 symbolum
997 2935 1380 3009 apostolicum
1405 2936 1681 3010 explanat
1697 2956 1710 3005 3

430 3027 498 3084 de
541 3019 834 3084 duodecim
879 3026 1202 3095 virtutibus,
1254 3026 1316 3082 in
1368 3044 1485 3099 quo
1536 3024 1715 3100 plura

430 3115 927 3189 habentunquae
959 3114 1079 3172 fere
1113 3114 1186 3171 ad
1217 3115 1464 3172 verbum
1513 3133 1710 3173 recur-

430 3207 575 3263 runt
604 3203 764 3280 apud
799 3204 947 3262 alios
979 3203 1256 3278 mysticos
1277 3203 1444 3261 illius
1477 3205 1708 3279 tempo-

429 3294 540 3361 ris;
592 3295 659 3350 de
703 3300 912 3372 septem
957 3292 1239 3367 madibus
1284 3294 1539 3367 amoris;
1585 3310 1709 3368 req-

431 3401 570 3441 num
602 3384 930 3440 amantium
946 3381 1056 3439 Dei
1065 3403 1094 3453 ,·
1110 3381 1341 3439 Samuel
1370 3381 1492 3438 sive
1508 3381 1578 3439 de
1597 3380 1715 3439 alta

432 3472 944 3546 contemplatione,
1009 3470 1071 3528 in
1133 3489 1252 3545 quo
1303 3470 1527 3545 pariter
1587 3471 1715 3545 ejus

432 3565 694 3636 systema
724 3559 1050 3636 reperitur;
1097 3561 1167 3617 de
1196 3576 1334 3617 vera
1366 3560 1711 3634 comempla-

432 3652 580 3708 tione
593 3671 623 3721 ,·
641 3649 1043 3709 commentarii
1058 3650 1120 3706 in
1131 3649 1569 3707 tabernaculum
1590 3645 1710 3706 Mo-

430 3741 512 3797 sis
542 3743 602 3797 et
632 3739 705 3797 ad
735 3738 887 3797 illud
922 3738 1291 3814 pertinentia,
1326 3756 1430 3796 seu
1448 3737 1521 3795 de
1540 3736 1711 3812 spiri·

430 3829 581 3887 tuali
644 3828 1052 3897 taberniacum,
1117 3844 1265 3903 opus
1315 3846 1456 3902 prae
1507 3825 1716 3885 ceteris

432 3917 741 3992 prolixum,
789 3917 851 3974 in
897 3936 1014 3992 quo
1068 3915 1382 3992 allegorice
1414 3916 1613 3976 omnia
1644 3915 1715 3973 de

433 4007 556 4064 vita
587 4005 883 4082 spirituali
916 4010 977 4064 et
1007 4023 1142 4063 vere
1176 4004 1500 4064 christiana
1532 4005 1714 4064 inter-

431 4098 718 4170 pretatur.
767 4095 858 4152 Tr.
906 4096 975 4153 de
1006 4094 1267 4153 Simonia
1311 4094 1383 4152 ad
1416 4094 1716 4170 Begutbas

514 4267 546 4333 ¹)
575 4264 657 4318 Of.
685 4264 977 4319 Fabricius
1007 4264 1100 4327 lv,
1127 4270 1247 4320 411.
1296 4264 1375 4319 Cf.
1407 4262 1618 4332 scripta
1647 4264 1716 4317 de

429 4334 538 4389 hac
563 4336 949 4389 controversia
991 4336 1140 4389 inter
1182 4351 1352 4405 opera
1389 4335 1647 4390 Gereonii
1679 4335 1715 4397 1,

431 4410 499 4462 59
526 4424 596 4461 ss.
624 4406 707 4461 Ibi
735 4406 907 4460 etiam
948 4407 1194 4477 reperies
1228 4410 1602 4472 Defensorium
1628 4411 1712 4459 Jo.

435 4479 770 4533 Ruisbrockii
794 4480 868 4533 ab
895 4479 1018 4571 ejus
1045 4478 1229 4533 sodali
1257 4478 1288 4531 J
1295 4495 1344 4531 o.
1372 4477 1442 4531 de
1471 4477 1717 4532 Schoen-

430 4548 616 4602 hoven
633 4550 853 4604 editum
873 4571 885 4608 ς
914 4549 1105 4604 btbckl
1123 4549 1376 4604 Geschd
1394 4548 1604 4604 Philos.
1621 4549 1718 4602 des

433 4619 573 4676 MA..
603 4621 789 4675 Mainz
818 4625 973 4677 1865.
995 4623 1060 4685 ΙΙ,
1079 4626 1216 4678 1137
1235 4638 1304 4674 ss.
1324 4620 1720 4689 z-Engelhardt

433 4690 589 4747 Rich.
636 4710 747 4746 von
788 4692 868 4747 St.
913 4692 1109 4746 Victor
1150 4693 1268 4746 und
1307 4692 1433 4745 Joh.
1477 4708 1589 4745 von
1633 4691 1716 4754 R„

1769 2577 1953 2636 donec
2002 2575 2253 2635 monitis·
2273 2575 2524 2650 piissimi
2574 2574 2810 2633 Henrici
2872 2573 3054 2631 calca·

1767 2665 1977 2725 riensis
2051 2664 2425 2724 carthusiani
2498 2664 2793 2739 impulsus
2868 2679 3058 2723 mores

1769 2754 2037 2815 mutavit
2095 2755 2427 2831 pietatique
2500 2773 2560 2813 se
2622 2756 2818 2813 totum
2879 2751 3057 2812 dedit.

1769 2844 2157 2904 canonicatui
2218 2843 2593 2902 renunciavit
2654 2843 2779 2901 solo
2830 2841 3061 2899 diaconi

1769 2936 2087 2993 contentus
2121 2933 2326 2991 ordine
2358 2928 2603 3013 (1374).
2666 2933 2934 3008 Impense
2967 2932 3058 2989 in·

1769 3023 1930 3081 stitit
1989 3022 2443 3098 praedicationis
2490 3041 2753 3089 munere,
2812 3022 3059 3097 egitque

1770 3118 2017 3171 strenue
2049 3111 2330 3170 adversus
2361 3110 2595 3179 fratres,
2647 3111 2753 3184 qui
2785 3109 3059 3168 diceban·

1768 3206 1870 3260 tur
1901 3201 2148 3276 spiritus
2182 3200 2371 3270 liberi,
2419 3201 2797 3258 vehementer
2826 3217 3061 3274 quoque

1769 3292 2099 3349 insectatus
2155 3294 2245 3348 est
2305 3290 2513 3364 populi
2582 3288 2836 3364 clerique
2903 3287 3057 3345 vitia.

1770 3379 1958 3438 Tanto
1993 3383 2196 3436 autem
2228 3379 2455 3437 fervore
2501 3380 2564 3435 et
2595 3377 2797 3436 fructu
2829 3377 3059 3436 concio-

1769 3468 2047 3536 nabatur,
2081 3472 2152 3526 ut
2183 3467 2354 3525 aedes
2387 3484 2584 3524 sacrae
2631 3469 2691 3524 et
2722 3465 3061 3525 coemiteria

1772 3556 2115 3615 auditorum
2149 3574 2358 3632 capere
2376 3574 2497 3613 non
2520 3558 2763 3630 possent
2781 3553 3057 3628 frequen-

1770 3646 1921 3704 tiam
1953 3646 2199 3720 ipseque
2231 3644 2661 3703 haereticorum
2695 3644 3060 3702 salutaretur

1773 3735 2037 3794 malleus.
2071 3733 2288 3792 Docuit
2319 3737 2518 3792 autem
2551 3751 2691 3808 prae
2723 3732 2932 3807 primis
2967 3732 3060 3789 lu—

1772 3823 2069 3882 cidissimo
2104 3825 2340 3881 sanctae
2372 3822 2529 3880 vitae
2561 3822 2845 3896 exemplo,
2878 3821 3055 3878 Insti-

1772 3914 1896 3971 tuit
1927 3914 2106 3971 etiam
2138 3912 2293 3988 piam
2316 3912 2562 3970 fratrum
2588 3929 2694 3969 seu
2715 3910 3057 3969 clericorum

1774 4039 1853 4046 ——v-
2030 4038 2089 4043 ⁴-

1860 4124 1891 4185 ·)
1937 4119 2017 4173 Cf.
2074 4119 2140 4171 de
2192 4118 2414 4189 origine
2468 4117 2793 4170 monasterii
2846 4117 3060 4170 Viridis

1778 4191 1947 4245 vallis
1974 4192 2034 4245 in
2063 4191 2334 4243 analectis
2376 4190 2508 4243 boll.
2539 4192 2578 4241 t.
2606 4188 2696 4241 lV.
2738 4191 2796 4241 et
2828 4189 3060 4242 seorsim

1780 4263 2054 4317 Bruxellis
2107 4266 2262 4325 1885,
2314 4261 2373 4313 in
2425 4278 2540 4328 qua
2589 4259 2836 4330 reperies
2888 4260 3058 4319 Henr,

1776 4334 2102 4388 Pomerii
2144 4334 2321 4386 vitam
2361 4332 2447 4391 Fr,
2484 4332 2567 4386 JO.
2597 4331 2954 4391 Ruusbroecz
2997 4332 3059 4385 O.

1776 4405 2005 4459 Schmid
2033 4404 2169 4476 allg.
2202 4404 2469 4457 deutsche
2498 4402 2686 4471 Biogr.
2714 4408 2799 4468 29,
2828 4408 2932 4460 626
2958 4420 3059 4459 ss.:
3143 4403 3145 4407 ’

1776 4481 1864 4529 Au
1909 4493 1968 4530 er
2018 4476 2087 4529 de
2139 4477 2399 4530 doctrina
2450 4478 2508 4528 et
2551 4474 2765 4529 meritis
2817 4475 2904 4527 JO.
2950 4491 3061 4526 van

1777 4548 1839 4603 R.
1909 4548 1994 4603 'ss
2024 4548 2200 4601 theol.
2242 4545 2478 4600 Lovanii
2507 4550 2672 4601 1892:
2728 4545 2939 4599 Etudes
2967 4563 3063 4598 sur

1777 4620 1855 4673 les
1884 4619 2197 4687 mystiques
2214 4620 2311 4671 des
2330 4617 2605 4685 pays-Bas
2621 4634 2694 4669 au
2716 4634 2917 4685 moyen
2938 4620 3061 4686 age,

1774 4691 1906 4745 diss,
1938 4690 2189 4760 praemio
2217 4692 2486 4744 coronata
2526 4688 2595 4741 ab
2632 4688 2924 4741 academia
2951 4688 3063 4739 bel-

433 4760 718 4834 Erlaugen
763 4768 928 4823 18:382
977 4763 1243 4818 Schroedl
1285 4763 1396 4816 KL.
1437 4764 1503 4827 X,
1552 4768 1716 4819 1422:
1776 4762 1906 4832 gica
1932 4765 2072 4818 1892
2100 4765 2140 4814 t.
2172 4761 2437 4823 XLVl‚et
2453 4760 2689 4828 Compte
2707 4760 2887 4812 rendu
2908 4758 2983 4811 du
3002 4763 3061 4813 30

432 4832 608 4890 DeJo.
626 4835 696 4887 de
712 4836 1299 4890 Schoenhovencf.
1329 4833 1717 4897 Tritheimius‚
1776 4835 2011 4903 congres
2051 4832 2408 4900 soientifique
2450 4832 2546 4885 des
2589 4830 2952 4897 Catholiques
2994 4829 3059 4889 II,

433 4905 536 4974 qui
562 4905 731 4976 plura
757 4906 808 4959 ei
837 4907 1041 4960 tribuit
1067 4906 1126 4961 ll.
1157 4906 1436 4960 asceticos.
1780 4904 2060 4957 Bruxellis
2090 4908 2229 4960 1895
2256 4922 2310 4972 p.
2339 4908 2441 4958 297
2472 4920 2541 4955 ss.
