3475 5364
442 372 564 421 (557
1019 349 1179 409 Rom.
1211 348 1528 403 Pontifices.
1558 346 1819 401 Clemens
1850 346 1958 410 vl„
1990 346 2357 400 Innocentius
2388 346 2480 407 Vl..
2939 363 3062 417 658

1750 529 1753 536 ι

439 536 858 596 fundatoribus
889 535 1149 603 urbium,
1197 535 1272 593 de
1309 533 1723 597 inventoribus

440 646 658 695 rerum,
706 626 779 684 de
825 624 1031 699 primis
1076 623 1473 701 dignitatibus
1518 621 1724 682 ordine
1783 620 2091 687 medicum,
2124 621 2229 695 qui
2261 626 2401 697 post
2434 630 2513 684 23
2549 641 2599 680 a.
2639 621 3065 698 peregrinatio—

439 714 812 791 alphabetico
842 713 931 771 illi
965 731 1106 773 aevo
1137 713 1470 788 perutilem,
1512 712 1576 770 in
1608 729 1726 786 quo
1752 709 1758 866 1
1782 730 1918 769 nem
1948 710 2153 769 Leodii
2185 709 2379 769 sedem
2414 710 2540 767 fixit
2556 710 2821 785 obiitque
2844 719 2896 773 7.
2923 711 3064 772 Nov.

440 804 620 864 multi
650 803 965 879 scriptores
1011 802 1085 860 ab
1117 801 1550 860 Anaximandro
1596 801 1725 876 phi·
1794 809 1976 863 1376.
2009 799 2155 874 Ejus
2176 800 2565 858 Itinerarium
2586 803 2799 858 aterra
2815 799 3068 876 Angliae

441 894 685 968 losepho
716 892 1013 966 multique
1044 891 1183 949 libri
1201 909 1322 950 non
1341 891 1472 948 noti
1502 908 1725 948 memo·
1753 871 1759 1010 ι
1783 889 1844 947 in
1875 892 2080 964 partes
2112 888 2661 964 hierosolymitanas
2707 892 2768 947 et
2815 888 2879 947 in
2909 890 3065 947 ulte·

440 985 673 1052 rantur,
707 981 972 1040 Venetiis
1012 990 1175 1044 1547
1212 980 1299 1039 ed.
1331 980 1560 1038 mendis
1592 978 1725 1037 infi-
1754 1015 1759 1054 ἰ
1785 978 1967 1037 riores
1997 978 2424 1036 transmarinas
2454 977 2529 1036 ab
2549 981 2790 1036 auctore
2808 977 3069 1053 primum

440 1072 586 1133 uitis
646 1070 892 1138 foedata,
956 1074 1028 1128 ut
1089 1070 1184 1127 vix
1248 1069 1546 1128 sententia
1589 1071 1727 1143 apta
1784 1067 1996 1144 gallice
2029 1068 2317 1142 scriptum
2351 1086 2400 1124 a.
2431 1075 2616 1136 1355,
2649 1070 2854 1142 postea
2887 1066 3067 1125 latine

442 1164 707 1230 eruatur,
741 1159 940 1218 hiulca
970 1162 1030 1218 et
1061 1160 1258 1217 lacera
1288 1159 1351 1217 in
1397 1157 1603 1216 multis
1635 1175 1724 1215 se·
1784 1176 2043 1226 versum,
2109 1156 2346 1232 saepius
2406 1155 2646 1232 prodiit,
2711 1174 2753 1213 S.
2806 1155 2843 1212 l.
2907 1160 3065 1214 eta.

442 1250 703 1308 cundum
726 1248 1022 1324 judicium
1058 1247 1477 1306 Montlauconii
1508 1247 1572 1304 in
1605 1246 1728 1305 dia·
1789 1243 1861 1327 (c.
1904 1247 2092 1323 1485)
2128 1245 2217 1303 ed.
2250 1264 2413 1315 rara;
2448 1245 2629 1304 etiam
2660 1245 2724 1303 in
2754 1244 2904 1302 alias
2939 1262 3067 1303 ver·

441 1339 532 1401 rio
561 1338 758 1398 italico
792 1357 846 1413 p.
882 1347 983 1405 48,
1036 1337 1141 1411 qui
1170 1341 1484 1411 propterea
1514 1354 1726 1394 novam
1787 1354 1920 1393 sum
1953 1336 2205 1412 linguas.
2239 1334 2318 1393 cf.
2352 1333 2684 1404 Roehricht,
2719 1334 2823 1408 qui
2868 1332 2930 1390 in
2959 1352 3068 1392 sua

440 1428 802 1504 promiserat
820 1427 1155 1494 editionem,
1192 1445 1371 1501 quam
1385 1429 1587 1483 tamen
1611 1443 1729 1483 non
1787 1424 1926 1482 bibl.
1976 1424 2273 1499 copiosam
2313 1423 2549 1482 exhibet
2597 1424 2964 1481 literaturam
3011 1442 3066 1497 p.

442 1516 689 1576 curavit.
722 1550 810 1559 —-
844 1516 950 1576 His
983 1515 1220 1573 demum
1253 1514 1400 1573 adde
1434 1514 1725 1574 Joannem
1792 1523 2068 1577 79—85.

441 1605 759 1664 Barbam
808 1605 880 1662 de
913 1604 1271 1663 Mandavilla
1320 1603 1760 1683 (Magnovilla·l

1101 1929 1104 1930 f
1170 1901 1316 1998 1V.
1383 1897 1873 2019 Theologia
1939 1900 2366 2019 practica.

539 2149 681 2203 336.
714 2139 850 2198 Non
901 2138 1046 2198 adeo
1097 2139 1496 2196 innotuerunt
1544 2137 1729 2214 gestis
1787 2136 2246 2195 collectionibus.
2311 2170 2399 2179 --
2446 2135 2619 2193 Hunc
2663 2153 2796 2194 mox
2842 2135 3071 2209 excepit

445 2229 755 2303 literisque
786 2226 1096 2304 pontifices
1128 2227 1310 2303 hujus
1342 2226 1583 2301 periodi.
1619 2226 1730 2284 De·
1794 2236 1888 2289 18.
1952 2226 2084 2284 Dec.
2160 2233 2322 2287 1352
2387 2223 2910 2284 Innocentius
2973 2223 3067 2280 VI.

445 2318 653 2377 functo
707 2326 804 2380 25.
840 2318 978 2392 Apr.
1032 2324 1192 2380 1342
1241 2315 1559 2374 Benedicto
1603 2314 1729 2373 XII.
1788 2314 2126 2391 Stephanus
2159 2313 2536 2373 Audebertus
2582 2313 2928 2392 (Aul›ertu8‚
2964 2312 3067 2369 Al-

447 2426 613 2466 sacra
641 2406 808 2465 sedes
840 2405 1113 2464 undecim
1132 2405 1323 2464 solum
1340 2405 1573 2463 vacavit
1586 2404 1727 2462 dies.
1788 2401 2018 2484 bertus)
2084 2406 2259 2462 antea
2318 2401 2530 2460 dictus.
2607 2404 2675 2460 In
2722 2401 3070 2460 beissacensi

445 2496 599 2555 Nam
619 2504 691 2557 ,7.
723 2494 868 2570 Maji
910 2494 1132 2553 electus
1178 2497 1269 2554 est
1299 2494 1511 2553 Petrus
1540 2493 1729 2570 Roge-
1788 2493 2110 2552 dioeceseos
2139 2489 2541 2551 lemovicensis
2590 2491 2858 2567 paroecia
2890 2508 3071 2566 prope

446 2584 571 2643 rins
602 2584 785 2643 nobili
816 2603 882 2642 ex
917 2583 1138 2642 familia
1168 2592 1345 2642 natus
1366 2583 1431 2642 in
1453 2601 1584 2641 arce
1602 2603 1730 2641 ma·
1788 2581 2230 2656 Pompadurum
2275 2583 2365 2638 est
2408 2584 2606 2648 natuS,
2655 2579 2894 2638 Tolosae
2919 2579 3072 2654 juris

448 2675 792 2734 lomontana
868 2672 1144 2733 dioecesis
1208 2672 1617 2733 lemovicensis
1681 2693 1730 2731 a.
1789 2671 1976 2730 civilis
1996 2671 2202 2731 doctor
2223 2672 2284 2729 et
2300 2669 2592 2745 professor
2611 2671 2739 2728 erat
2759 2671 2940 2745 atque
2958 2669 3071 2727 sub

459 2772 640 2827 1292.
673 2764 828 2821 Puer
841 2763 1041 2821 decem
1073 2782 1122 2820 a.
1155 2762 1405 2820 venitin
1427 2762 1733 2821 abbatiam
1791 2782 1839 2820 a.
1875 2770 2035 2825 13:35
2051 2761 2233 2837 judex
2253 2760 2456 2835 major.
2492 2760 2663 2819 Anno
2687 2768 2849 2822 1337
2883 2759 3072 2818 sactus

448 2852 862 2913 arvernianam
893 2852 1131 2912 nomine
1153 2852 1352 2913 casam
1377 2852 1481 2910 Dei
1502 2845 1732 2933 (Chaise
1789 2856 1883 2909 est
1931 2851 2239 2927 episcopus
2290 2848 2733 2917 novidunensis‚
2799 2867 2850 2909 a.
2906 2854 3068 2910 1340

449 2942 522 3000 de
557 2938 727 3019 Dieu)
757 2941 959 3016 ibique
991 2940 1294 3016 amplexus
1346 2945 1438 2999 est
1469 2940 1732 3017 regulam
1790 2941 2273 3000 claromontanus
2343 2956 2411 2997 ac
2475 2942 2611 3013 post
2673 2937 2977 2996 biennium
3041 2956 3075 2993 a

452 3051 496 3089 a.
529 3029 848 3090 Benedicti.
898 3030 1109 3088 Missus
1144 3028 1219 3088 ad
1250 3029 1445 3088 studia
1476 3030 1734 3089 Parisios
1791 3029 2085 3089 Clemente
2117 3027 2431 3087 cardinalis
2459 3029 2520 3085 et
2538 3028 2847 3103 episcopus
2877 3029 3075 3086 osten-

451 3120 792 3180 doct·.›ratus
813 3118 1144 3195 promeruit
1178 3119 1440 3177 lauream
1470 3139 1518 3177 a.
1554 3138 1735 3195 agens
1791 3120 1888 3177 sis.
1968 3118 2173 3177 Sedem
2258 3116 2640 3193 apostolicam
2728 3114 2927 3174 tenuit
3001 3114 3073 3172 ad

455 3218 556 3273 30.
587 3209 822 3286 Rogata
854 3208 1016 3266 Petri
1035 3208 1372 3266 Mor-temari
1404 3208 1732 3275 cardinalis.
1800 3218 1893 3271 12.
1933 3208 2090 3283 Sept.
2122 3215 2303 3269 1362.
2336 3206 2422 3264 Ex
2453 3206 2583 3280 ejus
2616 3205 2887 3279 epistolis,
2922 3222 3076 3278 quae

453 3299 549 3357 cui
580 3299 706 3357 loco
740 3298 844 3355 filii
877 3301 1024 3367 erat,
1062 3296 1436 3371 aliorumque
1469 3296 1734 3355 cardina·
1792 3296 1894 3355 XV
1926 3297 2040 3355 vol.
2075 3297 2138 3355 in
2168 3295 2527 3353 bibliotheca
2571 3294 2841 3352 vaticana
2885 3310 3077 3351 asser-

450 3388 596 3445 lium
628 3392 936 3463 promotus
987 3391 1078 3444 est
1107 3385 1181 3444 ad
1211 3386 1509 3444 abbatiam
1543 3386 1735 3445 Fisca-
1761 3332 1767 3475 l
1794 3386 1919 3444 vari
1950 3384 2295 3452 traduntur,
2336 3392 2456 3446 250
2492 3382 3076 3441 exhibenturaMar-

452 3477 671 3545 ninam,
704 3475 914 3535 deinde
946 3475 1019 3533 ad
1051 3474 1391 3533 cathedram
1439 3475 1735 3550 episcopa·
1793 3478 1930 3532 tene
1965 3474 2179 3532 Anecd.
2213 3472 2288 3541 11,
2327 3479 2750 3539 843—1072;
2783 3469 3013 3545 aliquot
3045 3489 3079 3528 a

452 3567 569 3624 lem
602 3564 1094 3627 attrebatensem:
1144 3564 1283 3623 inde
1334 3566 1645 3640 cooptatus
1674 3564 1739 3622 in
1795 3563 1980 3621 Mansi
2026 3562 2152 3622 coll.
2184 3579 2341 3620 conc.
2390 3552 2587 3629 XXVI,
2644 3569 2766 3623 308
2804 3577 2876 3617 ss.
2923 3562 2985 3616 et
3013 3558 3078 3615 in

452 3654 952 3731 archiepiscopum
966 3672 1370 3723 senonensem,
1390 3672 1522 3712 mox
1539 3657 1737 3712 trans·
1794 3652 1942 3713 bull.
1976 3668 2192 3728 magno
2223 3652 2376 3708 taur.
2409 3648 2507 3717 IV,
2548 3658 2671 3710 504
2706 3666 2783 3706 ss.
2815 3678 2892 3690 —-
2936 3647 3078 3705 Suc·

453 3744 612 3802 latus
675 3744 1083 3819 Rotomagum,
1148 3762 1182 3800 a
1241 3742 1562 3801 Benedicto
1613 3741 1736 3800 XII.
1796 3741 2092 3803 cessit3l.
2116 3740 2240 3798 Oct.
2270 3747 2428 3801 1362
2454 3736 2887 3796 UrbanusV.
2905 3738 3081 3794 antea

453 3836 690 3892 creatus
721 3836 814 3891 est
845 3830 1173 3891 cardinalisss
1216 3832 1485 3891 Pontifex
1518 3833 1742 3889 electus
1796 3830 1992 3888 dictus
2054 3828 2380 3887 Guilelmus
2445 3825 2817 3885 Grimoaldus
2893 3824 3079 3883 abbas

455 3922 571 3981 dici
599 3921 794 3981 voluit
825 3922 951 3979 Cle
969 3940 1133 3979 men
1151 3939 1178 3979 s
1209 3920 1306 3979 VI.
1339 3919 1411 3979 In
1431 3920 1737 3997 flagellan-
1796 3938 1840 3977 S.
1863 3918 2113 3977 Victoris
2128 3917 2416 3975 Massiliae
2431 3914 2653 3975 ordinis
2668 3913 3077 3983 cluniacensis,

455 4012 605 4069 tium
651 4013 870 4070 sectam
917 4010 1101 4069 edidit
1145 4009 1630 4079 constitutiones;
1676 4008 1741 4066 in
1797 4008 1901 4083 qui
1934 4026 2008 4066 ne
2039 4005 2353 4066 cardinalis
2385 4004 2622 4081 quidem
2658 4006 2800 4062 erat.
2849 4002 3080 4080 Cogita-

379 4110 386 4116 ’
455 4101 570 4159 alia
630 4100 1070 4168 constitutione,
1125 4118 1245 4174 qua
1283 4099 1614 4175 jubilaeum
1654 4097 1742 4155 ad
1796 4098 1885 4156 vit
1915 4116 2132 4157 novum
2169 4095 2390 4154 bellum
2441 4114 2670 4153 sacrum
2718 4096 2898 4167 atque
2930 4092 3080 4150 felici

456 4190 908 4266 quinquagenos
942 4193 1181 4248 revocat
1212 4207 1415 4259 annOS,
1463 4187 1611 4246 bene
1644 4206 1742 4245 ex·
1798 4187 1969 4247 initio
2002 4190 2173 4262 capta
2202 4185 2320 4244 suit
2364 4186 2508 4243 urbs
2560 4182 2929 4252 Alexandria,
2981 4181 3082 4240 sed

456 4278 627 4355 ponit
644 4278 970 4339 doctrinam
990 4277 1062 4336 de
1079 4276 1367 4337 Ecclesiae
1380 4278 1661 4336 thesauro
1677 4271 1741 4357 ι).
1807 4276 2161 4335 auxiliorum
2209 4274 2445 4334 defectu
2476 4272 2748 4331 ulteriori
2793 4273 2958 4330 exitu
2988 4289 3080 4329 ca·

455 4367 715 4427 Decessit
763 4377 816 4430 6.
863 4368 991 4426 Dec.
1035 4373 1218 4429 1352.
1281 4368 1426 4443 Ejus
1472 4367 1745 4442 epistolae
1801 4366 1938 4424 ruit.
2004 4365 2358 4423 Graecorum
2409 4362 2786 4437 imperatoris
2835 4359 3083 4419 Joannis

458 4461 519 4515 et
551 4457 1004 4516 constitutiones
1052 4456 1326 4515 collectae
1371 4475 1492 4515 non
1522 4456 1744 4514 haben·
1800 4454 2133 4531 Palaeologi
2166 4452 2597 4529 abjurationem
2639 4471 2686 4509 a.
2730 4460 2893 4513 1369
2928 4468 3083 4508 rece-

456 4550 576 4617 tur,
609 4545 712 4605 sed
744 4546 1039 4621 dispersae
1071 4547 1458 4621 reperiuntur
1475 4546 1541 4603 in
1562 4545 1745 4604 variis
1803 4544 1921 4621 pit:
1986 4543 2087 4602 sed
2145 4542 2337 4600 deluit
2382 4540 2615 4599 Graecis
2674 4541 2738 4597 in
2801 4538 3085 4597 servanda

1804 4635 2020 4692 unione
2053 4631 2396 4690 constantia.
2433 4631 2515 4687 De
2546 4627 2941 4705 promovenda
2959 4646 3084 4685 mo-

542 4774 579 4842 l)
606 4769 689 4824 Cf·
716 4769 953 4840 Kapper
978 4770 1093 4824 ΚΒ.
1122 4770 1218 4834 ΠΙ,
1244 4774 1559 4829 473-479;
1588 4773 1645 4822 et
1665 4784 1747 4833 ea,
1774 4701 1778 4752 ¹
1806 4742 1939 4781 rum
1960 4721 2369 4822 emendatione
2388 4720 2451 4831 in
2472 4719 2626 4819 clero
2649 4721 2777 4775 erat
2798 4716 3085 4835 sollicitus

463 4857 611 4911 quae
662 4857 834 4913 supra
898 4841 968 4895 de
1020 4859 1084 4896 ΘΟ
1135 4842 1440 4895 retulimus
1508 4858 1564 4892 n·
1614 4844 1747 4899 312³
1806 4831 1924 4870 non
1957 4830 2082 4868 sine
2114 4810 2330 4868 fructu.
2366 4808 2507 4883 Ejus
2538 4827 2599 4865 1n
2621 4823 2908 4906 pauperes
2929 4823 3084 4862 com-

463 4912 661 4968 Hefele
686 4922 714 4980 5
739 4916 862 4971 608.
1808 4899 2124 4959 mendatur
2138 4896 2536 4957 beneficentia.
2580 4895 2739 4952 Mille
2755 4894 2973 4951 dicitur
2985 4911 3088 4967 per

1781 528 1950 612 num)
2014 532 2294 609 Anglum,
2366 531 2643 606 equitem,
2706 531 3066 607 professione
3183 565 3186 568 Δ
