3475 5364
1029 385 1392 437 1451-1475,
1421 381 1731 451 Theologia
1759 382 1871 452 pol.
1901 382 2174 446 Cusanus,
2204 381 2418 440 Petrus,
2446 381 2600 434 Buru
2630 385 2734 435 ete.
3050 399 3173 451 900

572 400 696 452 899

567 570 750 627 tionis
814 561 908 626 est
952 569 990 626 l.
1041 570 1110 626 de
1154 567 1374 626 Possest
1419 587 1528 627 seu
1571 567 1841 645 dialogus
1897 570 2050 628 tavit
2082 573 2151 627 ut
2183 568 2436 627 diximus
2482 568 2854 626 Nicolaus
2902 567 2977 628 de
3007 566 3173 626 Casa.

565 657 973 716 trilocutorius
1018 676 1152 717 cum
1184 657 1487 715 Bernardo
1519 661 1582 716 et
1611 657 1842 716 Joanne
1899 658 2115 717 Contra
2138 659 2501 717 Judaeorum
2540 657 2997 732 superstitiones
3030 657 3172 714 scri·

566 747 639 806 de
673 746 1071 822 possibilitate
1116 747 1236 804 sive
1282 747 1533 806 materia
1562 746 1842 808 universi.
1899 750 2150 823 pserunt
2211 747 2247 805 J
2265 765 2551 806 oannes
2614 746 2858 821 Lopez
2929 741 3174 825 (Lupus,

567 836 815 894 Nomine
864 854 1003 896 vero
1046 843 1264 911 posse-st
1313 834 1589 912 designat
1635 838 1840 904 Deum,
1898 831 2080 918 Lupi)
2111 835 2400 896 O.Praed.
2432 834 2734 911 Hispanus
2767 853 2813 897 s.
2844 835 3177 911 theologiae

565 925 705 1001 quia
738 927 800 983 in
830 925 951 983 Deo
981 943 1148 1000 posse
1168 928 1229 983 et
1247 942 1373 983 esse
1393 929 1842 986 convertuntur.
1897 925 2195 1002 magister,
2228 925 2401 999 cujus
2447 927 2646 982 tamen
2691 942 2842 998 opus
2874 924 3173 981 eruditum

567 1014 652 1074 De
672 1014 889 1093 beryllo
908 1014 1028 1072 sive
1049 1014 1289 1089 speculo
1307 1013 1714 1082 intellectuali,
1735 1033 1844 1089 per
1898 1033 2017 1074 non
2051 1013 2289 1089 prodiit,
2324 1017 2386 1072 et
2416 1014 2597 1071 Petr
2615 1031 2698 1072 us
2731 1012 2803 1071 de
2835 1013 2974 1071 Cav
2992 1013 3175 1070 alle-

564 1104 723 1179 quod
757 1121 850 1161 res
883 1103 1321 1179 cognoscimus;
1374 1104 1443 1160 de
1472 1104 1611 1162 dato
1644 1102 1845 1161 Patris
1898 1104 2003 1162 ria
2018 1097 2903 1184 caesaraugustanus(fl.1469),
2918 1101 3089 1177 cujus
3103 1106 3174 1159 tr.

566 1194 851 1251 luminum
910 1192 950 1250 J
955 1210 1038 1254 ac.
1100 1191 1145 1262 I,
1217 1203 1290 1255 17
1315 1212 1328 1260 ;
1390 1192 1458 1249 de
1518 1193 1843 1270 quaerendo
1896 1192 2245 1251 inscribitur
2261 1192 2432 1250 Zelus
2448 1188 2663 1250 Christi
2679 1198 2882 1250 contra
2901 1191 3174 1260 Judaeos,

566 1282 752 1340 Deum
771 1302 799 1353 ,·
837 1282 907 1340 de
939 1283 1231 1340 venatione
1261 1283 1581 1356 sapientiae
1610 1281 1647 1338 l.
1682 1282 1844 1340 lectu
1899 1282 2214 1340 Saracenos
2276 1285 2339 1338 et
2397 1280 2682 1346 infideles,
2746 1279 2834 1338 ed.
2886 1280 2960 1337 ab
3008 1281 3175 1338 Mart.

565 1370 814 1447 dignus;
878 1372 946 1428 de
1007 1371 1129 1428 Deo
1179 1371 1505 1428 abscondito
1567 1370 1842 1447 dialogus
1898 1371 2073 1446 Alph.
2096 1369 2344 1429 Vibaldo
2375 1369 2589 1446 glossis
2624 1367 2920 1445 adjunctis
2951 1369 3176 1427 affatim

563 1460 807 1536 gentilis
841 1462 901 1516 et
938 1460 1247 1518 Christiani
1280 1464 1387 1520 etc.
1420 1458 1500 1516 Et
1529 1459 1671 1517 haec
1703 1462 1746 1517 t.
1792 1471 1841 1521 l.
1898 1459 2164 1526 eruditis,
2200 1459 2460 1518 Venetiis
2482 1468 2644 1522 1592
2667 1459 2728 1516 in
2748 1471 2801 1520 4.
2822 1459 3174 1516 -Plurimi

566 1549 962 1608 continentur.
982 1582 1072 1593 —-
1092 1548 1154 1610 T.
1184 1559 1234 1608 2.
1257 1549 1435 1606 habes
1452 1548 1521 1606 de
1541 1549 1588 1610 b.
1613 1549 1844 1606 Mariae
1901 1568 2036 1607 vero
2069 1551 2229 1619 sunt,
2264 1548 2367 1623 qui
2401 1552 2605 1606 contra
2648 1548 2969 1606 haereticos
3014 1546 3177 1606 illius

582 1638 1138 1698 Kannunciatione
1185 1637 1461 1695 devotum
1512 1637 1842 1713 dialogum;
1896 1638 2182 1712 temporis
2205 1641 2568 1714 pugnarunt,
2589 1636 2943 1696 nominatim
2972 1640 3178 1695 contra

567 1730 976 1786 excitationum
992 1746 1058 1784 ex
1077 1726 1446 1785 sermonibus
1462 1727 1717 1784 sacrisll.
1743 1737 1840 1788 10.
1914 1727 2243 1800 Wicceffitas
2287 1729 2349 1784 et
2381 1725 2641 1784 Husitas.
2705 1726 2798 1783 lta
2842 1724 2878 1782 J
2896 1743 3176 1784 oannes

567 1817 628 1874 in
679 1835 933 1890 quorum
989 1825 1042 1879 8.
1091 1815 1528 1874 immaculatam
1580 1814 1842 1891 Virginis
1899 1816 2049 1874 Bur
2060 1835 2100 1891 y
2151 1815 2215 1877 Ο.
2258 1816 2310 1874 S.
2354 1816 2505 1891 Aug.
2559 1815 2806 1891 Anglus,
2859 1814 3174 1889 theologus

567 1906 1004 1981 conceptionem
1054 1907 1277 1967 tuetur.
1312 1938 1397 1948 —-
1431 1904 1517 1962 De
1565 1905 1846 1963 catholica
1902 1904 2390 1980 cantabrigiensis
2406 1908 2613 1962 contra
2626 1902 3019 1980 Reginaldum
3054 1904 3174 1961 Pe-

566 1995 975 2053 concordantia
1021 1995 1082 2055 11.
1120 2003 1175 2062 3,
1223 1992 1295 2051 de
1341 2012 1461 2067 qua
1507 2013 1689 2068 supra
1719 1993 1841 2068 egi·
1900 1994 2079 2052 coch
2113 1988 2416 2074 (Peacock,
2450 1989 2631 2072 Pavo)
2678 1992 3014 2068 episcopum
3047 2011 3172 2051 asa-

567 2102 733 2153 mus;
767 2103 855 2158 ep.
895 2094 948 2148 7,
998 2102 1252 2158 quarum
1299 2101 1400 2140 sex
1446 2086 1588 2140 sunt
1619 2082 1697 2139 ad
1728 2083 1841 2140 Bo·
1898 2083 2180 2158 phensem
2232 2078 2477 2162 (1444),
2529 2081 2665 2140 dein
2712 2076 2943 2163 (3450)
2994 2081 3171 2140 cices-

564 2173 757 2232 hemos
786 2172 859 2230 de
890 2191 1004 2230 usu
1037 2171 1465 2231 communionis
1497 2176 1558 2229 et
1590 2171 1844 2246 amplec-

566 2261 744 2320 tenda
777 2262 996 2319 unione
1031 2260 1351 2329 Ecclesiam
1383 2262 1452 2317 de
1472 2280 1619 2335 pace
1649 2279 1754 2318 seu
1773 2259 1844 2318 de

567 2350 982 2410 concordantia
1025 2349 1165 2407 fidei
1196 2349 1465 2424 dialogus
1497 2349 1659 2408 Petri
1709 2367 1841 2408 cum

567 2442 808 2504 Graeco,
841 2438 1051 2508 Arabe,
1083 2438 1248 2507 Indo,
1271 2437 1574 2504 Chaldaeo,
1596 2438 1634 2495 J
1638 2437 1841 2506 udaeo‚

565 2530 795 2605 Scytha,
844 2529 1028 2592 Gallo,
1074 2529 1268 2597 Persa,
1332 2528 1495 2603 Sym,
1561 2527 1841 2601 Hispano,

565 2618 769 2685 Turca,
827 2619 1168 2678 AlemannO.
1234 2616 1500 2685 Tartaro,
1566 2620 1841 2687 ArmenO,

564 2709 822 2767 Bohemo
870 2711 930 2765 et
964 2707 1186 2783 Anglo:
1235 2707 1513 2764 cribratio
1558 2707 1845 2764 Alcoram’

563 2798 618 2853 ll.
656 2799 695 2854 3
729 2796 802 2854 ad
836 2797 1008 2854 Pium
1041 2796 1114 2852 11.
1148 2790 1350 2875 (etiam
1372 2796 1432 2852 in
1450 2795 1552 2855 Th.
1576 2794 1840 2852 Biblian-

563 2885 656 2943 dri
708 2885 937 2961 sylloge
989 2884 1344 2959 scriptorum
1392 2883 1671 2942 adversus
1718 2884 1841 2941 Mo-

564 2974 997 3039 hammedanos,
1033 2973 1295 3031 Basileae
1338 2969 1557 3049 1543):
1604 2973 1838 3047 Conjec·

562 3066 701 3121 tura
730 3063 799 3119 de
831 3063 1157 3121 novissimis
1175 3062 1373 3119 diebus
1387 3061 1840 3139 (Amstelodami

571 3162 736 3214 1700
772 3151 833 3208 in
879 3160 948 3212 12
986 3169 1118 3210 cum
1139 3151 1352 3227 gallica
1370 3147 1678 3229 versione).
1700 3149 1758 3207 T.
1785 3160 1839 3212 3.

564 3240 947 3300 continentur
1022 3260 1196 3316 opera
1257 3240 1688 3299 mathematica.
1759 3273 1835 3282 --

563 3330 748 3389 Plura
762 3328 806 3409 ¹)
854 3349 1030 3405 opera
1074 3329 1408 3406 germanice
1452 3329 1634 3387 vertit
1678 3328 1737 3387 F.
1772 3330 1839 3390 A.

566 3419 817 3495 Scharpf
845 3419 1118 3496 Friburgi
1159 3428 1342 3481 1862.

654 3609 799 3661 441.
833 3598 871 3655 J
877 3617 970 3657 am
1004 3597 1076 3655 ad
1096 3560 1722 3673 theologosipolemicos
1739 3616 1837 3654 ve·

562 3690 816 3747 niamus.
850 3688 1068 3748 Contra
1095 3686 1605 3744 Mohammedanos
1632 3685 1841 3759 dispu-

1900 2175 2156 2230 trensem
2190 2170 2315 2229 suis
2346 2171 2640 2247 pestiferis
2658 2171 2893 2245 scriptis
2907 2170 2979 2228 de
2996 2169 3173 2229 liber-

1899 2263 2022 2319 tate
2043 2261 2371 2337 Evangelii,
2395 2261 2465 2318 de
2485 2259 2841 2318 secularium
2862 2261 3172 2335 potestate,

1900 2349 1971 2407 de
2004 2350 2361 2424 aequalitate
2383 2349 2807 2416 ministrorum,
2842 2348 2914 2406 de
2946 2347 3175 2425 legibus

1898 2443 1960 2497 et
2009 2439 2292 2498 doctrinis
2342 2439 2671 2506 hominum,
2736 2437 2808 2495 de
2859 2437 3176 2512 utriusque

1899 2528 2116 2603 speciei
2148 2527 2576 2595 communione,
2623 2526 2696 2584 de
2745 2545 2864 2584 non
2896 2525 3173 2584 dotandis

1899 2617 2147 2687 clericis,
2195 2621 2381 2675 totam
2427 2615 2711 2694 Angliam
2760 2615 2996 2674 inficere
3028 2615 3172 2673 alla-

1900 2706 2200 2765 borantem
2253 2706 2539 2765 calamum
2590 2705 2869 2764 acerrime
2916 2704 3171 2764 strinxit

1901 2796 2077 2855 Porro
2111 2795 2346 2864 Pecoch,
2380 2795 2483 2870 qui
2516 2797 2644 2852 erat
2674 2795 2876 2854 doctor
2894 2795 3171 2853 oxonien-

1897 2884 1997 2954 sis.
2032 2904 2092 2943 se
2124 2888 2479 2960 opposuerat
2511 2883 2831 2953 Wiclefitis,
2866 2883 2969 2941 sed
2990 2883 3173 2942 nimio

1896 2974 2334 3033 reformationis
2396 2976 2566 3031 aestu
2628 2972 2691 3030 in
2751 2972 2913 3031 aliud
2963 2971 3173 3030 incidit

1896 3066 2241 3131 extremum,
2288 3062 2528 3139 negavit
2559 3062 2849 3121 Ecclesiae
2894 3061 3172 3120 concilio·

1897 3171 2151 3226 rumque
2182 3151 2687 3210 infallibilitatem.
2724 3151 2812 3208 Ob
2842 3169 2979 3209 suos
3011 3169 3172 3209 erro-

1899 3259 1992 3298 res
2045 3243 2351 3299 accusatus
2400 3240 2461 3298 in
2513 3240 2739 3316 synodo
2788 3240 3175 3298 lambethana

1896 3324 2121 3411 (1457)
2184 3330 2465 3388 articulos
2526 3328 2811 3404 quosdam
2866 3332 3170 3404 tamquam

1896 3437 2169 3478 erroneos
2200 3422 2261 3477 et
2289 3418 2616 3476 haereticos
2666 3437 2936 3476 revocare
2960 3418 3171 3492 jussus

1895 3512 1956 3566 et
2000 3506 2307 3582 depositus
2357 3511 2449 3567 est
2480 3502 2543 3589 (†
2574 3526 2618 3566 c.
2659 3503 2871 3587 1460).
2933 3506 3173 3565 Judicio

1896 3596 2101 3655 critico
2165 3596 2470 3670 praeditus
2517 3596 2727 3655 melius
2777 3614 2955 3670 quam
3011 3595 3175 3654 Valla

1896 3685 2233 3744 donationis
2285 3686 2808 3743 Constantinianae
2855 3684 3170 3743 infirmita-

1896 3781 2022 3851 tem·
2049 3775 2344 3850 patefecit.
2380 3775 2660 3833 Wharton
2692 3773 2879 3832 edidit
2912 3777 2964 3831 A
2999 3773 3173 3832 Trea-

645 3880 677 3929 *i
707 3876 789 3929 of.
841 3874 909 3928 de
961 3878 1190 3927 auctore
1242 3877 1434 3927 nostro
1483 3872 1840 3927 literaturam
1895 3865 1997 3921 tiso
2025 3866 2265 3941 provinq
2296 3865 2596 3939 Scripture
2644 3871 2699 3921 to
2744 3863 2806 3920 be
2836 3864 2924 3921 the
2955 3865 3080 3922 rulo
3111 3864 3182 3937 of

564 3947 719 4017 apud
746 3946 1006 3998 l'otthast
1032 3963 1085 4013 p.
1109 3950 1210 4001 667
1232 3967 1243 4001 ι
1270 3944 1542 4014 Scharpff
1555 3944 1662 3997 Der
1675 3944 1839 3998 (λιι-(1.
1897 3954 2060 4027 saith,
2095 3951 2345 4010 Londini
2381 3962 2559 4021 1688,
2594 3955 2654 4010 et
2677 3952 3007 4029 Babington
3041 3954 3172 4027 ejus

562 4017 832 4156 ζξὲῗιϋζί
859 4016 1464 4155 {giacgoffogffigff
1481 4019 1842 4141 ffiffcffflgss
1896 4059 2046 4117 opus
2108 4041 2519 4117 praecipuum:
2595 4041 2709 4099 The
2753 4042 3070 4115 Repressor
3114 4042 3181 4101 of

564 4161 632 4213 N.
663 4177 774 4213 von
793 4159 850 4213 C.
872 4157 956 4212 als
973 4157 1406 4211 Reformatorin
1427 4158 1649 4219 Kirche,
1669 4158 1841 4211 Reich
1897 4150 2039 4189 over
2070 4130 2246 4188 muel]
2292 4130 2557 4207 blaming
2601 4130 2666 4189 Of
2702 4130 2804 4189 the
2837 4130 3040 4206 0101‘85
3045 4175 3058 4200 v
3092 4130 3170 4188 ib-

566 4232 681 4284 und
711 4228 1094 4298 Philosophie,
1135 4228 1434 4298 Tubingen
1483 4234 1644 4285 1871:
1686 4229 1737 4283 J.
1769 4228 1841 4282 Μ.
1907 4229 2072 4282 1860
2123 4224 2166 4281 t..
2204 4229 2256 4283 2.
2293 4253 2374 4263 —-
2410 4220 2755 4278 Joannes
2803 4220 2901 4281 IV.
2962 4219 3171 4279 Hoff-

562 4302 703 4364 Dfix,
745 4302 843 4356 der
884 4301 1151 4354 deutsche
1194 4301 1250 4356 C.
1293 4300 1416 4354 Nic..
1456 4319 1505 4355 v.
1535 4301 1679 4354 Cusa
1722 4300 1841 4354 und
1897 4327 2117 4367 mann
2151 4308 2458 4367 misnensis
2474 4305 3169 4389 episcopus(14l3-5l),

562 4374 662 4501 {lig
681 4372 1843 4512 ,ΚίἓῖζξίὓῗὲἶῗῖΞξῗξξοὲῗῆθέῗῦῧὶἷίὲέἶῖ
1898 4399 2089 4473 Patria
2122 4398 2556 4467 Swidnicensis,
2608 4398 2940 4475 theologiae
2971 4399 3174 4457 doctor

560 4517 691 4570 hist.
733 4516 928 4570 Jahrb.
957 4519 1111 4573 1893.
1140 4515 1285 4577 xiv,
1313 4520 1578 4577 549-62‚
1624 4516 1726 4583 qui
1756 4532 1839 4566 ex-
1900 4488 2118 4564 pragae
2151 4486 2426 4562 primum,
2463 4487 2597 4545 dein
2620 4487 2869 4563 Lipsiae,
2891 4487 3173 4546 disseruit

565 4590 722 4642 hibet·
748 4588 871 4658 ejus
897 4589 1317 4641 testamentum.
1371 4585 1640 4639 Condidit
1666 4586 1841 4640 cardi·
1896 4578 1966 4635 de
1996 4578 2386 4635 communione
2417 4577 2522 4634 Sub
2554 4582 2798 4652 utraque
2828 4579 3025 4651 specie,
3068 4577 3171 4636 Ve-

565 4661 707 4714 nalis
747 4660 816 4712 de
857 4658 1165 4712 Germania
1211 4660 1349 4711 bene
1396 4658 1841 4712 merentissimus
1896 4666 2072 4724 netiiS
2113 4676 2265 4728 1571
2297 4687 2310 4732 ς
2344 4667 2412 4722 de
2442 4667 2629 4740 officio
2651 4665 2859 4724 missae
2889 4670 2950 4724 et
2980 4665 3168 4723 omni.

562 4751 610 4785 a..
653 4737 786 4789 1451
835 4730 1116 4801 hospitale
1153 4731 1212 4781 in
1258 4728 1380 4784 loco
1431 4730 1613 4795 patrio
1643 4746 1745 4797 pro
1772 4733 1840 4785 33

560 4801 1002 4870 infirmis-quod
1030 4802 1103 4854 ad
1131 4802 1325 4854 nostra
1346 4806 1595 4871 tempora
1621 4818 1840 4855 conser-

563 4882 760 4930 vatum
788 4878 889 4938 est,
916 4873 976 4927 in
1004 4873 1167 4943 cujus
1197 4871 1540 4926 bibliotheca
1566 4871 1841 4927 dicuntur

562 4947 836 5001 asservari
867 4944 1038 5016 plura
1065 4943 1317 5013 ejusdem
1346 4942 1753 5011 manuscripta.

1977 4876 2010 4925 Γ»
2040 4872 2122 4927 Cf.
2153 4870 2373 4924 Kaulen
2420 4872 2529 4927 Kl..
2579 4872 2666 4933 tx,
2696 4875 2862 4929 1743:
2902 4872 2963 4923 ’.1.
2993 4870 3172 4925 Lewis

1896 4942 2015 4995 Life
2044 4944 2108 4997 of
2132 4942 2193 4995 R.
2225 4943 2489 5001 Peacock,
2518 4941 2763 4996 Londini
2794 4946 2947 4998 1744.
3030 4988 3052 4997 ,.
