3475 5364
604 393 679 447 75
933 380 1302 433 1109—1141.
1331 375 1606 447 Liturgia.
1636 374 1980 444 Stephanus,
2008 373 2314 438 (filbertus,
2341 372 2583 426 Beroldu
2594 389 2635 439 s,
2664 371 2874 428 Bened.
3144 387 3244 441 75

597 562 665 619 de
695 567 1064 620 sacramento
1095 559 1422 620 dominicae
1451 560 1774 636 passionis3
1807 560 1875 617 de
1928 560 1994 618 in
2053 558 2253 635 Migne
2316 557 2504 628 CLIX,
2558 565 2972 621 995—-1004,
3035 558 3241 616 Anno

599 652 886 709 creatione
900 652 961 708 et
975 648 1380 724 redemptione
1396 649 1576 724 primi
1591 648 1873 718 hominis;
1937 661 1962 712 1
1981 657 2102 712 139
2139 647 2264 707 sedi
2298 665 2438 707 suae
2470 645 2864 717 renunciavit,
2885 649 2946 704 et
2969 664 3094 704 non
3116 646 3240 705 diu

599 758 750 816 quae
764 741 1035 815 prostant
1049 738 1111 796 in
1125 737 1273 801 bibl.
1288 739 1452 815 lugd.
1468 738 1617 811 XXI,
1638 746 1763 816 329
1779 755 1872 806 ss.;
1930 740 2137 813 postea
2165 736 2332 795 obiit.
2362 769 2450 781 ——
2483 737 2566 794 De
2600 735 2915 801 Gelonis
2948 735 3242 811 episcopi

598 829 663 887 in
693 829 890 905 patrol
920 827 1171 905 Migne
1203 826 1442 898 CLXVI,
1465 836 1875 890 1515-64.—-
1931 826 2272 902 parisiensis
2320 820 2382 907 (†
2417 834 2517 888 23.
2549 824 2717 883 Febr.
2758 820 2950 903 1116)
2994 842 3095 899 ep.
3155 824 3244 882 de

601 918 1042 993 Stephanus
1072 917 1146 976 de
1175 916 1512 994 Balgiaco
1535 916 1631 994 (de
1646 911 1875 996 Bauge)
1931 914 2233 974 recitando
2265 914 2456 974 officio
2490 913 2693 972 divino
2727 912 2797 971 cf.
2829 912 2987 976 Hist.
3029 913 3132 970 lit.
3157 913 3242 983 X,

598 1004 1147 1083 augustodunensis
1178 1005 1487 1087 episcopus
1508 1005 1608 1083 (11
1632 1017 1651 1067 1
1672 1000 1873 1085 2-36),
1934 1014 2258 1067 94—101.
2326 1036 2412 1048 -
2476 1002 2858 1061 Beroldus
2922 1001 3240 1061 mediola-

599 1095 707 1153 hac
736 1094 1029 1172 dignitate
1074 1113 1134 1153 se
1182 1094 1496 1164 abdicavit,
1544 1094 1606 1152 in
1648 1093 1874 1152 clunia·
1930 1094 2134 1151 nensis
2167 1091 2446 1151 ecclesiae
2468 1090 2892 1150 cicendelarius
2915 1094 2977 1149 et
3008 1094 3238 1149 custos

600 1201 768 1242 cense
815 1183 1239 1242 monasterium
1290 1202 1352 1242 se
1400 1183 1622 1259 recepit
1670 1183 1876 1258 ibique
1932 1202 1979 1242 c.
2010 1202 2061 1241 a.
2106 1190 2268 1245 1123
2302 1180 2505 1240 floruit
2536 1179 2858 1257 magnique
2890 1184 2983 1238 est
3015 1179 3235 1238 nomi-

601 1273 754 1331 diem
806 1291 981 1331 suum
1016 1271 1169 1330 obiit
1209 1282 1372 1335 1139
1407 1273 1502 1331 vel
1547 1282 1727 1335 1140.
1794 1273 1875 1330 De
1932 1271 2026 1329 nis
2043 1270 2202 1346 apud
2217 1269 2574 1330 ambrosiani
2589 1269 2746 1327 ritus
2763 1269 3039 1332 cultores.
3061 1268 3239 1327 Stilo

600 1362 729 1437 ejus
759 1365 949 1420 morte
981 1361 1066 1419 ita
1096 1360 1303 1420 scribit
1331 1361 1544 1419 Petrus
1574 1379 1702 1424 ven.
1739 1360 1776 1423 1.
1812 1360 1874 1421 V.
1932 1359 2114 1431 brevi,
2148 1360 2378 1418 conciso
2418 1363 2479 1418 et
2497 1357 2689 1417 nitido
2711 1357 2929 1416 librum
2951 1358 3238 1433 scripsit,

601 1469 692 1526 ep.
726 1460 796 1512 6:
832 1449 1239 1519 ‚Venerabilis
1271 1451 1330 1508 et
1362 1469 1496 1508 cum
1528 1449 1749 1508 honore
1768 1468 1875 1508 no·
1932 1449 2039 1525 qui
2070 1449 2142 1507 ab
2174 1449 2432 1508 auctoris
2464 1447 2703 1506 nomine
2737 1446 3025 1505 Beroldus
3055 1465 3238 1505 com-

600 1539 919 1597 minandus
952 1539 1287 1615 Stephanus
1308 1538 1618 1598 aeduensis
1651 1540 1876 1615 episco-
1932 1537 2196 1597 muniter
2227 1538 2579 1614 appellatur,
2627 1535 2733 1595 ubi
2779 1535 3078 1611 quidquid
3130 1536 3236 1594 vi-

601 1646 715 1704 pus
750 1672 762 1685 .
796 1674 809 1687 .
845 1675 858 1689 .
890 1628 1105 1703 spretis
1135 1627 1502 1703 parentibus,
1546 1627 1874 1698 nobilitate,
1932 1627 2101 1685 derat
2131 1628 2238 1684 aut
2268 1626 2538 1685 audierat
2568 1630 2628 1684 et
2661 1624 2948 1700 scriptum
2980 1643 3235 1699 repere·

602 1718 775 1785 fastu,
811 1716 1058 1786 divitiis,
1110 1715 1256 1792 ipsis
1287 1716 1467 1775 etiam
1500 1716 1876 1792 episcopatus
1931 1718 2025 1774 rat
2054 1715 2127 1773 de
2158 1715 2300 1787 ritu,
2335 1714 2714 1773 caeremoniis
2753 1716 2816 1771 et
2843 1715 3232 1790 praerogati-

603 1804 833 1875 infulis,
867 1824 1186 1881 pauperem
1219 1805 1516 1865 Christum
1536 1824 1767 1881 pauper
1786 1823 1876 1864 se·
1935 1805 2023 1863 vis
2083 1804 2361 1863 ecclesiae
2423 1802 2901 1874 mediolanensis,
2954 1803 3235 1880 collegit.

603 1897 782 1953 cutus
822 1897 915 1952 est
954 1896 1015 1952 et
1059 1894 1124 1952 in
1169 1897 1376 1953 sancta
1405 1893 1717 1953 devotione
1749 1898 1877 1953 toto
1932 1893 2086 1952 Hinc
2102 1893 2476 1952 rubricarum
2491 1895 2584 1951 est
2598 1892 2872 1950 manuale
2889 1894 2949 1950 et
2964 1891 3232 1950 unicum

604 1983 821 2041 mentis
871 1982 1087 2041 affectu
1134 1983 1461 2058 perdurans
1510 1986 1688 2058 atque
1720 1985 1881 2042 inter
1933 1982 1996 2040 in
2030 2000 2138 2041 suo
2170 2000 2385 2058 genere
2417 1981 2820 2041 directorium.
2882 1981 3230 2056 Postquam

602 2089 816 2130 manus
850 2090 1008 2130 meas
1038 2071 1158 2130 Deo
1176 2072 1456 2147 spiritum
1471 2072 1721 2131 reddens
1741 2091 1878 2131 cum
1932 2071 2165 2130 fructus
2197 2071 2391 2146 ipsius
2439 2069 2782 2147 diligentiae
2828 2069 2935 2127 diu
2980 2088 3232 2128 manse·-

601 2160 985 2219 veneratione
1048 2164 1215 2219 tanto
1278 2160 1568 2220 sacerdoti
1618 2179 1879 2238 congrua
1932 2162 2078 2219 runt
2108 2160 2517 2235 manuscripti,
2537 2159 2703 2220 illius
2725 2176 2874 2234 opus
2897 2157 3091 2216 edidit
3115 2157 3231 2217 sed

603 2256 726 2307 tam
776 2269 810 2308 a
858 2268 951 2308 me
1001 2269 1177 2326 quam
1223 2269 1258 2307 a
1305 2250 1588 2308 fratribus
1618 2249 1880 2309 Cluniaci
1934 2249 2104 2307 valde
2119 2247 2858 2323 imperfecteMux-atori
2889 2247 3231 2322 Antiq.1v.

604 2337 880 2397 conditus
925 2341 1056 2396 est‘
1076 2335 1123 2417 1)
1155 2341 1265 2397 etc.
1327 2339 1473 2414 Ejus
1504 2339 1543 2399 1.
1575 2341 1644 2397 de
1674 2358 1875 2398 sacra·
1934 2337 2077 2397 diss.
2128 2346 2203 2400 57
2240 2358 2296 2414 p.
2331 2346 2707 2407 sel—9323
2741 2337 2977 2395 demum
3009 2339 3237 2395 nostra

604 2434 789 2486 mento
819 2428 1033 2486 altaris
1076 2429 1136 2485 et
1167 2428 1237 2485 de
1269 2427 1361 2497 iis,
1397 2446 1549 2504 quae
1580 2428 1653 2486 ad
1686 2429 1879 2487 varios
1935 2430 2126 2485 aetate
2170 2427 2393 2503 prodiit
2438 2426 2731 2485 Beroldus
2782 2425 2905 2484 sive
2951 2426 3234 2483 ecclesiae

607 2516 900 2574 Ecclesiae
930 2515 1237 2574 ministros
1282 2515 1356 2574 ab
1387 2516 1745 2576 inferoribus
1777 2536 1878 2577 us·
1935 2516 2342 2575 ambrosianae
2402 2515 2844 2574 mediolanensis
2909 2514 3227 2573 Kalenda-

609 2622 726 2679 que
774 2606 846 2662 ad
895 2605 1235 2680 episcopum
1269 2605 1588 2679 pertinent,
1619 2606 1880 2681 primum
1934 2607 2093 2663 rium
2123 2609 2185 2664 et
2217 2606 2452 2663 ordines
2497 2623 2609 2664 sec.
2641 2603 2767 2663 XII.
2815 2622 2884 2662 ex
2930 2603 3054 2662 cod.
3092 2623 3225 2662 am-

607 2693 750 2752 aJ0.
772 2695 842 2753 de
862 2694 1261 2753 Montalon
1291 2695 1573 2755 canonico
1592 2700 1875 2774 augusto·
1937 2695 2212 2754 brosiano
2245 2695 2333 2758 ed.
2369 2696 2466 2758 Dr.
2498 2695 2574 2752 M.
2606 2693 2967 2771 Magistretti
3002 2713 3055 2756 v.
3091 2712 3225 2769 cap.

606 2783 861 2842 dunensi
905 2793 1065 2846 1517
1099 2781 1217 2841 fuit
1249 2783 1447 2842 editus
1488 2788 1880 2861 receptusque
1934 2803 2010 2842 rr.
2042 2783 2405 2854 beneficiato,
2441 2802 2518 2841 ss.
2563 2782 3060 2842 caeremoniarum
3095 2802 3229 2841 me·

604 2872 667 2930 in
699 2871 890 2930 varias
920 2871 1312 2931 bibliothecas
1350 2877 1607 2948 patrum,
1637 2874 1819 2933 etiam
1848 2895 1883 2933 a
1937 2873 2322 2948 tropolitanae
2384 2871 2846 2932 mediolanensis
2897 2871 3225 2948 praefecte,

603 2961 804 3036 Migne
835 2961 899 3019 in
932 2961 1141 3036 patrol.
1172 2960 1396 3032 LXXII,
1426 2971 1880 3027 1271—1308.
1936 2961 2254 3021 Mediolani
2294 2971 2477 3031 1894,
2508 2961 2917 3021 additionibus
2935 2965 2992 3019 et
3009 2961 3224 3019 obser-

604 3050 1032 3125 Complectitur
1062 3050 1201 3108 haec
1232 3050 1424 3109 nitida
1454 3051 1753 3111 institutio
1786 3072 1879 3111 as·
1936 3051 2277 3110 vationibus
2309 3050 2562 3109 eruditis
2591 3049 2836 3109 editoris
2868 3049 3107 3126 egregie
3144 3050 3219 3107 il-

605 3138 1105 3216 cetico-liturgica
1126 3139 1304 3197 etiam
1325 3140 1618 3216 duplicem
1643 3142 1880 3200 canonis
1936 3140 2227 3199 lustratus
2245 3137 2309 3220 ¹),
2340 3139 2521 3198 editio
2542 3143 2830 3198 accurata.
2870 3172 2941 3182 —-
2982 3140 3029 3196 B
3046 3157 3079 3197 e
3096 3158 3138 3197 n
3156 3157 3222 3196 e-

602 3227 1045 3303 explicationem
1082 3228 1377 3287 literalem
1409 3234 1470 3287 et
1488 3229 1879 3306 allegoricam.
1937 3228 2200 3287 dictus
2235 3229 2450 3289 Romae
2467 3227 2747 3287 ecclesiae
2782 3245 2826 3286 s.
2859 3227 3017 3286 Petri
3038 3245 3224 3286 cano·

604 3316 874 3376 Occurrit
889 3318 953 3375 in
973 3336 1041 3376 eo
1052 3317 1176 3392 jam
1201 3336 1308 3377 vox
1330 3319 1877 3379 transubstantiare.
1934 3318 2104 3377 nicus
2167 3318 2410 3394 scripsit
2469 3319 2537 3375 de
2588 3319 2960 3376 ecclesiastico
3011 3318 3224 3375 ordine

602 3438 688 3449 —
720 3407 854 3466 Huc
882 3405 1091 3465 referri
1122 3408 1318 3482 potest
1362 3410 1422 3465 et
1467 3407 1879 3467 Gilbertus
1934 3407 2123 3465 totius
2185 3407 2326 3465 anni
2387 3410 2448 3465 et
2496 3407 2807 3482 praecipue
2856 3406 3224 3482 apostolicae

602 3495 782 3554 abbas
816 3495 1221 3573 bangorensiS,
1269 3496 1406 3556 dein
1451 3497 1761 3573 episcopus
1807 3497 1877 3555 li·
1935 3495 2249 3573 dignitatis
2282 3497 2343 3554 et
2371 3496 2561 3554 totius
2595 3495 2808 3566 curiae,
2846 3513 3021 3570 quem
3054 3495 3224 3553 inter

601 3584 951 3644 miriciensis
1027 3603 1132 3644 seu
1196 3584 1521 3644 lunicensis
1587 3581 1878 3667 (1106—
1933 3584 2082 3644 alios
2114 3584 2300 3643 libros
2333 3584 2406 3642 de
2450 3584 2669 3642 ritibus
2701 3584 2993 3642 Ecclesiae
3027 3600 3219 3642 roma·

608 3670 819 3755 1139),
867 3675 1064 3733 dictus
1111 3675 1171 3732 et
1216 3673 1450 3750 legatus
1496 3676 1875 3750 apostolicus,
1932 3692 2042 3732 nae
2073 3673 2346 3750 vulgavit
2375 3673 2657 3732 Mabillon
2690 3673 2880 3732 Musei
2910 3672 3101 3731 italici
3137 3671 3219 3743 11,

599 3763 704 3838 qui
736 3764 958 3838 primas
989 3766 1188 3838 partes
1226 3763 1430 3822 habuit
1470 3764 1534 3822 in
1565 3784 1779 3840 magna
1817 3769 1879 3824 et
1939 3771 2271 3833 118-643
2320 3763 2522 3840 Migne
2552 3762 2845 3834 CLXXIX,
2884 3770 3218 3839 ’731-62.

598 3851 815 3910 celebri
850 3852 1075 3927 synodo
1109 3851 1312 3910 habita
1350 3864 1513 3915 1110
1566 3853 1629 3912 in
1661 3853 1875 3911 Fiadh·

598 3942 1066 4016 mac-Aengussa
1079 3935 1208 4019 (seu
1222 3936 1876 4021 Rathbreasail).Scrip·
2023 3951 2121 4004 ⁴5.
2165 3940 2336 3999 Sicut
2395 3941 2457 3999 in
2521 3940 2818 4017 theologia
2864 3940 3220 3999 scholastica

599 4029 678 4086 sit
710 4028 782 4086 ad
817 4029 1037 4087 clerum
1072 4028 1392 4088 Hiberniae
1425 4049 1514 4104 ep.
1547 4033 1616 4088 de
1646 4050 1758 4090 usu
1791 4051 1873 4090 ec·
1930 4030 2151 4088 eminet
2199 4049 2241 4092 s,
2292 4029 2707 4089 Anselmus
2752 4033 2822 4088 ut
2870 4030 2997 4105 ejus
3042 4030 3217 4089 velut

596 4119 928 4192 clesiastico,
975 4118 1040 4190 in
1073 4137 1189 4192 qua
1221 4137 1357 4176 eum
1375 4119 1568 4195 rigide
1600 4120 1875 4180 hortatur
1929 4138 2139 4194 parens
2180 4119 2484 4188 habeatur,
2555 4119 2641 4177 ita
2689 4118 2753 4176 in
2804 4120 3046 4195 mystica
3100 4120 3214 4177 hac

596 4206 668 4264 ad
698 4206 1064 4283 abrogandos
1093 4207 1317 4266 abusus
1350 4208 1873 4285 reformandosque
1928 4208 2170 4283 periodo
2187 4208 2293 4267 Hu
2304 4226 2391 4285 go
2413 4228 2447 4266 a
2466 4226 2510 4267 s,
2525 4207 2774 4279 Victore,
2791 4206 2955 4289 qui2)
2968 4208 3211 4284 quidem

596 4297 749 4354 ritus
768 4296 840 4354 ad
858 4316 1122 4355 normam
1143 4297 1299 4355 ritus
1315 4298 1559 4356 romani.
1577 4299 1648 4357 In
1667 4299 1871 4358 libello

594 4387 662 4442 (Ie
711 4392 868 4444 statu
900 4386 1185 4444 Ecclesiae
1234 4387 1413 4462 hujus
1464 4388 1870 4463 organismum
2042 4434 2077 4500 ¹)
2105 4431 2178 4486 Cf
2217 4430 2316 4484 Lib
2362 4430 2584 4484 Handw
2630 4435 2770 4488 1893
2797 4448 2825 4484 ο
2870 4437 3001 4485 ’50-
3043 4433 3112 4484 Μ,
3155 4447 3209 4483 e·

593 4473 882 4533 describit
914 4475 1271 4551 disseritque
1289 4476 1615 4551 dejuribus
1650 4480 1709 4535 et
1742 4478 1867 4536 offi·
1926 4503 2029 4556 lati
2057 4474 2193 4558 bibl’.
2233 4474 2376 4560 me‘d.
2419 4504 2459 4567 1,
2499 4508 2548 4566 2,
2589 4473 2711 4566 ⁹144,
2737 4471 2850 4571 'qui
2877 4451 3208 4568 ‘annania-

592 4563 700 4622 ciis
733 4564 1027 4641 graduum
1060 4565 1432 4625 Hierarchiae
1444 4561 1515 4647 2).
1575 4566 1772 4625 Habes
1804 4587 1870 4626 ea
1925 4576 2047 4643 ejus
2099 4591 2272 4643 opera
2318 4591 2478 4628 mscr.
2524 4577 2633 4697 im)
2677 4577 2959 4634 recenset:
3013 4576 3204 4629 Ambr.

1924 4644 2127 4699 Kienle
2155 4645 2314 4700 Stud.
2343 4646 2462 4699 und
2494 4645 2526 4697 11
2552 4645 2683 4699 itth.
2714 4662 2816 4699 aus
2845 4645 2899 4698 d.
2918 4645 3126 4703 Bened.
3144 4645 3210 4699 Ο.

1925 4721 2081 4782 1885,
2113 4718 2203 4780 VI,
2231 4722 2531 4774 276—304.

706 4790 740 4859 ¹)
770 4789 853 4842 cf.
882 4788 1025 4842 Hist.
1054 4790 1139 4844 lit.
1183 4790 1275 4853 XI,
1319 4794 1619 4846 710-714.
2037 4795 2074 4858 ²)
2103 4788 2265 4841 Alius
2307 4787 2515 4858 Hugo
2556 4790 2660 4842 hac
2700 4791 2889 4842 aetat-e
2916 4786 3206 4849 inclaruit,

699 4868 739 4916 ²}
769 4860 850 4915 Cf.
878 4859 1218 4915 Bellesheim
1242 4861 1438 4915 Gesch.
1466 4862 1566 4915 der
1586 4861 1643 4917 k.
1666 4860 1869 4913 Kircbe
1925 4860 2021 4913 sed
2073 4877 2187 4911 non
2237 4862 2356 4913 tam
2405 4877 2437 4912 a
2482 4859 2643 4914 libris
2689 4859 2798 4913 scri
2842 4858 2913 4914 tis
2954 4876 3128 4928 quam
3172 4873 3206 4909 a

589 4933 647 4986 in
680 4933 769 4985 Irl.
799 4933 839 4998 Ι,
867 4938 971 4989 525
999 4951 1039 4987 S.
1925 4931 2097 5001 gestis
2123 4930 2445 5001 praeclaris,
2475 4930 2579 4984 Hu
2598 4949 2683 5002 go
2725 4931 2801 4984 sci
2831 4971 2844 4983 .
2885 4931 3207 4985 cluniacen·
