3475 5364
189 312 291 364 537
997 305 1081 358 J0.
1110 304 1178 356 de
1207 304 1403 373 Neap„
1434 305 1633 358 Petrus
1663 304 2009 358 paludanus.
2687 322 2810 374 538

259 491 406 545 276.
466 486 528 543 S.
591 488 852 547 'rhomae
899 490 1169 567 vestigiis
1218 491 1479 566 pressius
1533 492 1710 549 ticam
1745 510 1988 549 casuum
2021 490 2410 548 conscientiae
2457 489 2813 547 solutionem

178 571 617 635 inhaeserunt:
654 578 693 636 J
702 596 736 636 o
751 598 838 636 an
855 598 894 636 n
911 598 941 638 e
963 598 990 636 s
1024 580 1096 638 de
1130 580 1181 638 N
1198 599 1229 638 e
1245 600 1279 637 a
1294 600 1332 655 p
1350 599 1383 638 0
1402 581 1476 648 li,
1534 580 1862 656 plurimum
1895 579 2106 639 laudat
2120 583 2181 637 et
2199 579 2332 637 aliis
2353 578 2628 637 omnibus
2647 597 2813 653 prae-

173 662 267 734 qui
311 665 705 740 magistrum
754 668 1183 727 sententiarum
1234 670 1478 727 Parisiis
1537 670 1649 728 fert
1680 688 1724 727 3.
1761 669 2055 727 Antonius
2087 690 2141 745 p.
2180 679 2232 730 3.
2266 668 2359 726 tit.
2397 676 2477 730 23
2514 684 2558 724 0.
2603 678 2669 729 ll
2700 663 2733 732 ἓ
2759 676 2812 726 2.

171 749 631 826 interpretatus
676 760 769 815 est
806 767 989 826 1315,
1041 764 1101 816 et
1132 760 1195 815 in
1226 759 1477 833 patriam
1534 758 1967 817 commentaria
2010 759 2074 816 in
2128 769 2176 819 1.
2211 762 2271 815 et
2306 766 2359 818 2.
2395 757 2431 814 l.
2465 760 2814 814 manserunt

164 858 447 900 reversus
468 846 673 903 variis
695 846 848 921 apud
871 847 1100 905 sodales
1121 848 1362 906 functus
1386 852 1479 905 est
1533 848 1777 906 inedita.
1811 848 1903 905 Ad
1937 866 2226 905 summam
2258 866 2300 904 s.
2336 846 2590 903 Thomae
2620 845 2813 920 adjec—

167 932 541 991 muneribus
562 935 860 1009 annisque
881 937 1154 1011 pluribus
1190 936 1251 995 in
1274 937 1475 994 studio
1532 941 1630 995 tae
1662 940 1809 995 sunt
1836 938 2298 1004 concordantiae,
2319 933 2541 1011 quibus
2562 939 2814 1008 uterque

165 1021 579 1094 neapolitano
612 1024 944 1083 cathedram
961 1026 1476 1102 rexittheologiae.
1533 1030 1740 1084 auctor
1784 1025 2086 1084 commode
2133 1024 2384 1082 conferri
2428 1024 2635 1098 possit.
2689 1023 2812 1081 Sal-

166 1107 247 1164 Ex
278 1111 418 1183 ejus
456 1114 758 1186 operibus
798 1114 1085 1190 prediisse
1117 1120 1355 1173 tantum
1388 1116 1475 1172 vi-
1535 1116 1822 1173 manticae
1854 1124 2050 1183 1552;
2084 1118 2156 1172 tr.
2192 1115 2260 1172 de
2277 1132 2459 1172 causa
2477 1114 2812 1170 immediata

168 1195 393 1256 dentur
426 1206 805 1276 quaestiones
852 1205 1047 1262 variae
1080 1205 1324 1262 Parisiis
1356 1204 1478 1262 dis·
1534 1206 1942 1262 ecclesiasticae
1961 1204 2285 1277 potestatis,
2337 1203 2473 1260 hinc
2504 1221 2570 1259 ex
2604 1202 2813 1260 ordine
2910 1196 2918 1201 ’

169 1292 426 1360 putatae
467 1286 637 1371 (42),
672 1293 909 1351 Parisiis
953 1303 1113 1356 1618
1136 1312 1276 1351 cura
1309 1293 1471 1352 soda·
1534 1294 1778 1375 disserit
1799 1294 1869 1351 de
1890 1297 2184 1367 potestate
2205 1292 2384 1359 Petri,
2407 1291 2812 1366 apostolorum

172 1374 244 1431 lis
275 1376 612 1439 Gravinae.
674 1382 1108 1440 commentaria
1151 1383 1214 1440 in
1248 1382 1308 1440 ll.
1343 1401 1477 1440 sen·
1531 1386 1593 1440 et
1623 1383 1843 1441 Christi
1874 1383 2323 1456 discipulorum,
2357 1400 2540 1456 papae
2556 1376 2620 1460 ¹),
2654 1380 2811 1454 epis—

173 1466 547 1537 tentiarutn,
593 1470 934 1545 quodlibeta
978 1476 1104 1533 etc..
1152 1472 1311 1548 typis
1358 1490 1476 1530 non
1531 1490 1828 1545 coporuni.
1863 1476 2232 1537 curatorum;
2283 1470 2387 1545 qui
2420 1469 2646 1545 prodiit
2677 1487 2811 1527 cum

178 1552 435 1613 fuerunt
494 1560 785 1634 impressa
834 1556 895 1641 (†
958 1557 1341 1629 1323—30).
1392 1593 1478 1604 ·-—
1533 1561 1669 1619 aliis
1689 1561 1955 1637 ejusdem
1979 1560 2335 1637 argumenti,
2372 1558 2615 1616 Parisiis
2645 1567 2807 1620 1506

186 1641 481 1704 Petrus
547 1648 618 1705 de
680 1650 967 1708 Palude
1030 1648 1127 1728 (de
1178 1651 1234 1708 la
1283 1646 1475 1730 Palu),
1534 1651 1597 1708 in
1632 1660 1687 1710 4.
1752 1650 1808 1708 Is
1852 1655 2050 1708 tamen
2095 1654 2168 1707 tr.
2213 1648 2454 1706 videtur
2502 1666 2624 1706 esse
2657 1647 2810 1705 Guil.

194 1730 315 1790 hinc
340 1734 698 1795 Paludanus
718 1739 932 1807 dictus,
957 1739 1157 1798 Gallus
1176 1739 1478 1798 nobilibus
1535 1739 1798 1810 Petrihde
1832 1739 2075 1797 Godin
2095 1756 2146 1806 o,
2183 1738 2253 1796 de
2286 1756 2403 1811 quo
2437 1736 2610 1795 infra.
2674 1737 2809 1794 Ser—

199 1824 551 1893 parentibus
581 1830 764 1895 ortae,
785 1847 1068 1904 magnum
1087 1828 1312 1887 ordinis
1333 1848 1475 1905 gen·
1533 1847 1725 1887 mones
1756 1830 1824 1886 de
1855 1835 2105 1904 tempore
2134 1835 2184 1884 et
2215 1828 2535 1900 destinetis,
2572 1826 2685 1883 sub
2702 1844 2809 1883 no·

197 1909 390 1985 titique
413 1933 561 1973 suae
581 1921 641 1974 et
669 1917 881 1975 aetatis
901 1921 1475 1985 eratornamentum‚
1533 1918 1690 1975 mine
1742 1918 2136 1985 Thesauri,
2190 1916 2555 1992 Argentinae
2614 1923 2808 1979 1485;

194 2000 470 2060 omnium
502 2023 679 2081 prope
713 2006 1070 2082 scriptorum
1103 2007 1476 2064 commenda·
1541 2017 1694 2067 1491
1742 2011 1803 2064 et
1841 2016 2005 2069 1493
2040 2011 2081 2063 t.
2120 2017 2185 2076 33
2219 2004 2492 2080 pluribus
2525 2003 2812 2061 fabulosis

197 2086 357 2147 tione
392 2093 604 2151 clarus.
668 2094 875 2154 Sacrae
914 2095 1244 2172 theologiae
1276 2096 1477 2154 laurea
1532 2096 1797 2154 historiis
1831 2096 2115 2171 praecisis
2151 2093 2398 2153 Parisiis
2433 2102 2615 2155 1572.
2644 2103 2807 2155 1573

200 2175 261 2232 in
290 2181 687 2242 universitate
717 2185 1033 2260 parisiensi
1050 2186 1261 2260 adepta
1281 2186 1477 2243 cathe-
1531 2189 1573 2242 t.
1612 2196 1680 2255 33
1726 2196 1920 2253 1574;
1955 2186 2243 2243 hactenus
2263 2183 2392 2240 sine
2412 2183 2650 2240 nomine
2672 2200 2808 2239 auc-

203 2263 368 2324 drum
405 2271 568 2329 rexit.
630 2271 702 2330 In
749 2274 1012 2349 capitulo
1061 2274 1321 2351 generali
1374 2274 1472 2332 de·
1531 2274 1696 2331 toris.
1744 2275 2020 2351 Lugduni
2063 2283 2244 2335 1575.
2294 2282 2448 2334 1576
2484 2274 2526 2328 t·
2565 2282 2599 2333 3
2636 2271 2700 2328 in
2734 2279 2810 2337 8·.·

207 2352 511 2417 finitorum
568 2361 792 2420 ordinis
862 2373 1024 2426 1317
1084 2364 1476 2438 Pampelonae
1531 2363 1631 2422 sed
1663 2383 1810 2422 num
1841 2364 2032 2439 ipsius
2067 2363 2204 2429 sint,
2239 2362 2449 2419 saltem
2471 2379 2691 2428 omnes,
2719 2364 2811 2417 est

210 2443 497 2507 celebrato
526 2450 747 2509 electus
782 2456 889 2521 est,
941 2454 1200 2529 generali
1234 2452 1476 2511 absente
1531 2453 1701 2510 valde
1754 2453 2036 2511 dubium:
2100 2451 2382 2510 videntur
2430 2450 2632 2524 potius
2681 2466 2811 2507 esse

211 2534 582 2611 etimpeditn,
604 2540 849 2615 capituli
869 2541 1141 2600 vicarius.
1175 2544 1224 2600 A
1245 2542 1475 2600 Joanne
1530 2543 1839 2618 cujusdam
1871 2542 2200 2600 Minoritae.
2234 2540 2369 2615 Ipse
2399 2538 2695 2614 praesedit
2726 2537 2812 2595 fa-

213 2618 391 2681 nil.
427 2628 630 2687 missus
675 2636 764 2688 est
809 2631 1042 2708 legatus
1086 2632 1158 2690 ad
1192 2631 1474 2691 Flandros
1530 2632 1773 2691 cultatis
1806 2631 2169 2708 theologicae
2201 2629 2543 2706 parisiensis
2574 2626 2810 2686 consul-

218 2729 323 2784 pro
353 2734 485 2790 pace
515 2721 911 2794 componenda
954 2740 1087 2779 cum
1118 2722 1474 2780 Francorum
1529 2723 1763 2790 tationi‚
1812 2721 1873 2780 in
1920 2740 2040 2795 qua
2084 2720 2338 2777 examini
2386 2719 2654 2793 subjecta
2693 2717 2813 2774 fuit

222 2817 353 2878 rege
384 2810 440 2862 et
467 2811 596 2881 post
640 2809 990 2868 decennium
1025 2805 1253 2893 (1329)
1287 2811 1468 2884 patri·
1530 2811 1749 2885 opinio,
1802 2811 1897 2869 cui
1928 2810 2189 2868 Joannes
2223 2807 2398 2866 XXII.
2451 2808 2705 2874 favebat,
2739 2806 2811 2862 de

226 2893 395 2950 archa
422 2894 965 2974 hierosolymitanus
999 2900 1237 2958 electus.
1274 2900 1342 2957 In
1366 2900 1472 2957 Pa·
1529 2900 1751 2959 sanctis
1815 2904 1952 2958 ante
2003 2897 2495 2956 resurrectionem
2546 2895 2810 2953 nondum

225 2976 513 3042 Inest-inam
543 2988 842 3061 trajiciens
874 2988 1194 3047 Soldanum
1228 2989 1476 3047 accessit
1527 2988 1865 3047 fruentibus
1897 2989 2123 3047 visione
2156 2986 2444 3052 beatifica,
2479 3004 2632 3059 quae
2662 3003 2811 3042 una-

228 3065 368 3128 iram
398 3073 513 3146 ejus
532 3080 589 3132 et
606 3076 832 3134 rabiem
851 3077 914 3134 in
935 3078 1298 3136 Christianos
1323 3078 1472 3135 leni·
1526 3079 1675 3136 nimi
1705 3078 2012 3136 doctorum
2024 3093 2319 3135 consensu
2338 3074 2659 3148 reprobata
2677 3073 2808 3132 fuit.

230 3165 408 3222 turus,
439 3163 530 3220 sed
561 3164 799 3223 frustra.
862 3166 1064 3225 Redux
1114 3168 1175 3225 in
1222 3167 1471 3225 Galliam
1528 3167 1838 3225 Sententia
1880 3166 2068 3224 literis
2117 3164 2236 3222 fuit
2264 3166 2613 3240 consignata
2643 3167 2704 3220 et
2736 3161 2811 3221 ab

236 3244 462 3326 Philippi
494 3252 581 3309 VI.
614 3255 771 3330 regis
813 3255 1315 3330 dynastarumque
1347 3257 1471 3314 ani·
1529 3257 1805 3315 omnibus
1836 3255 2187 3330 subscripta.
2251 3253 2432 3330 Typis
2479 3253 2703 3328 prodiit
2746 3254 2809 3309 111

234 3352 345 3394 mos
363 3341 723 3400 vehementer
753 3344 1066 3403 adbellum
1087 3363 1318 3403 sacrum
1341 3364 1472 3404 suc·
1526 3346 1737 3404 Bulaei
1813 3345 1951 3402 hist.
2032 3344 2191 3402 acad.
2257 3342 2594 3418 parisiensis
2644 3345 2685 3398 t.
2754 3351 2808 3402 4.

237 3427 425 3496 cendit,
456 3431 553 3488 sed
585 3432 794 3490 horum
844 3434 1151 3508 promissis
1201 3453 1322 3492 non
1352 3453 1471 3493 res—
1527 3456 1582 3511 p.
1621 3444 1778 3504 2363
1827 3434 1889 3491 in
1939 3432 2271 3492 Launoii
2323 3431 2461 3489 hist.
2512 3429 2808 3507 gymnasii

236 3516 422 3586 pendit
464 3525 722 3579 eventus,
786 3522 1056 3581 Ceterum
1101 3543 1319 3600 magna
1348 3528 1474 3582 erat
1527 3518 1747 3599 nav.'p.
1787 3533 1859 3586 61
1902 3527 2009 3580 etc.
2073 3521 2359 3579 Interfuit
2403 3537 2642 3596 quoque
2675 3537 2809 3577 cuin

239 3603 351 3674 ejus
391 3609 533 3684 apud
581 3629 780 3687 regem
830 3611 999 3670 illum
1048 3612 1368 3671 auctoritas
1415 3618 1474 3670 et
1528 3613 1662 3671 aliis
1693 3611 2026 3688 theologiae
2042 3609 2345 3686 magistris
2367 3607 2805 3675 consultationi,

242 3695 415 3765 gutia,
436 3717 828 3774 magnumque
861 3719 1074 3759 nomen
1105 3702 1180 3760 ob
1212 3702 1473 3778 singula·
1529 3721 1647 3777 qua
1690 3701 2050 3760 confessario
2098 3698 2338 3757 Roberti
2387 3696 2811 3755 attrebatensis

241 3797 341 3839 rem
384 3789 500 3860 pari
546 3806 681 3846 cum
732 3789 1077 3865 integritate
1129 3808 1360 3849 morum
1412 3795 1473 3849 et
1531 3789 1734 3872 (male)
1770 3790 2140 3848 insinuatum
2167 3787 2378 3854 fuerat,
2411 3787 2611 3862 ipsum
2643 3804 2807 3844 reve-

243 3869 369 3929 vitae
395 3876 722 3935 innocentia
740 3879 1148 3946 eruditionem,
1183 3880 1341 3938 unde
1372 3900 1469 3938 rex
1528 3881 1648 3938 lare
1696 3898 1868 3955 posse
1919 3877 2215 3953 quidquid
2277 3877 2347 3934 de
2394 3875 2562 3934 salsis
2614 3875 2808 3932 literis

243 3956 292 4014 in
316 3964 497 4022 arduis
540 3967 796 4043 negotiis
838 3971 1182 4042 praesertim
1215 3990 1262 4026 a.
1306 3979 1459 4031 13:31
1528 3969 1673 4028 dicti
1708 3969 1952 4027 Roberti
1986 3964 2232 4047 (quibus
2282 3965 2398 4041 ipsi
2432 3964 2810 4023 asserebatur

243 4053 291 4103 et
324 4061 465 4115 1333
498 4073 640 4115 usus
673 4061 767 4113 est
798 4058 925 4130 ejus
956 4076 1132 4133 opera
1150 4068 1209 4116 et
1229 4059 1473 4117 consilio
1530 4058 1845 4117 comitatus
1878 4055 2321 4129 attrebatensis)
2354 4054 2548 4123 sciret,
2601 4073 2805 4128 quani-

246 4129 293 4214 (†
312 4140 531 4201 31.Jan.
558 4141 766 4224 1342).
788 4145 943 4204 Haec
962 4148 1194 4221 potiora
1208 4147 1471 4222 ejusdem

246 4242 386 4300 opera
400 4234 460 4308 ¹):
523 4234 949 4293 Conmoentaria
997 4239 1059 4293 in
1094 4239 1149 4296 3.
1183 4238 1217 4298 l.
1250 4244 1471 4295 senten-

247 4316 445 4395 fimm,
491 4322 727 4381 Parisiis
771 4333 958 4387 15¹7:
994 4327 1055 4382 in
1093 4328 1146 4382 4·
1180 4327 1235 4400 ι.)
1285 4325 1472 4384 Vene—
1567 4305 1642 4384 ΙΙ)
1672 4298 2008 4386 inscribitur
2053 4298 2228 4379 etiarn
2268 4302 2331 4350 de
2365 4306 2618 4378 potestate
2661 4300 2806 4350 eccle·

249 4402 325 4461 tiis
359 4418 499 4473 1493
526 4431 541 4478 ζ
570 4412 814 4470 Parisiis
841 4387 1032 4476 1493.
1065 4424 1135 4477 15
1158 4424 1254 4477 14.
1288 4425 1358 4477 15
1380 4424 1450 4479 ¹8
1527 4381 1759 4452 stastscog,
1803 4371 1891 4450 vel
1933 4369 2001 4422 de
2030 4386 2308 4472 regimine
2337 4367 2584 4456 clavium
2629 4369 2807 4447 veltr.

1019 4459 1033 4483 ν
1244 4460 1256 4485 ν
1458 4460 1469 4480 ’
1528 4441 1596 4494 de
1663 4458 1920 4510 principe
1984 4444 2039 4493 et
2091 4441 2474 4508 praelatorum
2531 4439 2806 4494 Ecclesiae

249 4497 296 4549 et
318 4512 430 4554 cum
459 4502 827 4576 praecedenti
859 4521 948 4577 op.
994 4513 1154 4566 1530
1189 4508 1230 4561 t.
1269 4514 1301 4565 2
1341 4506 1403 4562 in
1437 4506 1471 4561 f.
1497 4477 1501 4560 l
1530 4515 1827 4583 potestate.
1857 4513 1934 4565 Ex
1952 4513 2148 4565 eodem
2166 4513 2361 4565 ordine
2389 4513 2434 4566 G
2454 4511 2628 4564 nido
2662 4511 2808 4563 Ver-

254 4579 387 4644 Hune
412 4592 889 4650 commentarium
925 4589 1015 4672 (in
1038 4603 1091 4654 4,
1114 4593 1176 4670 1,)
1211 4593 1286 4650 ob
1308 4611 1472 4669 prae-
1497 4571 1502 4678 Ι
1531 4601 1615 4636 na
1634 4584 1725 4671 ni⁸
1754 4583 2022 4671 disseruit
2065 4599 2128 4652 (ὶο.
2171 4600 2220 4635 a.
2265 4589 2420 4648 1327)
2462 4586 2523 4663 df
2557 4591 2807 4649 potestate

1498 4693 1503 4738 ᾖ
1527 4675 1719 4708 suenmae
1745 4662 2007 4724 pontificis
2034 4659 2091 4708 et
2117 4654 2184 4708 de
2227 4657 2623 4723 reprobatione
2651 4669 2805 4704 mon-

352 4729 518 4737 *ww

1497 4727 1750 4796 garchiae
1791 4726 2136 4796 compositae
2179 4744 2211 4778 a
2255 4727 2434 4779 Dante
2493 4721 2804 4792 Alligherio

312 4792 1847 4866 22,(21⁶.iiiorgott1<L.1X‘2‚13⁴21ssi.;Quetif1‚¹fleurenizino⁹
1892 4798 1993 4866 qui
2035 4799 2073 4852 l.
2113 4799 2342 4851 demum
2387 4795 2602 4866 prodiit
2629 4796 2806 4847 Bono·

257 4863 357 4918 603:
380 4863 555 4923 oudin
582 4867 674 4921 111.
700 4873 823 4925 897.
1497 4853 1502 4936 !
1530 4870 1655 4922 niae
1684 4875 1822 4927 1846
1849 4871 1910 4922 in
1936 4874 1986 4926 s.
