3475 5364
509 337 673 391 1295

1264 323 1640 376 1521—1540.
1668 318 1722 372 S.
1751 318 2066 388 Scriptura.
2094 318 2375 373 Erasmus.

2964 336 3134 389 1296

503 502 1790 586 concionator-evangelicus(Basileael535),
1848 508 1978 565 tum
2012 506 2130 563 fere
2149 506 2210 563 in
2234 506 2375 564 locis
2391 506 2650 565 mutavit
2666 502 2711 585 ¹)
2745 527 2758 575 3
2799 514 2983 568 1535.
3016 480 3136 563 150-

505 595 611 670 qui
644 594 849 653 multis
871 594 1185 653 admodum
1200 594 1319 653 fuit
1337 597 1628 668 acceptus,
1662 612 1788 653 sae·
1848 594 2085 654 lendum
2134 594 2294 669 quod
2325 594 2691 653 erasmianus
2735 597 2933 653 textus
2965 613 3136 669 prae-

504 685 638 760 pius
670 683 883 754 edituS,
929 683 1120 742 adhuc
1150 683 1378 758 Lipsiae
1416 691 1618 754 18203
1667 684 1791 742 Μο-

503 774 614 831 dus
643 773 945 846 confitendi
976 767 1239 854 (1525);
1278 775 1671 846 praeparatio
1714 774 1793 830 ad

504 869 743 920 mortem
756 883 786 934 ,·
828 862 889 920 T.
932 872 987 923 6.
1039 862 1379 921 continetur
1423 862 1552 937 ejus
1595 862 1670 919 N.
1730 861 1791 924 T.

499 969 771 1028 yraecum
802 969 937 1009 cum
969 950 1241 1010 versione
1287 953 1349 1009 et
1388 951 1792 1009 annotationi·

503 1040 617 1098 bus
652 1036 886 1122 (Tiguri
928 1049 1088 1101 1547
1127 1060 1201 1101 m.
1243 1035 1424 1121 175);
1475 1044 1518 1096 t.
1574 1051 1627 1102 7.
1665 1041 1793 1115 ejus

502 1129 565 1187 in
597 1129 749 1187 illud
777 1130 1192 1204 paraphrases.
1267 1128 1518 1204 Propter
1562 1129 1666 1187 hos
1705 1129 1792 1187 la—

503 1219 675 1276 bores
696 1218 790 1276 hic
801 1224 1050 1277 maxime
1070 1218 1384 1277 Erasmum
1394 1218 1791 1277 nominamus.

503 1307 819 1365 Paraverat
852 1307 971 1365 scil.
1004 1306 1144 1365 novi
1176 1307 1236 1365 Τ.
1269 1307 1584 1365 editionem
1622 1326 1787 1384 grae·

502 1415 630 1455 cam
663 1395 959 1466 adhibitis,
1006 1400 1077 1454 ut
1120 1397 1248 1471 ipse
1292 1399 1549 1454 testatur
1591 1396 1656 1454 in
1702 1416 1790 1471 ep.

503 1485 866 1544 dedicatoria
898 1484 971 1544 ad
1004 1486 1254 1543 Leonem
1288 1485 1374 1556 X„
1431 1485 1792 1561 ,compluri-

501 1574 616 1633 bus
658 1574 975 1649 utriusque
1019 1573 1257 1651 linguae
1301 1573 1640 1633 codicibus<
1689 1574 1791 1632 iis-

503 1682 620 1738 que
668 1662 1131 1732 ,vetustissimis
1177 1663 1357 1721 simul
1401 1665 1462 1720 et
1519 1663 1792 1721 emenda-

503 1747 887 1832 tissimis‘¹):
962 1771 1169 1811 revera
1244 1755 1442 1810 autem
1526 1753 1794 1828 quinque

503 1841 818 1900 dumtaxat
850 1837 1045 1922 (binos
1081 1841 1154 1900 ad
1185 1841 1492 1916 evangelia
1522 1843 1585 1899 et
1603 1840 1675 1899 ad
1696 1859 1790 1900 ac-

502 1934 604 1989 tus
625 1930 1043 2005 epistolasque,
1078 1949 1267 1988 unum
1287 1930 1360 1988 ad
1380 1926 1790 2011 apocalypsin)

502 2039 534 2077 c
550 2019 666 2078 >dd.
699 2036 917 2093 eosque
930 2020 1198 2094 juniores
1219 2020 1565 2095 byzantinae
1591 2038 1792 2078 recen-

504 2110 686 2167 sionis
717 2108 1085 2177 adhibuerat,
1132 2109 1248 2166 im0
1295 2125 1428 2166 cum
1475 2108 1790 2184 apocalyp-

505 2216 631 2257 seos
663 2197 837 2255 codex
862 2200 1176 2255 truncatus
1198 2199 1368 2266 esset,
1402 2197 1644 2255 ultimos
1660 2216 1791 2257 ver-

504 2305 606 2345 sus
644 2295 744 2356 22,
786 2295 1031 2349 16-21
1089 2286 1218 2361 ipse
1263 2304 1332 2344 ex
1365 2286 1553 2344 latino
1587 2305 1792 2362 graece

504 2376 857 2444 reddiderat,
892 2376 1157 2433 Basileae
1198 2385 1384 2444 1516,
1438 2375 1526 2432 ed.
1564 2377 1791 2434 mendis

503 2466 694 2541 plena,
747 2484 958 2540 parum
1010 2464 1228 2522 critica.
1306 2464 1557 2522 Textum
1615 2465 1789 2535 hunc,

506 2574 678 2628 quem
713 2555 837 2629 ipse
871 2556 1077 2628 postea
1101 2554 1561 2628 ,precipitatum
1594 2554 1793 2629 potius

505 2662 686 2720 quam
719 2642 987 2702 editum‘
1026 2642 1369 2719 appellavit,
1405 2642 1468 2700 in
1493 2642 1683 2702 altera
1702 2643 1790 2702 ed.

504 2734 581 2791 ib.
642 2731 806 2795 15’19
862 2733 935 2791 ab
982 2731 1140 2790 haud
1183 2733 1386 2807 paucis
1430 2733 1792 2808 typographi

505 2822 673 2880 vitiis
694 2821 1060 2891 emendavit3
1106 2830 1288 2888 1522,
1310 2820 1397 2878 ed.
1423 2830 1495 2890 3.,
1530 2822 1593 2878 in
1615 2840 1790 2895 quam

507 2910 730 2986 recepit
767 2922 817 2974 1.
851 2910 940 2968 Jo.
981 2920 1035 2979 5,
1075 2920 1145 2979 73
1190 2919 1350 2971 1527
1388 2909 1475 2967 ed.
1515 2920 1589 2978 4.‚
1614 2929 1791 2985 quam

505 2998 826 3058 secundum
872 3001 1102 3057 textum
1148 2999 1614 3074 complutensem
1656 3017 1790 3057 cen-

587 3247 624 3312 ¹)
652 3240 731 3294 De
758 3239 847 3293 his
873 3240 960 3294 ed.
1002 3240 1072 3295 cf.
1101 3239 1481 3310 Long·Masch
1508 3240 1653 3295 Bibl.
1681 3257 1724 3295 Β.
1757 3242 1791 3306 1,

506 3316 779 3372 281—-922
832 3313 1075 3380 Cornely
1115 3313 1153 3366 l.
1200 3329 1247 3366 c.
1288 3333 1340 3366 n.
1382 3317 1513 3373 144:
1568 3312 1792 3365 Hunds-

506 3385 723 3438 hausen
750 3384 864 3437 KL.
891 3388 941 3445 2.
968 3388 1075 3440 600
1100 3401 1169 3437 ss.
1199 3383 1409 3437 Contra
1436 3383 1654 3437 Erasini
1679 3382 1792 3436 edi-

507 3455 720 3510 tionem
748 3456 1097 3526 scripserunt
1133 3456 1249 3509 Jac.
1292 3455 1334 3508 Ι,
1351 3473 1384 3507 a
1404 3458 1428 3506 t
1443 3472 1476 3509 o
1494 3473 1549 3508 m
1567 3473 1603 3507 u
1622 3471 1662 3520 s,
1695 3455 1792 3509 Lo-

550 3544 609 3581 ez
637 3527 673 3581 S
691 3532 714 3580 t
729 3546 765 3581 u
788 3546 821 3579 n
839 3527 860 3581 i
875 3544 903 3579 c
918 3544 969 3592 a,
997 3528 1037 3581 F
1055 3544 1087 3579 a
1107 3528 1141 3581 b
1157 3544 1186 3580 e
1202 3544 1229 3579 r
1256 3525 1627 3596 Stapulensis‚
1668 3527 1792 3580 Nic.

569 3599 858 3668 gmond,
901 3597 1064 3665 13:011,
1108 3601 1315 3654 Gomez
1362 3598 1794 3668 Sepulveda

507 3674 630 3736 etc.‚
708 3671 775 3723 de
853 3671 1065 3739 quibus
1137 3669 1319 3728 infra:
1396 3669 1441 3722 E
1459 3669 1494 3722 d
1513 3688 1550 3722 u
1568 3686 1643 3722 ar
1659 3668 1694 3721 d
1713 3687 1750 3721 u
1768 3687 1793 3721 s

507 3742 549 3795 L
566 3759 595 3795 e
613 3760 659 3807 e,
696 3742 919 3812 anglus,
946 3741 1413 3810 archiepiscopus
1440 3739 1793 3794 eboracensis

508 3824 555 3878 (τ
582 3817 664 3870 13.
688 3813 843 3883 Sept.
871 3817 1047 3878 1544).
1067 3814 1169 3880 qui
1186 3812 1369 3866 edidit
1388 3817 1792 3866 annotationum

506 3889 560 3939 ll.
587 3892 635 3944 2,
682 3901 926 3953 quorum
973 3886 1115 3938 alter
1160 3888 1245 3936 est
1289 3883 1350 3936 in
1392 3883 1794 3937 annotationes

508 3957 713 4027 prioris
740 3957 825 4010 ed.
856 3956 907 4008 N
914 3956 1004 4009 .T.
1032 3954 1271 4018 Erasmi,
1298 3955 1444 4008 alter
1471 3955 1530 4007 in
1559 3957 1794 4009 annota-

507 4028 695 4081 tiones
722 4028 1046 4096 posterieris
1074 4026 1161 4080 ed.
1190 4025 1418 4079 Parisiis
1447 4031 1602 4086 1520.
1632 4026 1794 4079 Affir-

508 4101 628 4151 mat
653 4115 709 4150 se
734 4100 797 4151 in
826 4098 1081 4152 versione
1106 4097 1322 4150 Erasini
1342 4097 1472 4166 plus
1495 4115 1667 4165 quam
1689 4101 1795 4150 tre·

509 4173 700 4224 centos
719 4186 930 4224 errores
948 4173 1189 4222 notasse.
1208 4168 1366 4222 Rich.
1384 4170 1419 4222 S
1439 4169 1457 4220 i
1479 4187 1531 4222 m
1549 4185 1581 4222 o
1600 4187 1636 4220 n
1664 4168 1795 4222 illas

508 4240 911 4294 annotationes
939 4243 1011 4294 ab
1039 4239 1379 4302 eruditione,
1407 4257 1524 4293 non
1548 4243 1741 4293 tamen
1761 4257 1794 4290 a.

500 4311 724 4381 judicio
753 4311 948 4366 critico
978 4311 1181 4365 laudat
1207 4311 1374 4382 (Hist.
1408 4311 1531 4365 crit.
1549 4311 1626 4364 du
1644 4310 1713 4366 N.
1732 4310 1794 4366 T.

509 4400 555 4438 c.
584 4388 645 4438 :21
680 4401 735 4451 p.
762 4388 905 4455 246).
958 4381 1246 4452 Opposuit
1288 4386 1480 4436 autem
1526 4382 1795 4436 Erasmus

508 4455 1072 4580 1.θέρέῗὲξὲἲέἅέἒὲ
1109 4453 1794 4594 Χξῖξέῗέἳίἒῗὲοέᾶεξ·

509 4597 804 4651 Tribuitur
849 4597 983 4650 huic
1028 4597 1247 4652 auctori
1293 4597 1466 4651 etiam
1512 4614 1795 4652 commen-

509 4668 689 4722 tarius
713 4670 774 4722 in
803 4669 1254 4723 Pentateuchum
1295 4668 1568 4738 (ineditus
1596 4670 1795 4739 proba·

511 4741 734 4812 biliter).
763 4740 989 4795 Bludau
1034 4741 1132 4794 Die
1176 4740 1380 4794 beiden
1417 4744 1603 4794 ersten
1632 4740 1793 4793 Eras-

509 4816 962 4882 mus-Ausgaben
982 4812 1080 4866 des
1098 4811 1168 4868 N.
1188 4813 1249 4864 T.
1269 4813 1386 4865 und
1405 4812 1527 4865 ihre
1550 4813 1792 4882 Gegner‚

508 4884 763 4938 Miinster
791 4889 946 4940 1902.

1847 685 2089 759 cipuum
2120 687 2320 743 textus
2338 684 2560 759 recepti
2582 683 3032 743 fundamentum
3054 683 3137 742 sit

1848 774 2056 842 factae,
2093 792 2226 842 cum
2257 773 2586 832 fatentibus
2618 774 2711 831 vel
2743 773 3135 847 protestanti-

1847 863 1959 921 bus
1991 862 2349 921 doctissimis
2396 866 2467 920 ut
2499 862 2682 921 Minio
2728 864 2790 920 et
2821 861 3133 929 Delitzsch,

1848 953 1975 1011 sine
2006 952 2132 1010 ullo
2157 951 2341 1010 dubio
2363 952 2755 1026 complutensi
2777 952 2858 1010 sit
2873 950 3135 1009 inferior.

1849 1042 2032 1100 Illum
2062 1042 2183 1099 fere
2213 1059 2321 1115 pro
2352 1040 2738 1099 fundamento
2757 1039 2979 1098 habent
3008 1039 3135 1097 edi-

1849 1132 2043 1190 tiones
2094 1130 2248 1199 illae,
2296 1148 2444 1205 quas
2491 1129 2632 1188 Rob.
2665 1130 2998 1203 Stephanus
3028 1146 3136 1186 cu-

1849 1221 2008 1279 ravit
2039 1222 2218 1295 atque
2250 1219 2579 1277 innumeris
2599 1218 2833 1277 vicibus
2849 1218 3137 1294 repetitae

1847 1309 2031 1379 fuere,
2079 1311 2140 1366 et
2169 1307 2473 1367 Elzevirus
2506 1307 2783 1384 Lugduni
2828 1309 2893 1365 B.
2933 1315 3136 1375 16243

1857 1408 2042 1461 1633.
2107 1398 2282 1456 Hunc
2330 1414 2470 1455 vero
2515 1400 2742 1455 textum
2808 1414 2968 1454 nunc
3013 1396 3138 1454 fere

1848 1487 2073 1564 ubique
2105 1489 2406 1562 receptum
2438 1506 2650 1562 parum
2679 1504 2809 1544 esse
2837 1504 3055 1560 purum
3073 1488 3139 1543 et

1850 1577 1995 1636 satis
2027 1576 2200 1651 longe
2231 1576 2304 1634 ab
2327 1575 2710 1652 autographis
2731 1575 3138 1650 apostolorum

1850 1665 2069 1724 distare
2101 1664 2273 1723 hodie
2304 1665 2573 1723 fatentur
2591 1664 2714 1722 fere
2733 1681 2953 1722 omnes.
2986 1663 3138 1721 Tex-

1849 1755 1942 1813 tui
1977 1775 2012 1814 a
2044 1773 2104 1812 se
2137 1754 2297 1813 edito
2342 1753 2557 1830 adjecit
2585 1753 2867 1811 Erasmus
2912 1752 3138 1810 versio-

1848 1863 1984 1903 nem
2035 1844 2281 1902 latinam
2329 1844 2470 1902 stilo
2519 1842 2759 1901 classico
2818 1846 2880 1900 et
2926 1840 3136 1909 nitido,

1849 1952 2003 2008 quae
2034 1933 2365 1991 innumeris
2396 1932 2627 1990 vicibus
2674 1932 2791 1990 fuit
2820 1948 3029 1989 recusa
3051 1926 3138 2009 ²);

1849 2024 2058 2081 saltem
2121 2025 2215 2080 ter
2274 2023 2335 2080 et
2396 2020 2587 2080 decies
2648 2020 2913 2079 Basileae
2973 2021 3141 2078 intra

1855 2120 2238 2180 1516—423
2271 2112 2400 2186 ejus
2432 2108 2818 2185 paraphrases
2851 2105 2939 2189 (in
2974 2108 3041 2166 N.
3074 2108 3137 2169 T.

1848 2204 2094 2275 excepta
2124 2195 2489 2280 apocalypsi)
2523 2216 2661 2258 vero
2695 2199 2903 2257 saltem
2950 2198 3139 2256 sexies

1848 2294 1910 2349 et
1952 2289 2142 2348 decies
2201 2290 2497 2348 Basileae:
2555 2288 2747 2365 prima
2791 2288 2917 2346 vice
2973 2296 3132 2349 1516

1847 2383 1889 2438 t.
1928 2388 1982 2441 2.
2018 2380 2265 2453 Propter
2281 2378 2613 2437 versionem
2644 2395 2812 2435 suam
2842 2395 2984 2452 prae
3017 2376 3138 2451 pri-

1849 2469 1961 2527 mis
1993 2467 2250 2526 incurrit
2279 2467 2561 2526 Erasmus
2593 2466 3010 2541 theologorum
3043 2484 3136 2523 ca-

1847 2558 2205 2617 tholicorum
2270 2574 2597 2624 censuram,
2662 2556 2805 2630 quia
2865 2555 3137 2629 quamvis

1849 2648 2216 2723 protestetur
2264 2641 2352 2727 (in
2403 2663 2553 2721 resp.
2600 2644 2689 2703 ad.
2734 2648 2934 2703 annot.
2969 2640 3135 2724 Lee):

1853 2776 1879 2806 ,
1895 2737 2019 2812 Ego
2050 2736 2209 2811 quod
2231 2739 2399 2793 muto
2419 2736 2483 2793 in
2503 2734 2736 2816 privata
2754 2733 3003 2792 lectione
3018 2751 3138 2792 non

1853 2825 1980 2884 volo
2026 2824 2358 2900 quidquam
2404 2824 2619 2883 habere
2667 2822 2976 2899 ponderis,
3022 2823 3139 2880 nisi

1850 2914 2187 2989 comprobet
2208 2914 2494 2971 Ecclesiae
2526 2912 2921 2971 auctoritas‘:
2956 2911 3136 2969 nimis

1849 3003 2036 3061 libere
2067 3006 2269 3062 tamen
2301 3003 2491 3078 carpit
2519 3000 2795 3077 pluribus
2827 3000 2971 3060 locis
2987 3000 3136 3059 Vul-

1849 3095 2066 3169 gatam‚
2100 3091 2257 3168 quod
2278 3092 2563 3165 antiquus
2584 3091 2877 3166 interpres
2899 3129 2925 3159 ,
2938 3090 3135 3165 palam

1849 3182 1946 3240 vel
1977 3181 2389 3239 dormitaverit
2417 3179 2511 3238 vel
2540 3181 2739 3255 lapsus
2769 3179 2849 3237 sit
2880 3179 2974 3237 vel
3012 3178 3136 3237 ins-

1850 3271 1966 3329 cite
1998 3269 2327 3328 reddiderit
2373 3265 2614 3351 (Contra
2658 3286 2919 3327 morosos
2956 3285 3135 3343 quos-

1848 3360 1983 3418 dam
2017 3364 2078 3418 et
2108 3355 2464 3439 indoctos),‘
2513 3375 2811 3432 aususque
2856 3358 2985 3433 ejus
3016 3356 3137 3415 fere

1849 3449 2153 3526 colligitur
2182 3449 2508 3507 versionem
2531 3466 2710 3505 snam·
2730 3445 3136 3505 substituendi

1853 3539 2142 3613 Vulgatae
2173 3555 2292 3596 usu
2334 3540 2430 3595 tot
2475 3537 2811 3596 seculorum
2842 3535 3136 3595 Ecclesiae

1853 3631 2128 3696 sacratae,
2163 3626 2323 3702 quod
2354 3626 2502 3684 bene
2535 3625 2724 3700 carpit
2742 3623 2836 3683 vel
2851 3624 3013 3683 Rich.
3036 3623 3134 3682 Si·

1850 3735 2015 3775 mon
2048 3716 2204 3774 Hist.
2236 3716 2366 3774 crit.
2400 3716 2480 3773 du
2513 3715 2583 3772 N.
2629 3714 2689 3772 T.
2723 3731 2771 3771 c.
2808 3722 2908 3775 21.
2945 3722 3046 3774 22.
3077 3732 3135 3789 p.

1853 3814 1976 3867 242
2012 3823 2118 3874 ss.;
2166 3806 2229 3862 et
2270 3804 2397 3881 ipse
2428 3822 2631 3862 revera
2661 3803 2890 3878 primus
2923 3821 3136 3861 novam

1851 3894 2163 3954 adornavit
2174 3894 2500 3952 versionem
2514 3892 2758 3951 latinam
2779 3892 2848 3949 N.
2866 3892 2945 3962 T.,
2965 3910 3134 3966 quae,

1932 4103 1965 4170 ¹)
1995 4098 2074 4152 De
2115 4099 2206 4153 his
2249 4098 2666 4154 mutationibus
2707 4099 2778 4153 cf.
2819 4098 3136 4152 Stunica

1851 4174 2010 4235 Loca,
2056 4187 2202 4239 quae
2243 4188 2307 4225 ex
2353 4171 2620 4224 Stunicae
2660 4170 3135 4224 annotationibus

1850 4242 2008 4296 illius
2049 4259 2351 4314 suppresso
2397 4242 2628 4294 nomine
2667 4247 2722 4294 in
2764 4247 2811 4295 3.
2854 4246 2930 4295 ed.
2973 4244 3034 4295 N.
3075 4245 3132 4297 T.

1853 4316 2117 4369 Erasmus
2149 4317 2457 4381 emendavit,
2485 4312 2698 4368 Romae
2726 4318 2882 4369 1524.

1927 4394 1964 4451 ²)
1994 4384 2402 4440 Damianus
2439 4385 2674 4438 Lorus
2715 4385 2777 4438 O.
2806 4383 3003 4438 Praed.
3045 4400 3134 4438 ve-

1852 4460 2021 4510 netus
2084 4476 2125 4511 s.
2191 4457 2513 4526 theologiae
2567 4456 2838 4526 magister
2899 4455 3134 4525 linguae

1849 4545 2084 4598 graecae
2127 4528 2267 4582 adeo
2309 4528 2545 4596 peritus,
2589 4529 2657 4580 ut
2689 4545 2813 4581 eam
2858 4544 3000 4596 pure
3027 4526 3132 4580 ele·

1850 4603 2166 4669 ganterque
2179 4601 2527 4667 loqueretur,
2545 4600 2730 4652 edidit
2745 4601 2963 4651 textum
2977 4614 3132 4668 grae-

1851 4687 1980 4725 cum
2021 4671 2392 4740 epistola-rum
2436 4672 2488 4725 b.
2529 4671 2695 4724 Pauli
2735 4687 2827 4739 ap.
2869 4687 2997 4722 cum
3037 4668 3134 4723 tri·

1893 4742 1990 4797 lici
2041 4743 2317 4807 versione,
2371 4741 2655 4796 Erasini
2720 4741 2856 4805 scil„
2906 4739 3132 4795 Fabri

1851 4815 2206 4885 .-tapulensis
2253 4818 2311 4869 et
2336 4814 2590 4884 vulgata,
2619 4813 2878 4868 Venetiis
2906 4816 3046 4869 1533
3070 4812 3133 4865 in

1849 4889 1900 4940 8.
1928 4887 2013 4939 ed.
2042 4886 2285 4956 elegans,
