3475 5364
543 345 707 397 1259
768 330 1145 384 '1521-1540·
1172 325 1484 397 Theologia
1510 328 1621 396 pol.
1647 326 1708 380 in
1737 325 1856 383 ord.
1884 326 2022 382 Min.
2049 330 2108 380 et
2126 330 2273 396 Aug.
2300 325 2646 391 Haverland,
2667 326 2913 393 Murner,
2987 345 3157 400 1250

533 514 830 573 clesiastes
882 510 943 594 (†
1000 523 1197 583 15:363
1261 515 1583 573 secundum
1629 516 1813 573 Gau·
1870 512 2039 572 modo
2074 511 2435 572 diversarum
2486 513 2939 589 disciplinarum
2970 513 3158 573 lecto-

531 602 879 661 dentium
918 603 1111 681 1535)
1157 606 1365 663 contra
1405 604 1814 679 anabaptistae
1871 621 2011 671 rem,
2044 601 2220 660 modo
2253 603 2737 673 concionatorem,
2785 603 3001 662 nullibi
3045 604 3157 662 diu

531 692 869 768 disputavit
898 693 1151 751 donnico
1171 693 1525 770 baptismate,
1545 693 1813 753 Coloniae
1870 690 2221 750 consistens.
2254 693 2490 750 Italiam
2524 692 2761 751 iteratis
2794 692 3025 751 vicibus
3058 693 3157 751 in-

539 789 738 853 1534;
789 783 858 840 de
892 777 1375 857 paedobaptismo
1430 787 1613 858 atque
1670 784 1814 842 adeo
1870 780 2025 849 visit,
2059 781 2342 857 Angliam
2372 781 2537 851 adiit,
2581 781 2774 841 varias
2807 782 3158 841 Germaniae

531 871 713 929 unius
745 871 809 929 in
830 870 1088 930 Ecclesia
1123 872 1405 931 catholica
1436 872 1815 947 baptismatis
1868 873 1930 927 et
2005 868 2315 929 Helvetiae
2384 870 2718 947 provincias
2794 871 3154 948 peragravit.

531 960 775 1020 assertio
802 969 988 1023 1535.
1022 961 1369 1036 Disputavit
1399 961 1582 1019 etiam
1616 980 1812 1020 coram
1868 954 2135 1017 Plurima
2152 956 2196 1039 ¹)
2231 959 2474 1036 reliquit
2494 959 2718 1035 scripta
2748 957 2933 1041 (edita
2962 963 3025 1018 et
3054 961 3151 1018 in-

530 1049 796 1125 principe
827 1050 867 1108 J
869 1050 1099 1109 ohanne
1132 1050 1437 1109 Francisco
1469 1050 1541 1109 de
1559 1050 1814 1110 Saxonia
1867 1043 2052 1128 edita)
2086 1050 2148 1107 et
2169 1049 2411 1123 quidem
2430 1048 2504 1107 de
2522 1049 2775 1108 diversis
2797 1049 3151 1124 disciplinis,

531 1157 663 1197 cum
712 1139 863 1199 Frid.
910 1139 1209 1215 Myoenio,
1262 1140 1434 1215 cujus
1482 1139 1634 1215 disp.
1680 1144 1812 1199 acta
1867 1136 1968 1206 ita,
2010 1138 2311 1213 plerisque
2332 1138 2583 1207 omissis,
2618 1139 2836 1216 Loyica
2867 1156 3153 1196 memora-

530 1246 650 1286 non
700 1228 925 1286 sincere
974 1228 1340 1304 prodierunt,
1406 1248 1449 1291 s,
1501 1229 1538 1286 l.
1599 1236 1765 1290 1527
1798 1252 1811 1301 3
1865 1226 2527 1296 rativa,Chartiludium
2550 1228 2776 1304 logicae
2795 1246 2901 1286 seu
2921 1229 3152 1287 metho-

530 1316 975 1394 Wittenbergae
1033 1326 1195 1380 1537
1247 1321 1374 1387 etc„
1440 1337 1623 1393 quare
1683 1319 1811 1394 ipse
1867 1313 1980 1373 dus
2011 1316 2267 1390 practica
2286 1318 2622 1375 chartarum
2644 1318 2784 1375 lusu
2803 1315 3153 1376 addiscendi

530 1411 764 1464 coactus
795 1410 888 1464 est
920 1407 1300 1465 sinceriorem
1349 1408 1697 1465 relationem
1747 1408 1810 1466 in
1867 1404 2133 1480 logicam,
2168 1410 2414 1482 propter
2443 1425 2623 1481 quam
2655 1406 2823 1464 venit
2854 1406 2918 1463 in
2952 1406 3154 1481 suspi-

530 1494 927 1554 defensionem
943 1514 1082 1553 suae
1098 1496 1476 1555 orthodoxiae
1495 1497 1657 1572 typis
1674 1514 1808 1572 pro·
1865 1492 2093 1552 cionem
2140 1494 2235 1552 vel
2279 1495 2538 1571 magiae;
2585 1496 2725 1553 hinc
2769 1496 3010 1553 coactus
3056 1499 3155 1554 est

528 1585 815 1660 mulgere,
850 1584 1121 1643 Coloniae
1145 1596 1170 1646 1
1185 1594 1262 1648 52
1276 1595 1327 1649 7.
1349 1620 1435 1628 —-
1456 1586 1635 1645 Gerv
1651 1586 1808 1645 icus
1865 1601 1994 1640 eam
2024 1582 2187 1659 typis
2206 1584 2471 1661 vulgare,
2497 1602 2631 1642 cum
2653 1603 2780 1643 eam
2803 1583 2952 1642 clam
2972 1589 3153 1642 antea

530 1672 963 1731 Haverland
983 1674 1315 1733 Susatensis
1336 1675 1666 1751 theologiae
1682 1695 1807 1734 ma-
1865 1672 1989 1729 suis
2060 1671 2369 1748 discipulis
2445 1673 2752 1732 Cracoviae
2821 1674 3151 1733 communi-

528 1762 733 1839 gister,
766 1763 1102 1843 provinciae
1135 1763 1489 1822 coloniensis
1522 1771 1726 1823 custos
1748 1767 1810 1823 et
1863 1763 2073 1831 casset,
2138 1762 2502 1839 Argentinae
2570 1772 2737 1825 1509
2804 1758 2907 1843 (m.
2965 1763 3150 1841 160);

527 1852 920 1926 provinciaIiS,
943 1853 1339 1927 composuisse
1378 1852 1642 1911 creditur
1656 1870 1807 1929 opus
1863 1849 2157 1908 Bruxellis
2188 1860 2350 1913 1609
2374 1874 2387 1921 ;
2422 1850 2665 1909 Parisiis
2689 1870 2809 1910 cnr.
2830 1851 2870 1909 J
2872 1869 2922 1908 0.
2946 1852 3150 1909 Bales-

527 1939 883 2016 bipartitum
926 1942 1244 2000 vernaculo
1296 1941 1577 2001 idiomate
1636 1943 1804 2018 ryth-
1862 1935 2007 1996 deus
2048 1949 2231 2002 1629.
2264 1941 2358 1998 Ita
2388 1942 2451 1998 et
2481 1940 2903 1999 chartiludium
2945 1942 3006 1998 in
3053 1943 3147 1998 in-

527 2029 796 2104 micoque
863 2030 1018 2099 sti10,
1092 2030 1204 2089 sub
1253 2031 1489 2090 nomine
1539 2032 1808 2090 Danielis
1861 2029 2064 2085 stituta
2094 2028 2443 2105 Justiniani,
2479 2029 2638 2105 quod
2669 2029 2735 2088 in
2765 2029 3011 2088 tabeUas
3048 2048 3144 2087 re·

529 2118 876 2195 Susatensis,
928 2120 988 2177 in
1022 2138 1140 2193 quo
1173 2138 1407 2178 omnem
1435 2120 1807 2180 introductae
1862 2116 2100 2175 dantum
2131 2118 2491 2193 impressum
2531 2123 2622 2178 est
2659 2128 2825 2182 1518
2863 2118 3146 2177 Venefiis-

525 2208 827 2266 haereseos
846 2208 1154 2266 historiam
1176 2212 1237 2266 et
1251 2211 1660 2285 apostatarum
1682 2214 1805 2268 tam
1862 2205 2037 2263 Plura
2068 2208 2291 2282 scripta
2321 2208 2656 2283 composuit
2686 2202 2828 2290 (32)
2864 2211 2926 2266 et
2956 2206 3148 2266 edidit

526 2297 941 2356 monachorum
965 2316 1143 2371 quam
1182 2298 1532 2357 monialium
1565 2300 1805 2357 nomina
1862 2298 2068 2353 contra
2096 2295 2444 2367 Lutherum‚
2493 2298 2666 2372 cujus
2712 2300 2848 2355 ante
2880 2299 3149 2356 verterat

524 2385 767 2461 profert,
802 2406 843 2444 s,
876 2387 913 2443 l.
954 2396 1138 2455 1539,
1186 2386 1409 2461 duplici
1451 2388 1538 2445 ed.
1574 2388 1636 2446 in
1674 2397 1707 2451 8
1744 2392 1805 2446 et
1859 2384 1896 2442 l.
1948 2382 2021 2442 de
2072 2386 2421 2460 captivitate
2470 2387 2842 2461 babylonica,
2894 2387 3144 2461 ejusque

522 2474 586 2532 in
623 2485 695 2545 4.,
730 2493 880 2550 quae
926 2474 1014 2533 ed.
1066 2477 1209 2534 adeo
1258 2495 1410 2546 rara,
1459 2480 1530 2534 ut
1561 2478 1802 2535 unicum
1859 2473 2110 2532 asseclas
2142 2476 2349 2533 acerba
2380 2474 2635 2550 quidem,
2668 2475 2770 2533 sed
2789 2493 2913 2533 non
2933 2475 3140 2545 solida,

521 2566 757 2623 tantum
773 2564 1064 2639 exemplar
1083 2565 1345 2639 potuerit
1372 2565 1634 2639 reperiri.
1658 2566 1717 2622 L.
1741 2566 1802 2627 F.
1856 2562 2084 2620 nullius
2116 2562 2236 2622 fere
2254 2565 2434 2639 pretii
2455 2564 2789 2641 theologici,
2814 2565 2973 2622 inter
2991 2583 3144 2638 quae

523 2653 594 2712 de
627 2652 883 2712 Schmitz
914 2672 1123 2712 novam
1157 2648 1349 2734 (Soest
1388 2650 1581 2733 1848)
1632 2673 1799 2714 cura·
1858 2652 2246 2727 praecipuum
2327 2655 2447 2712 est:
2542 2653 2661 2713 Von
2721 2654 2849 2711 dem
2906 2671 3143 2731 qrossen

521 2742 611 2800 vit
641 2741 728 2800 ed.
763 2743 1136 2818 inscriptam:
1174 2743 1396 2801 Soester
1416 2744 1627 2802 Daniel
1657 2745 1801 2805 oder
1858 2741 2271 2801 Lutherischen
2317 2744 2577 2820 Nat-ren,
2643 2743 2754 2801 wie
2805 2745 2869 2801 in
2918 2743 3144 2803 Doktor

523 2832 932 2907 Spottgedicht
981 2832 1045 2894 G.
1077 2832 1486 2902 Haverland'S,
1531 2832 1633 2891 sed
1666 2853 1799 2893 cum
1857 2830 2102 2889 Murner
2161 2831 2533 2892 beschworen
2585 2833 2704 2901 hat,
2784 2831 3143 2910 Strassburg

521 2938 795 2996 expressa
855 2939 973 2979 non
1036 2921 1114 2980 sit
1161 2921 1235 2979 ad
1285 2922 1373 2979 ed.
1431 2922 1797 2997 originalem,
1865 2928 2064 2990 1522;
2100 2920 2327 2979 editum
2362 2922 2542 2979 etiam
2559 2923 2764 2980 nostra
2784 2925 2980 2980 aetate
3000 2940 3144 2980 cura

521 3009 712 3083 pretio
744 3013 919 3078 caret,
962 3014 1034 3068 ut
1064 3009 1282 3068 dicitur
1326 3012 1390 3067 in
1421 3010 1574 3087 Aug.
1621 3012 1676 3069 d.
1710 3012 1798 3070 Bi.
1854 3008 1927 3066 H.
1960 3009 2199 3068 Kurtz
2232 3010 2442 3069 Ziirich
2483 3020 2686 3080 1848„
2719 3017 2927 3086 poema
2955 3010 3140 3068 ironi-

522 3097 618 3168 XI,
661 3107 800 3160 117.
1856 3093 2070 3177 cum2).
2135 3099 2412 3158 lnnotuit
2446 3103 2647 3158 autem
2677 3099 2742 3158 in
2772 3099 2982 3176 primis
3014 3100 3142 3158 suis

1856 3186 2022 3244 libris
2058 3187 2349 3263 satyrici8‚
2383 3189 2606 3263 quibus
2628 3207 2841 3265 magna
2864 3189 3141 3248 libertate

616 3286 754 3339 590.
833 3276 1303 3353 Agitatissimam
1380 3277 1564 3335 vitam
1628 3279 1800 3337 duxit

520 3365 855 3425 Thomas
918 3367 1247 3426 Murner
1295 3366 1684 3442 probabiliter
1736 3369 1798 3426 in

518 3455 733 3531 oppido
767 3455 1198 3514 Oberehnheim
1230 3456 1291 3513 in
1312 3456 1542 3515 Alsatia
1564 3454 1795 3538 (secun-

516 3544 658 3603 dum
693 3545 841 3605 alios
874 3542 1281 3626 Argentorati)
1317 3567 1363 3603 a.
1394 3554 1555 3608 1475
1580 3565 1656 3615 n.,
1691 3546 1796 3620 qui

516 3657 565 3695 a.
607 3643 680 3696 15
729 3633 1060 3693 adolescens
1108 3635 1378 3694 ordinem
1427 3654 1470 3693 a.
1506 3635 1796 3694 Francisci

515 3728 607 3782 est
638 3724 947 3799 ingressus
994 3730 1054 3782 et
1078 3725 1201 3799 jam
1233 3744 1283 3785 a.
1316 3723 1528 3782 aetatis
1574 3736 1665 3785 19.
1700 3743 1794 3782 or-

512 3811 753 3871 dinatus
786 3813 1071 3871 sacerdos
1137 3813 1362 3873 Studiis
1410 3813 1638 3871 vacavit
1668 3813 1793 3870 Fri-

515 3902 708 3978 burgi,
747 3901 999 3970 ParisiiS‚
1036 3902 1138 3960 ubi
1171 3903 1450 3978 magister
1471 3901 1690 3960 artium
1705 3907 1796 3961 est

514 3991 722 4060 factuS,
787 3994 847 4048 et
907 3991 1087 4049 etiam
1149 3990 1457 4050 Cracoviae
1504 3994 1563 4048 et
1614 3990 1793 4050 alibi:

514 4079 841 4138 academias
894 4080 1302 4148 coloniensem,
1358 4080 1795 4138 rostochianam

513 4176 574 4226 et
619 4187 967 4243 pragensem
988 4169 1229 4238 invisit;
1262 4169 1551 4243 plurimas
1575 4168 1792 4244 degus-

511 4259 666 4316 tavit
726 4256 1065 4333 disciplinas
1127 4258 1229 4315 sed
1293 4276 1423 4316 cum
1473 4257 1790 4316 soliditatis

512 4346 889 4406 detrimento.
934 4348 986 4404 A
1033 4347 1429 4405 Maximiliano
1461 4346 1503 4404 Ι.
1551 4366 1790 4405 corona-

510 4439 609 4496 tus
643 4439 816 4512 poeta
847 4436 922 4494 ob
956 4456 1062 4494 sua
1093 4435 1165 4493 de
1199 4436 1358 4512 poesi
1404 4441 1464 4495 et
1507 4438 1789 4511 eloquen-

509 4526 596 4584 tia
616 4543 779 4584 sacra
799 4525 997 4584 studia
1017 4520 1260 4605 (1506),
1294 4526 1568 4601 Friburgi
1585 4526 1790 4584 eodem

510 4635 558 4677 a.
607 4615 858 4690 adeptus
907 4618 995 4673 est
1041 4615 1301 4673 lauream
1347 4635 1391 4673 s.
1438 4616 1788 4690 theologiae,

509 4709 571 4764 et
621 4715 786 4768 1519
832 4705 1115 4773 Basileus,
1163 4705 1386 4762 frustra
1434 4705 1791 4762 reclamante

509 4795 722 4854 celebri
756 4794 991 4862 Zasio,
1026 4794 1217 4852 factus
1252 4795 1455 4853 doctor
1462 4794 1618 4869 juris
1637 4794 1789 4851 utri-

1853 3277 2045 3350 aperit
2076 3281 2137 3335 et
2167 3277 2549 3352 reprehendit
2595 3277 2742 3335 vitia
2774 3278 2966 3336 omnis
3000 3296 3138 3337 con·

1854 3364 2119 3435 ditionis,
2185 3367 2360 3424 etiam
2414 3367 2556 3425 cleri
2608 3374 2669 3424 et
2699 3367 3135 3443 religiosorum,

1934 3541 1967 3604 Ι)
1997 3534 2258 3589 Goedeke
2305 3536 2588 3590 Grundriss
2650 3555 2751 3591 zur
2795 3538 2993 3593 Gesch.
3039 3538 3139 3592 der

1853 3606 2162 3660 deutschen
2216 3607 2448 3662 Dishter
2500 3610 2592 3672 112,
2639 3613 2888 3666 215—:20
2939 3625 3135 3662 eorum

1853 3680 2118 3732 numerat
2144 3684 2228 3736 59.

1928 3760 1964 3812 γ)
1999 3749 2161 3802 Funk
2194 3750 2330 3803 KL.‘—'
2368 3755 2416 3806 8.
2457 3755 2597 3807 2028
2625 3752 2692 3804 de
2720 3767 2784 3804 eo
2812 3751 2979 3809 dicit:
3033 3750 3134 3804 Die

1851 3821 2162 3889 tiichtigstc
2191 3824 2358 3875 unter
2384 3822 2494 3876 deu
2524 3822 2909 3891 polemischen
2929 3821 3135 3875 Schrif-

1852 3895 1968 3954 ten,
2031 3893 2288 3962 zugleich
2354 3893 2456 3946 das
2508 3894 2913 3948 bedeutendste
2965 3897 3135 3948 unter

1853 3963 2044 4016 seinen
2098 3964 2515 4018 dichterischen
2556 3964 2966 4034 Erzengnissen
3015 3965 3134 4018 und

1851 4036 2023 4088 somit
2085 4036 2205 4088 sein
2274 4036 2646 4105 Hauptwerk,
2712 4037 3131 4106 hervorragend

1851 4107 2028 4159 durch
2051 4106 2367 4176 Erfinduug
2399 4108 2512 4161 und
2526 4109 2773 4170 Aufbau,
2791 4107 3132 4177 lebendigen

1852 4178 1969 4231 und
1999 4180 2225 4231 wahren
2256 4180 2572 4242 Ausdruck‚
2620 4180 2702 4232 oft.
2748 4179 3132 4233 meisterhafte

1850 4249 2298 4318 Durchfiihrung
2326 4250 2424 4304 der
2451 4250 2651 4304 Ironie.
2695 4251 2775 4305 Cf.
2805 4251 2874 4304 de
2901 4255 3132 4304 auctore

1851 4324 2040 4374 nostro
2058 4325 2283 4390 practer
2300 4321 2485 4391 ipsum
2503 4323 2565 4376 in
2585 4323 2783 4391 primis
2803 4323 2839 4376 S
2857 4341 2885 4375 c
2904 4323 2936 4374 h
2955 4341 3010 4375 m
3027 4322 3044 4374 i
3059 4323 3131 4375 dt

1853 4392 2095 4445 Histoire
2123 4393 2295 4448 litter.
2324 4394 2391 4446 d?
2421 4392 2658 4447 l'Alsace
2684 4398 2718 4447 ὸ.
2744 4394 2799 4446 la
2816 4394 2985 4446 [indu
3003 4393 3132 4446 XVe

1847 4467 1904 4517 et
1930 4481 2001 4516 au
2031 4470 2512 4518 commencement
2539 4467 2616 4518 du
2642 4466 2793 4519 XVIe
2820 4465 3002 4527 siecle,
3032 4466 3131 4517 Pa-

1847 4534 1998 4588 risiis
2051 4540 2206 4592 1879.
2263 4537 2328 4597 ΙΙ,
2373 4542 2685 4595 209-315:
2735 4541 2976 4593 419—31
3005 4558 3014 4591 :
3069 4537 3129 4590 E.

1852 4606 2059 4659 Martin
2111 4607 2247 4677 alig.
2301 4608 2353 4661 d.
2406 4608 2592 4678 Biogr.
2623 4608 2821 4671 xxm,
2886 4613 3127 4666 67—76:

1849 4677 2028 4732 Eubel
2093 4678 2291 4732 Gesch.
2355 4679 2456 4734 der
2518 4681 2964 4734 oberdeutsclien
3029 4680 3130 4732 Mi·

1847 4750 2313 4819 noritenprovinz
2342 4750 2667 4822 Wfirzburg
2695 4754 2833 4807 1886
2862 4770 2914 4821 p.
2943 4755 3012 4807 68
3039 4769 3127 4808 ss.:

1847 4822 2126 4888 quaedam
2169 4822 2324 4892 apud
2362 4822 2603 4877 Janssen
2645 4831 2681 4878 t.
2709 4829 2759 4878 2.
2788 4823 2873 4876 ed.
2903 4827 2970 4878 18
2997 4840 3129 4892 pag.

510 4903 714 4958 usque.
750 4883 918 4942 Modo
951 4883 1075 4959 egit
1111 4883 1504 4959 guardianum
1542 4878 1787 4962 (1510),
1848 4897 1950 4949 136
1978 4910 2047 4947 ss.
