3475 5364
540 373 705 425 1219
830 358 1149 412 1521-1540.
1182 353 1377 408 Theol.
1408 352 1756 412 scholastica,
1786 351 1986 421 Major,
2014 351 2177 415 Gadi,
2207 353 2281 405 Le
2311 352 2459 416 Bret,
2489 352 2846 406 Laurentius.
2984 369 3151 423 1220

534 560 709 617 ropae
754 540 992 616 regione
1037 540 1355 616 discipulos
1399 539 1654 598 attraxit.
1717 540 1811 597 Ab
1867 557 1998 597 cum
2052 548 2173 602 308
2222 538 2422 598 dubiis
2468 541 2529 596 et
2572 537 3028 597 difficultatibus
3075 537 3152 596 ad

533 651 601 691 eo
621 651 669 688 a.
689 649 826 689 eum
858 629 1248 705 professorem
1269 629 1595 704 reperimus
1625 628 1688 685 in
1705 647 1808 703 pa·
1867 629 1996 702 ejus
2046 627 2502 687 elucidationem
2553 627 2875 685 admodum
2924 626 3149 686 condu-

531 720 654 779 tria
721 718 1108 777 universitate
1168 718 1594 795 glasgoviensi‚
1670 716 1811 774 inde
1866 717 2138 775 centibus
2184 716 2403 793 passim
2448 716 2707 786 insertis,
2756 716 2978 791 quibus
3008 735 3143 791 per-

532 808 775 868 transiit
815 808 1188 883 praepositus
1237 806 1429 866 factus
1479 805 1715 881 collegii
1766 824 1809 866 s.
1864 806 2034 864 lectis
2067 806 2270 881 pervia
2312 806 2427 864 erit
2463 808 2723 881 quatuor
2751 805 3147 881 evangelista·

532 896 854 959 Salvatoris
915 896 987 954 ad
1039 896 1394 954 academiam
1444 914 1489 953 s,
1540 894 1811 953 Andreae
1865 913 1997 953 rum
2031 894 2229 965 serieS,
2262 894 2506 954 Parisiis
2548 903 2707 957 1518
2742 894 2808 952 in
2835 894 2892 963 f.‚
2926 912 2996 953 ex
3028 913 3151 968 qua

534 983 644 1069 (St.
678 985 963 1044 Andrews
1004 978 1222 1065 1523),
1269 985 1343 1044 ad
1375 1004 1554 1061 quam
1586 984 1812 1059 pariter
1865 983 2215 1059 deprompta
2246 987 2337 1041 est
2367 983 2518 1059 disp.
2550 983 2620 1041 de
2651 985 2986 1042 auctoritate
3017 1001 3148 1040 con·

531 1075 821 1153 plurimos
852 1074 1103 1133 attraxit
1133 1074 1469 1150 discipuIOS,
1505 1073 1645 1148 quia
1668 1090 1810 1131 aevo
1865 1074 1986 1131 cilii
2017 1091 2195 1148 supra
2226 1073 2564 1147 pontificem
2599 1072 2937 1145 maximum,
2970 1075 3034 1131 et
3062 1072 3149 1130 al-

531 1184 640 1224 suo
690 1163 1065 1222 doctissimus
1114 1163 1445 1222 habebatur
1481 1162 1809 1238 theologus.
1866 1166 1992 1219 tera
2022 1162 2091 1220 de
2113 1169 2391 1235 potestate
2413 1178 2615 1235 papae
2634 1161 2696 1220 in
2725 1161 2905 1220 rebus
2920 1164 3149 1237 tempo-

532 1253 732 1312 Rediit
781 1251 1020 1326 quidem
1065 1252 1283 1310 iterum
1317 1252 1568 1310 Parisios
1612 1250 1686 1308 ad
1716 1269 1809 1308 re·
1865 1250 2109 1319 ralibuS,
2161 1269 2310 1326 quae
2353 1253 2626 1325 prostant
2659 1249 2836 1308 etiam
2868 1250 3026 1309 inter
3056 1269 3148 1325 op.

531 1342 785 1420 gendam
833 1339 1172 1399 cathedram
1218 1336 1480 1421 (1525),
1531 1339 1633 1398 sed
1676 1341 1812 1414 post
1868 1340 2231 1398 Gersonii
2264 1339 2357 1407 ΙΙ.,
2391 1359 2519 1415 app.
2563 1348 2718 1402 1131
2751 1349 2874 1401 ·45
2907 1372 2931 1383 -
2959 1350 3148 1409 1164,

532 1432 761 1507 aliquot
819 1448 1004 1488 annos
1065 1430 1270 1488 revisit
1317 1430 1570 1505 patriam
1621 1427 1811 1486 fidelis
1865 1429 1971 1487 ubi
2012 1429 2268 1503 reperies
2315 1432 2376 1487 et
2422 1429 2559 1491 diss,
2606 1430 2676 1486 de
2719 1435 2882 1487 statu
2918 1436 2969 1486 et
2989 1435 3149 1503 pote-

532 1538 776 1579 manens
807 1519 997 1577 avitae
1017 1518 1169 1587 fidei,
1205 1537 1383 1593 quam
1418 1522 1562 1576 tunc
1580 1521 1809 1592 tempo·
1865 1525 2008 1576 state
2037 1518 2326 1577 Ecclesiae
2364 1537 2433 1576 ex
2468 1516 2888 1576 commentario
2921 1518 2986 1576 in
3016 1518 3053 1575 L
3092 1527 3149 1579 4.

533 1610 617 1668 ris
651 1608 763 1666 viri
795 1607 1038 1665 fanatici
1069 1610 1130 1666 et
1162 1606 1409 1666 rebelles
1448 1611 1575 1665 tam
1606 1606 1811 1682 inique
1867 1610 2015 1665 sent.
2052 1603 2130 1688 (p.
2173 1601 2562 1687 1121-31),
2596 1606 2660 1664 in
2693 1606 2912 1681 quibus
2944 1609 3155 1675 tuetur

533 1700 797 1756 evertere
828 1696 1177 1754 nitebantur
1211 1692 1273 1778 (†
1305 1715 1349 1754 c.
1390 1690 1602 1775 1540).
1637 1696 1810 1753 Prae·
1867 1696 2320 1763 Gallicanorum,
2354 1696 2472 1753 imo
2493 1694 2751 1753 Richerii
2768 1713 3014 1764 errores,
3033 1714 3145 1753 un-

533 1787 806 1845 termissa
836 1786 965 1860 ejus
1010 1786 1251 1844 historia
1292 1786 1537 1859 majoris
1568 1785 1810 1842 Britan·
1867 1784 1939 1842 de
1977 1784 2454 1852 ,venerabilibus
2475 1783 2806 1861 theologiae
2825 1784 3150 1861 gallicanae

533 1878 665 1933 niae
693 1879 818 1933 tam
852 1874 1100 1951 Angliae
1146 1893 1321 1949 quam
1359 1873 1587 1932 Scotiae
1620 1873 1679 1930 11.
1713 1872 1809 1942 VI,
1865 1874 2183 1949 patribus‘
2219 1891 2354 1931 cum
2388 1874 2691 1941 GereoniO,
2735 1873 3007 1932 Almaino
3039 1876 3150 1931 etc.

533 1983 724 2040 usque
768 1963 842 2022 ad
876 1963 1114 2022 Henrici
1145 1962 1303 2022 VIII.
1347 1962 1809 2031 matrimonium,
1867 1983 1900 2019 a
1930 1962 2235 2022 nonnullis
2270 1967 2616 2021 accensetur
2631 1956 2696 2041 ²).
2761 1962 2834 2020 In
2901 1969 3153 2040 quatuor

536 2052 774 2111 Parisiis
828 2061 1011 2120 1521,
1058 2052 1231 2127 plura
1275 2051 1605 2127 composuit
1636 2069 1813 2126 opera
1867 2052 2179 2128 Evcmqelia
2211 2051 2608 2127 expositiones
2649 2051 2984 2110 luculentae
3015 2068 3150 2109 cum

533 2142 933 2219 philosophica
982 2140 1392 2199 Nominalium
1446 2139 1812 2198 terminista-
1868 2140 2318 2216 quaestionibus
2350 2143 2411 2199 et
2443 2139 2885 2215 disputationes
2947 2140 3152 2199 adver-

534 2251 669 2290 rum
685 2248 938 2305 sequens
960 2229 1263 2305 opiniones
1278 2229 1548 2305 princeps
1565 2232 1626 2286 et
1639 2228 1812 2304 quasi
1867 2248 1968 2288 sus
2000 2230 2346 2297 haereticos,
2379 2229 2458 2287 ib.
2502 2238 2685 2291 1529.
2727 2228 2922 2305 Ipsius
2953 2235 3152 2287 tamen

534 2321 713 2395 hujus
745 2319 975 2379 scholae
1006 2337 1111 2377 suo
1144 2337 1286 2378 aevo
1318 2317 1455 2387 dux,
1504 2336 1656 2392 quae
1687 2337 1811 2375 ma·
1868 2335 1988 2376 non
2020 2321 2113 2376 est
2148 2318 2427 2394 Maqnum
2452 2320 2745 2391 speculum
2765 2318 3151 2394 exemplorum

525 2410 641 2485 jori
692 2427 760 2467 ex
809 2410 979 2483 parte
1029 2407 1275 2466 collecta
1318 2406 1671 2482 prodierunt
1719 2407 1811 2464 in·
1865 2407 2297 2482 locupletatum
2330 2429 2362 2465 a
2394 2406 2485 2466 Jo.
2503 2408 2688 2482 Major
2704 2408 2759 2465 S.
2777 2407 2831 2466 J.
2856 2402 3148 2487 (†1608)‚

535 2499 782 2573 scripta:
830 2497 1021 2572 Libri,
1064 2515 1211 2571 quos
1242 2496 1305 2553 in
1337 2496 1565 2554 artibus
1598 2496 1662 2553 in
1694 2496 1813 2553 col·
1872 2496 2058 2554 Duaci
2098 2505 2262 2558 1603
2297 2496 2540 2554 editum.

533 2587 688 2664 legio
722 2585 939 2643 Montis
986 2586 1143 2643 acuti
1175 2584 1413 2643 Parisiis
1444 2584 1813 2661 regentando

532 2677 598 2734 in
628 2676 818 2734 lucem
866 2673 1092 2744 emisit,
1140 2673 1420 2750 Lugduni
1459 2684 1622 2737 1516
1658 2673 1723 2732 in
1755 2673 1811 2743 f.‚
1962 2682 2105 2736 574.
2153 2674 2354 2733 Scotus
2397 2673 2577 2733 etiam
2620 2677 2836 2733 nactus
2884 2677 2976 2732 est
3008 2673 3150 2732 illu-

534 2769 596 2823 et
629 2765 1142 2823 Indroductorium
1187 2764 1444 2839 perutile
1489 2763 1568 2820 in·
1596 2762 1813 2820 aristo·
1868 2766 2168 2832 stratores,
2204 2764 2461 2823 asseclas
2492 2767 2552 2822 et
2585 2764 2863 2834 vindices,
2898 2763 2999 2822 sed
3025 2764 3149 2838 jam

534 2855 766 2911 telicam
800 2852 1192 2920 dialecticam,
1241 2852 1390 2910 duos
1421 2851 1813 2910 terminorum
1870 2852 2175 2927 pauciores
2223 2856 2285 2911 et
2330 2853 2575 2912 minoris
2621 2853 2995 2911 celebritatis
3059 2853 3153 2911 Ita

530 2946 605 3010 tr.
651 2960 718 3000 ac
767 2940 897 3001 511.
946 2941 1376 2999 summularum
1419 2940 1812 3016 complectens
1869 2941 2265 3018 Hieronymus
2314 2942 2501 2999 Gadi
2565 2937 2844 3024 (Gadius)
2896 2941 2960 3000 Ο.
3007 2941 3149 2999 Min.

533 3031 606 3088 Μ.
654 3029 745 3088 J0.
794 3029 1073 3104 Majoris.
1121 3074 1133 3085 .
1182 3073 1195 3086 .
1244 3030 1436 3087 denuo
1485 3029 1558 3086 ab
1610 3028 1813 3087 eodem
1869 3031 2041 3089 Conv.
2074 3031 2484 3099 Bononiensis,
2536 3031 2643 3106 qui
2701 3030 3148 3106 metaphysicen

529 3137 765 3176 summa
813 3116 1121 3193 vigilantia
1168 3117 1508 3193 repositum,
1572 3116 1810 3176 Parisiis
1866 3119 2343 3196 theologiamque
2374 3120 2613 3196 publice
2645 3140 2693 3178 a.
2734 3131 2810 3182 17
2848 3120 3148 3179 Bononiae

540 3217 725 3277 1508;
756 3208 1652 3284 1527;quae3tionesloyicales...
1676 3225 1810 3265 cum
1868 3209 2168 3283 professus
2202 3212 2294 3267 est
2325 3204 2385 3290 (†
2420 3209 2639 3270 3.Nov.
2672 3217 2835 3271 1529
2870 3208 2965 3266 vel
2996 3209 3148 3267 circa

528 3296 792 3373 ejusdem
841 3295 1058 3355 literali
1104 3296 1472 3372 expositione
1511 3296 1811 3355 succincta
1875 3293 2086 3378 1530),
2117 3298 2353 3373 scripsit
2396 3297 2814 3357 commentaria
2856 3300 2920 3355 in
2958 3297 3148 3370 Quod-

532 3387 593 3444 in
627 3389 884 3444 veterem
916 3385 1251 3444 Aristotelis
1296 3385 1675 3454 dialecticen,
1729 3385 1807 3442 ib.
1864 3387 2033 3443 libeta
2077 3386 2246 3445 Joan.
2281 3387 2453 3458 Scoti,
2489 3386 2792 3445 Bononiae
2834 3397 3014 3452 1513.
3060 3417 3151 3429 —

540 3484 700 3540 1528
747 3476 853 3533 etc.
896 3475 1096 3533 Edidit
1140 3474 1371 3551 primus
1403 3474 1615 3533 Scoti
1658 3492 1808 3549 opus
1867 3475 2200 3533 Matutinus
2251 3476 2342 3533 Le
2392 3476 2576 3534 Bret
2626 3475 2690 3534 Ο.
2739 3476 2877 3533 Min.
2924 3476 3146 3544 Gallus,

528 3565 855 3641 parisiense
888 3565 999 3623 sub
1032 3564 1241 3622 titulo:
1282 3563 1598 3637 Repertata
1629 3581 1810 3638 super
1863 3563 2047 3622 lector
2077 3564 2404 3623 elaboravit
2446 3565 2728 3623 lecturam
2768 3564 2833 3622 in
2862 3575 2909 3626 1.
2944 3568 3005 3624 et
3040 3573 3072 3626 2
3110 3564 3147 3622 l.

530 3664 569 3715 4
604 3655 664 3712 ll.
699 3654 1130 3712 sententiarum
1164 3671 1469 3726 nunquam
1493 3656 1667 3710 antea
1696 3652 1807 3709 im·
1866 3653 2301 3712 sententiarum
2332 3653 2444 3712 sub
2476 3653 2657 3712 titulo
2691 3654 2919 3712 Parvus
2951 3653 3150 3712 Scotus

528 3761 749 3818 pressa,
796 3741 1039 3800 Parisiis
1081 3751 1241 3804 1517
1262 3774 1349 3784 ——
1372 3750 1446 3804 18
1495 3745 1537 3798 t.
1570 3741 1607 3798 l.
1655 3741 1718 3800 in
1750 3739 1806 3810 f.‚
1864 3741 2022 3800 Lava
2047 3742 2250 3812 lensia,
2286 3743 2389 3818 qui
2422 3743 2542 3800 scil.
2576 3745 2667 3800 est
2699 3743 2958 3818 epitome
2989 3761 3147 3801 com-

529 3851 646 3907 que
697 3832 759 3889 in
805 3830 892 3889 ed.
942 3830 1130 3889 socios
1176 3830 1386 3888 habuit
1416 3830 1537 3888 Jac.
1571 3829 1809 3887 Rufin
1862 3831 2143 3889 mentarii
2190 3830 2366 3900 Scoti,
2416 3831 2713 3907 Compluti
2766 3840 2929 3895 1527
2977 3831 3039 3890 in
3077 3841 3146 3900 43

531 3921 593 3978 O.
629 3920 769 3982 Min.
802 3923 862 3978 et
893 3919 1047 3977 Petr.
1074 3919 1145 3977 de
1180 3918 1216 3976 S
1236 3919 1406 3978 ault
1438 3922 1498 3976 in
1533 3921 1591 3977 4.
1613 3919 1649 3981 l.
1680 3938 1807 3976 sen-
1863 3919 2149 3978 lecturam
2182 3922 2244 3977 in
2281 3922 2319 3977 4
2352 3921 2408 3977 ll.
2458 3922 2870 3979 sententiarum
2884 3965 2905 3995 ,
2951 3920 3147 3979 Ande·

526 4011 961 4084 tentiarumqq„
985 4008 1229 4066 Parisiis
1258 4018 1449 4074 1508;
1471 4008 1808 4084 recognitae
1863 4009 2000 4085 gavi
2073 4017 2236 4072 1528
2300 4009 2362 4067 in
2425 4018 2480 4069 4.
2539 4042 2622 4050 —
2671 4009 3150 4068 Laurentius

538 4107 735 4166 15163
768 4099 831 4154 in
862 4100 921 4156 1.
954 4097 1011 4171 l.,
1048 4097 1125 4153 ib.
1171 4106 1367 4164 1509;
1411 4106 1608 4166 15193
1649 4098 1709 4154 in
1743 4100 1803 4155 2.
1864 4096 2554 4156 BrixianusO.Conv.
2588 4116 2630 4155 a.
2664 4098 2993 4175 theologiae
3024 4117 3147 4156 ma·

528 4185 607 4244 ib.
651 4196 847 4255 15193
881 4187 943 4243 in
978 4187 1033 4244 3.
1066 4184 1142 4243 ib.
1185 4195 1382 4255 15093
1422 4195 1640 4254 1517.‚
1688 4202 1807 4259 quo
1863 4186 2049 4262 gister
2079 4186 2320 4262 scripsit
2350 4187 2576 4248 breves.
2612 4186 2813 4245 faciles
2836 4205 2902 4245 ac
2922 4187 3148 4263 peruti-

528 4275 592 4333 in
609 4275 1287 4333 commentarioconatus
1304 4273 1808 4332 estNominalium
1863 4276 1950 4333 les
1999 4275 2276 4353 Ysaqoyes
2307 4275 2369 4333 in
2400 4275 2494 4338 J0.
2529 4275 2689 4334 Scoti
2733 4276 3146 4342 formalitates‚

527 4362 835 4440 principiis
867 4363 1146 4422 adhibitis
1179 4363 1242 4421 in
1261 4362 1527 4440 singulas
1560 4361 1808 4421 distinc-
1861 4364 2096 4423 Brixiae
2126 4374 2322 4432 15:37³
2357 4363 2624 4423 Venetiis
2659 4375 2820 4429 1588
2847 4365 2911 4424 in
2935 4376 2989 4428 8.
3014 4383 3160 4444 (ιιιιιι1

526 4453 716 4511 tiones
768 4472 987 4520 ,unam
1034 4452 1441 4527 quaestionem
1479 4452 1573 4510 vel
1606 4453 1808 4527 plures
1863 4454 2113 4512 aliorum
2175 4458 2248 4512 tr.
2313 4453 2385 4511 de
2447 4452 2916 4513 formalitatibus
2970 4454 3145 4522 Scoti,

521 4542 795 4611 scribere,
829 4560 975 4617 quas
1006 4545 1067 4598 et
1090 4541 1294 4601 Reales
1316 4543 1365 4600 si
1386 4542 1702 4600 advertant
1721 4541 1806 4598 fa·
1863 4561 2004 4600 cura
2049 4544 2243 4602 Const.
2293 4543 2537 4601 Sarnani
2588 4547 2649 4601 et
2696 4561 2832 4602 cum
2881 4543 3148 4618 ejusdem

524 4631 637 4690 cile
669 4631 935 4707 capient:
984 4629 1224 4704 utrique
1270 4631 1429 4688 enim
1476 4630 1606 4689 viae
1637 4630 1805 4689 theo·
1864 4632 2023 4690 notis
2055 4631 2394 4709 margineiS.
2431 4666 2510 4675 —
2544 4632 2584 4690 J
2604 4650 2890 4692 oannes
2917 4632 3150 4692 Vallo-

525 4722 689 4798 logia
719 4721 834 4779 erit
855 4721 1243 4788 communis,‘
1279 4723 1480 4778 monet
1528 4720 1657 4794 ipse
1689 4718 1807 4777 lec-

525 4817 715 4869 torem
748 4809 812 4867 in
844 4808 1020 4884 praef.
1055 4808 1458 4869 commentarii
1479 4807 1552 4866 ad
1582 4809 1617 4865 1.
1645 4820 1698 4868 4.
1734 4807 1805 4865 In
1943 4841 1977 4906 ¹)
2007 4837 2088 4891 Cf·
2118 4836 2449 4905 Morgott
2487 4836 2600 4891 ΚΒ.
2644 4837 2792 4902 vm,
2834 4841 3150 4895 ΗΘΒ-μζ

530 4899 876 4957 Matthaeum
930 4897 1003 4954 ad
1049 4897 1281 4955 literam
1344 4896 1636 4973 expositio
1688 4915 1808 4954 una
1867 4906 2032 4960 Feret
2059 4909 2128 4970 ΙΙ,
2156 4913 2224 4964 92
2238 4913 2385 4963 —902
