3475 5364
1169 361 1536 413 nos-1141.
1564 354 1879 425 Theologia
1905 355 2020 426 pol.
2048 354 2359 419 Hermann,
2984 369 3064 423 12

452 376 476 429 1
499 377 522 427 l

444 542 602 619 quiis
632 543 1000 602 adulterinis,
1032 542 1348 601 Transiens
1370 542 1507 601 dein
1526 542 1599 601 ad
1629 561 1722 600 re·
1781 540 1921 599 fidei
1951 542 2018 602 R.
2041 541 2301 613 Martini,
2333 539 2568 616 Lipsiae
2596 548 2782 608 1687,
2817 538 2970 597 male
2990 539 3065 596 de

445 632 660 708 liquias
690 631 746 689 J.
768 632 1006 703 Christi,
1039 651 1186 707 quas
1205 632 1396 707 aliqui
1417 650 1728 707 superesse
1784 631 2046 703 Steinen,
2064 628 2468 689 Dortmundae
2493 639 2566 691 17
2579 639 2614 690 4
2629 640 2681 698 13
2704 627 2843 686 dein
2862 627 3068 703 Migne

445 721 863 797 opinabantur,
910 720 1183 789 affirmat,
1230 739 1350 779 non
1394 722 1540 780 alias
1591 721 1726 779 reli·
1783 720 1994 794 patrol.
2027 729 2166 788 170,
2193 727 2529 785 803—363
2564 716 2898 794 germanice
2929 717 3062 775 Bri·

446 811 615 885 quias
663 809 835 868 nobis
885 828 1015 868 esse
1076 811 1444 885 quaerendas
1494 815 1727 885 praeter
1783 809 1954 887 schar
1997 809 2061 867 in
2107 807 2389 866 Katholik
2447 816 2628 870 1888.
2675 805 2749 875 ΙΙ,
2805 814 2920 867 261
2965 824 3063 873 ss„

446 898 895 957 eucharistiam:
946 917 1066 974 qua
1110 899 1410 958 occasione
1461 899 1590 958 fuse
1622 898 1726 957 ad·
1782 916 1959 973 quem
2011 898 2084 955 de
2133 900 2373 955 auctore
2423 895 2568 958 ibid.
2620 914 2754 970 pag.
2809 903 2930 957 257
2984 912 3066 952 sa.

445 1007 653 1047 versus
704 988 801 1045 Be
820 1006 895 1045 re
916 1007 956 1045 n
978 988 1281 1064 garium
1332 989 1548 1047 realem
1595 1006 1722 1046 cor·
1782 987 2026 1046 consule
2041 983 2108 1068 ¹).
2173 985 2306 1044 Vita
2354 1004 2400 1044 s.
2453 984 2762 1056 Godefridi
2811 1001 3065 1059 cappen-

448 1077 609 1152 poris
639 1076 937 1135 christiin
951 1076 1309 1135 eucharistia
1326 1078 1721 1153 praesentiam
1781 1075 2096 1152 bergensis
2127 1074 2361 1133 comitis
2393 1079 2455 1132 et
2469 1073 2916 1148 praepositurae
2931 1073 3066 1147 ejus

445 1166 676 1241 probat,
709 1165 1218 1240 reliquiarumque
1239 1166 1481 1225 illarum
1513 1167 1724 1243 genui-

446 1255 694 1314 nitatem
714 1258 910 1330 negat.
941 1287 1025 1298 -
1060 1254 1393 1330 Subjicitur
1422 1261 1726 1330 tamquam

446 1343 482 1401 l.
536 1354 589 1406 4.
640 1344 994 1418 opusculum
1045 1344 1114 1401 de
1176 1346 1444 1403 interiori
1489 1346 1724 1402 munnio.

447 1433 768 1490 Moralium
782 1435 845 1490 in
862 1432 1131 1491 Genesim
1146 1434 1202 1493 ll.
1226 1438 1305 1492 10
1324 1455 1353 1505 ,·
1372 1430 1726 1511 tropoloqiae

445 1522 509 1579 in
540 1521 858 1596 prophetas
891 1522 1039 1580 Osee
1084 1524 1145 1580 et
1177 1527 1356 1583 Amos
1401 1540 1467 1581 ac
1498 1523 1721 1581 lamen-

445 1610 698 1668 tationes
744 1610 1038 1668 Jeremiae
1071 1611 1133 1672 ll.
1184 1622 1216 1674 5
1268 1612 1532 1687 aliosque
1586 1630 1723 1686 pro·

446 1699 660 1774 phetas
691 1704 833 1757 sunt
863 1699 1141 1759 ineditae.
1180 1735 1257 1744 —
1297 1701 1472 1759 Gesta
1495 1700 1603 1759 Dea·
1613 1720 1726 1775 per

450 1788 710 1846 Francos
741 1788 867 1846 sive
914 1788 1198 1847 historiae
1243 1790 1723 1865 hierosolymita·

446 1895 555 1935 nae
587 1877 652 1941 11.
687 1888 721 1939 s
757 1877 953 1954 (1095
988 1877 1062 1936 ad
1094 1874 1387 1957 a.1110),
1422 1897 1574 1953 opus
1603 1896 1721 1936 non

445 1970 570 2023 tam
601 1984 670 2024 ex
701 1967 1106 2029 monumentis
1125 1968 1509 2036 authentici8‚
1545 1986 1722 2041 quam

445 2072 515 2112 ex
546 2055 798 2113 aliorum
844 2055 1287 2114 narrationibus
1320 2056 1721 2131 compilatum,

447 2142 587 2201 hinc
636 2161 759 2200 non
808 2143 950 2202 adeo
996 2143 1197 2215 fidum,
1247 2163 1479 2219 semper
1524 2149 1725 2203 tamen

444 2232 789 2307 pretiosum3
840 2250 1170 2308 anonymus
1203 2233 1418 2309 adjecit
1462 2235 1501 2293 l.
1546 2244 1602 2296 9.
1651 2233 1723 2291 ad

445 2341 495 2380 a.
535 2330 733 2391 11123
779 2321 957 2379 etiam
1002 2321 1066 2380 111
1108 2323 1348 2382 Recueil
1392 2323 1495 2381 des
1538 2323 1724 2381 histo-

445 2411 606 2469 riens
667 2411 771 2468 des
833 2410 1123 2470 croisades
1185 2411 1283 2479 IV,
1346 2420 1723 2481 115—263;

444 2499 654 2575 gallice
684 2518 823 2557 cum
853 2501 1130 2574 sequenti
1161 2500 1223 2558 in
1257 2501 1577 2560 collection
1623 2500 1721 2568 IX,

452 2596 738 2656 1—-508;
772 2587 839 2654 Χ,
870 2599 1113 2652 1—-131
1142 2589 1234 2647 ed.
1254 2589 1723 2648 GuizotParisiis

448 2686 617 2741 -1823
656 2695 765 2747 ss.;
797 2678 867 2734 de
896 2678 1016 2736 vita
1036 2696 1146 2737 sua
1165 2678 1289 2738 sive
1309 2678 1722 2738 monadiarum

444 2766 504 2828 ll.
541 2775 596 2837 3,
630 2765 1122 2843 autobiographia
1153 2787 1345 2844 usque
1377 2769 1451 2827 ad
1482 2769 1722 2828 electio·

445 2874 582 2916 nem
626 2855 691 2913 in
723 2855 1015 2926 abbatem,
1062 2857 1473 2917 aestimatione
1520 2858 1719 2934 digna,

444 2943 589 3020 quia
633 2943 868 3002 exhibet
911 2946 1218 3020 speculum
1269 2946 1362 3005 sui
1423 2947 1723 3022 temporis,

445 3032 703 3091 collecta
748 3034 1098 3108 prodierunt
1142 3036 1269 3111 ejus
1311 3054 1487 3111 opera
1501 3035 1546 3116 ¹)
1584 3055 1723 3094 cura

446 3121 718 3180 Dacherii
759 3123 1007 3198 ejusque
1051 3125 1540 3183 annotationibus
1580 3125 1722 3184 illu-

444 3213 647 3280 strata,
699 3211 945 3270 Parisiis
1003 3223 1161 3276 1651
1189 3234 1202 3282 3
1267 3215 1465 3289 Migne
1509 3215 1720 3288 patrol.

443 3303 487 3358 t.
521 3298 706 3358 CLVI.
749 3333 839 3344 —-
884 3301 1307 3361 Hermanus
1341 3299 1720 3384 (Herimann)

1782 1165 2041 1223 nominis
2075 1164 2140 1222 Ο.
2161 1165 2387 1224 Praem.
2419 1162 2752 1220 fundatoris
2774 1160 2835 1242 (†
2866 1160 3059 1243 1126)

1781 1254 1846 1311 in
1886 1253 2035 1311 actis
2069 1253 2166 1313 SS.
2199 1252 2344 1313 Boll.
2376 1251 2450 1310 ad
2494 1262 2586 1313 13.
2618 1250 2658 1308 J
2662 1270 2786 1320 an.;
2833 1269 3066 1327 germa-

1780 1343 1912 1401 nice
1942 1341 2288 1419 appendicis
2339 1341 2531 1399 instar
2579 1340 2806 1415 adjecta
2851 1342 2945 1397 est
2988 1339 3064 1396 ab

1781 1431 2085 1507 Hiising
2144 1449 2251 1489 suo
2314 1431 2352 1487 1.
2416 1428 2706 1488 Gottfriecl
2758 1428 2903 1487 Graf
2945 1446 3064 1486 von

1782 1521 2196 1596 Kappeuberg,
2230 1519 2499 1578 Miiuster
2538 1530 2560 1579 1
2578 1529 2612 1581 8
2624 1527 2657 1581 8
2669 1526 2743 1587 2,.

1874 1673 1930 1724 6.
1967 1662 2270 1721 Adversus
2308 1662 2567 1720 Graecos
2593 1658 2999 1719 schismaticos
3010 1655 3065 1739 2)

1781 1752 2067 1810 disseruit
2081 1752 2294 1810 Petrus
2317 1750 2364 1808 G
2380 1770 2409 1807 r
2426 1770 2458 1809 o
2477 1770 2503 1808 s
2521 1769 2547 1807 s
2566 1768 2600 1808 o
2618 1751 2688 1807 la
2705 1767 2745 1806 n
2763 1768 2802 1807 11
2819 1767 2846 1806 s
2869 1743 3067 1830 (juxta

1898 1925 1932 1991 ¹)
1961 1920 2044 1975 Cf.
2071 1919 2280 1974 Weber
2297 1920 2588 1973 Hermann
2604 1919 2704 1973 der
2721 1917 3066 1973 Pramonstr.

1784 1992 2178 2063 Noerdlingen
2209 1996 2362 2047 1861.

1892 2072 1930 2117 21
1963 2066 2114 2118 [nter
2139 2063 2381 2116 Graecos
2407 2060 2704 2114 schismati
2729 2060 2847 2131 jam
2873 2059 3066 2113 addic-

1781 2137 1868 2188 tos
1918 2134 2195 2189 inclaruit
2244 2132 2592 2201 Euthymius
2635 2132 2673 2183 Z
2690 2132 2710 2185 i
2726 2151 2764 2201 g
2779 2147 2813 2184 a
2831 2133 2867 2185 b
2882 2148 2911 2185 e
2928 2149 2966 2183 11
2983 2148 3021 2184 11
3039 2149 3066 2185 s

1781 2207 2013 2274 (rectius
2033 2207 2200 2275 juxta
2226 2204 2389 2259 codd.
2417 2203 2738 2274 Zigadenus
2765 2202 2856 2256 vel
2890 2203 3065 2272 Zyga-

1780 2277 2001 2348 denus),
2027 2277 2340 2331 monachus
2382 2275 2507 2329 Bas.
2549 2273 3066 2344 Constantinopoli,

1780 2350 1946 2418 cujus
1973 2356 2164 2402 tamen
2192 2348 2313 2401 vita
2341 2364 2456 2401 11011
2483 2346 2622 2399 satis
2649 2348 2733 2400 est
2758 2349 3062 2414 comperta.

1783 2419 2010 2475 Floruit
2036 2421 2143 2473 sub
2169 2418 2371 2473 Alexio
2400 2418 2688 2472 Comneno
2715 2416 2854 2486 imp.
2882 2424 3064 2486 (1081-

1789 2496 1959 2562 1118).
2011 2491 2282 2545 Versatus
2317 2492 2441 2543 erat
2465 2489 2528 2542 in
2557 2489 2798 2542 lectione
2826 2504 3065 2557 operum

1782 2565 2030 2632 patrum,
2059 2562 2162 2631 qui
2190 2564 2321 2632 post
2336 2561 2635 2614 nicaenum
2655 2559 2922 2613 vixerunt
2936 2576 3066 2613 con·

1779 2633 1999 2698 cilium,
2027 2636 2086 2688 et
2109 2634 2376 2688 hortante
2404 2632 2745 2703 imperatore
2786 2630 2971 2684 multa
2997 2647 3064 2685 ex

1780 2705 1896 2759 illis
1923 2705 2263 2776 compilavit
2288 2721 2476 2772 opera,
2522 2721 2764 2772 quorum
2795 2719 3063 2772 magnam

1780 2780 2000 2848 partem
2028 2776 2259 2832 exhibet
2283 2775 2478 2845 Migue
2506 2775 2566 2827 P.
2594 2775 2658 2828 G.
2695 2776 2734 2826 t.
2764 2773 3064 2828 cxxvul·

1781 2849 2035 2903 CXXXI:
2080 2849 2231 2903 inter
2282 2864 2430 2916 quae
2481 2847 2707 2916 potiora
2748 2848 2914 2898 sunt:
2960 2849 3064 2901 Pa·

1779 2925 1962 2988 noplia
1988 2923 2285 2987 doymatsoa
2327 2918 2673 2972 orthodoxae
2716 2916 2848 2970 fidei
2874 2917 3062 2971 divisa

1779 2992 1841 3046 111
1870 2991 2069 3046 titulos
2097 2990 2352 3054 XXVIII,
2393 2990 2455 3043 in
2496 2989 2708 3057 quibus
2753 2986 2824 3041 de
2850 2988 3065 3058 praeci·

1779 3063 1910 3133 puis
1960 3062 2095 3115 fidei
2139 3061 2506 3130 dogmatibus
2557 3060 2834 3128 disputat,
2879 3060 3063 3115 omnis

1778 3133 2014 3259 {3:3³ss
2029 3130 3064 3259 ῗῗέῗὲίῖοῖέΐὲἒὲἒὲἓαῖἰξέἒέἒὲέῗ

1780 3277 1950 3332 titulo
1992 3275 2199 3329 ultimo
2235 3276 2542 3328 Saracenos
2576 3272 2930 3344 aggreditur.
2983 3273 3060 3327 Eo

1778 3348 1839 3400 in
1857 3364 1946 3418 op.
1965 3346 2130 3401 nobis
2145 3345 2462 3400 asservavit
2477 3347 2796 3415 fragmenta
2824 3361 3060 3415 operum

444 3389 826 3458 coloniensis,
890 3408 1103 3466 genere
1178 3392 1463 3462 Israelita&
1533 3391 1721 3450 *Iudas
1776 3418 2376 3489 deperditorum,hinc
2393 3417 2723 3488 pretiosum:
2746 3416 3061 3485 speculatio

444 3480 617 3536 antea
678 3479 1030 3554 appellatus,
1096 3480 1341 3556 Ruperti
1409 3481 1719 3539 tuitiensis

444 3566 820 3642 aliorumque
832 3568 1175 3626 clericorum
1193 3571 1569 3629 sermonibus
1586 3589 1721 3644 per-

443 3657 645 3714 motus
680 3657 854 3714 fidem
874 3657 1181 3732 amplexus
1202 3661 1296 3717 est
1314 3659 1719 3727 christianam,

443 3751 650 3819 postea
680 3745 872 3804 factus
905 3751 998 3804 est
1029 3765 1078 3804 a.
1120 3758 1143 3808 1
1168 3756 1284 3809 122
1320 3748 1636 3806 canonicus
1655 3747 1719 3806 Ο.

444 3834 668 3896 Praem.
692 3834 1242 3911 cappenbergensis,
1275 3836 1437 3895 Adeo
1470 3837 1722 3912 profecit

442 3922 506 3979 in
536 3923 762 3981 virtute
808 3929 870 3982 et
915 3924 1038 3982 vita
1080 3924 1379 4001 religiosa,
1432 3931 1501 3983 ut
1530 3926 1721 3985 factus

443 4011 522 4069 sit
551 4012 782 4087 primus
815 4013 1161 4072 Schedensis
1207 4013 1487 4073 canoniae
1520 4015 1720 4077 abbas.

442 4101 911 4178 Nonagenarius,
961 4107 1032 4159 ut
1063 4103 1269 4172 fertur,
1317 4103 1585 4172 decessit,
1620 4105 1720 4162 sed

442 4209 560 4265 quo
591 4208 746 4249 anno
773 4209 880 4249 nos
903 4191 1067 4249 latet.
1106 4191 1189 4249 De
1217 4211 1328 4251 sua
1362 4196 1723 4251 conversione

441 4279 683 4355 scripsit
695 4279 767 4337 ad
785 4281 1125 4351 Henricum,
1138 4300 1313 4356 quem
1328 4281 1496 4340 modo
1510 4282 1718 4350 filium,

441 4368 616 4427 modo
668 4368 910 4428 fratrem
960 4370 1331 4428 carissimum
1382 4372 1717 4447 compellat,

440 4458 799 4532 opusculum
850 4459 1193 4535 pretiosum,
1248 4460 1407 4535 quod
1457 4462 1720 4536 primum

440 4547 628 4604 edidit
661 4547 1011 4622 Carpzovius
1063 4548 1137 4606 ad
1184 4550 1398 4607 calcem
1429 4551 1720 4626 Pugionis

446 4689 544 4697 ,-

1779 3506 1912 3543 vero
1958 3490 2194 3560 propria
2240 3489 2613 3543 desideratur.
2664 3487 2865 3541 Latine
2912 3487 3061 3544 illud

1779 3563 1953 3615 vertit
1978 3561 2177 3615 Franc.
2205 3560 2376 3614 Zinus
2397 3559 2692 3628 ediditque
2721 3558 2942 3612 omissis
2969 3559 3062 3612 tit.

1780 3633 1881 3685 XII
1909 3637 1966 3685 et
1991 3633 2120 3686 xm
2148 3636 2346 3687 contra
2373 3630 2605 3685 Latinos
2625 3629 2882 3685 Venetiis
2906 3638 3062 3688 1555:

1777 3704 2050 3774 Lugduni
2083 3710 2249 3762 1556:
2292 3702 2527 3757 Parisiis
2573 3708 2705 3758 1650
2747 3702 2893 3755 etin
2920 3702 3061 3757 bibl.

1779 3792 1924 3828 max.
1955 3775 2061 3828 PP.
2089 3774 2460 3846 Lugdunensi
2488 3777 2527 3827 t.
2545 3774 2690 3837 XlX,
2718 3789 2917 3843 graece
2979 3791 3061 3826 ro-

1777 3846 1890 3900 diit
1905 3847 1962 3901 in
1980 3847 2282 3918 Tergovist
2296 3845 2355 3900 in
2371 3844 2674 3898 Walachia
2700 3849 2867 3901 1710:
2894 3864 2930 3915 p
2956 3860 3061 3898 ene

1779 3919 1834 3971 M
1852 3919 1872 3970 i
1889 3938 1926 3987 g
1945 3937 1981 3970 n
1998 3936 2026 3972 e
2055 3918 2267 3972 CXXX.
2295 3949 2362 3958 -
2389 3919 2668 3985 Expositio
2686 3919 2921 3985 symboli,
2950 3916 3059 3969 dis·

1778 3990 2006 4060 putatio
2035 3993 2096 4043 de
2123 3993 2224 4056 fide
2248 4004 2381 4042 cum
2409 3987 2752 4058 philosopho
2792 4002 3060 4041 saraceno

1777 4062 1839 4114 in
1890 4063 2030 4115 urbe
2081 4059 2372 4118 Melitine;
2434 4069 2620 4114 contra
2682 4061 3059 4123 Massalianos,

1777 4142 1964 4186 contra
2005 4134 2408 4200 Phundaqiatas
2448 4147 2547 4185 seu
2573 4134 2864 4198 Boymilos;
2888 4149 3060 4184 sermo

1778 4203 1838 4257 in
1851 4204 2242 4256 adorationem
2257 4219 2380 4256 ven.
2397 4203 2579 4256 Zonae
2592 4220 2661 4255 ss.
2675 4200 2950 4271 Deiparae
2963 4201 3060 4270 (ib.

1779 4273 2020 4339 CXXXI,
2074 4281 2278 4332 9—592
2311 4277 2698 4344 1243—1250).
2727 4272 2862 4325 Fuit
2886 4271 3058 4325 etiam

1781 4345 2127 4414 Euthymius
2179 4348 2430 4416 exegeta.
2488 4345 2733 4398 Exhibet
2783 4343 2977 4413 Migne
3019 4346 3061 4396 t.

1779 4417 2056 4473 CXXVIII
2101 4417 2388 4488 prolixum
2429 4415 2899 4471 commentarium
2945 4415 3059 4468 iam

1781 4489 1964 4560 magis
1989 4488 2345 4544 elaboratum
2373 4489 2433 4541 in
2454 4492 2690 4543 Psalmos
2706 4491 2764 4541 et
2778 4489 2817 4543 t.
2836 4486 3061 4541 CXXIX

1778 4561 2246 4615 commentarium
2277 4567 2329 4615 iu
2354 4583 2368 4610 ι
2389 4569 2584 4614 uatum·
2604 4561 2894 4627 Evanqezm
2910 4558 3061 4629 (Lip-

1778 4632 1895 4686 siae
1928 4637 2059 4689 1792
2088 4632 2175 4685 ed.
2202 4631 2330 4686 Chr.
2395 4648 2438 4684 r.
2467 4631 2571 4684 Ma
2589 4629 2877 4700 tthaei),
2904 4629 3007 4699 qui
3026 4646 3060 4683 a

1780 4703 2129 4766 MaldonatO,
2148 4703 2308 4757 Rich.
2336 4702 2471 4756 Sim
2485 4720 2516 4756 ο
2530 4721 2566 4755 11
2589 4701 2735 4755 Hist.
2753 4701 2876 4757 crit.
2893 4701 2969 4754 du
2989 4703 3058 4755 N.

558 4776 590 4841 Ι)
620 4770 701 4824 Cf.
729 4770 1025 4825 Fabricius
1052 4773 1120 4832 ΙΙ,
1152 4777 1283 4830 117;
1324 4772 1723 4827 Braunmiiller
1777 4775 1838 4828 Τ.
1856 4792 1902 4828 0.
1920 4780 1988 4831 29
2024 4780 2082 4828 et
2111 4775 2162 4826 N
2177 4791 2251 4829 oe
2269 4791 2380 4827 sse
2399 4774 2420 4828 l
2438 4776 2463 4826 t
2488 4774 2776 4836 laudatur,
2804 4773 2956 4841 quod
2984 4772 3061 4824 sit

441 4842 592 4896 0813.
642 4842 782 4896 ΚΙΑΒ
833 4843 894 4908 V,
945 4850 1110 4905 13:533
1163 4844 1409 4898 Deutsch
1457 4844 1719 4899 Realenc.
1776 4846 2033 4904 literalis.
2061 4846 2123 4900 in
2165 4847 2465 4900 verborum
2487 4844 2940 4916 proprietatibus
2966 4844 3059 4897 ob-

440 4914 588 4979 vw,
614 4919 928 4974 227—230;
957 4916 1103 4969 Hist.
1130 4915 1217 4969 lit.
1243 4917 1308 4982 X,
1336 4922 1585 4973 433·500.

1776 4917 2068 4971 servandis
2094 4916 2573 4986 diligentissimus
2599 4919 2658 4970 et
2681 4918 2745 4970 in
2770 4915 3061 4970 dissonan-
