3475 5364
447 330 567 382 827
1161 314 1528 367 1426-1450,
1558 314 1613 364 ὅ.
1640 310 1951 379 Scriptura.
1982 310 2337 377 interpretes
2935 326 3058 377 323

444 500 514 554 de
549 497 868 556 Stockerau
899 496 1182 571 magister
1216 495 1452 556 artium.
1499 495 1633 553 dein
1666 499 1727 553 et
1782 495 2039 554 nasteria
2090 495 2328 553 ordinis.
2391 497 2464 552 In
2512 496 2769 570 capitulo
2801 495 3062 571 generali

444 587 779 663 theologiae
810 586 875 642 in
907 584 1205 643 academia
1235 585 1541 643 viennensi
1577 581 1637 663 (†
1669 604 1724 659 p.
1791 594 1952 647 1433
1990 584 2180 643 officio
2214 584 2387 642 cessit
2418 585 2784 660 decessitque
2819 593 2916 647 28.
2940 583 3062 641 Jul.

455 674 662 752 1427).
681 674 1004 733 illustravit
1021 674 1263 732 Esdram
1287 677 1346 731 et
1362 673 1723 736 Nehemiam,
1801 684 1975 735 1441.
2043 673 2291 747 Scripsit
2336 678 2646 732 anatomen
2693 693 2798 733 seu
2832 672 3063 731 medul-

445 784 670 824 necnon
705 768 762 822 et
796 783 884 838 ep.
920 783 993 820 ss.
1018 761 1204 830 Pauli,
1242 763 1400 820 Petri
1423 767 1485 820 et
1503 762 1723 820 Jacobi.
1785 763 1962 821 latam
2028 766 2089 819 et
2137 763 2564 821 exactissimam
2613 763 3063 839 explicationem

447 888 530 898 -—-
566 855 610 912 P
635 858 848 911 etrus
896 851 949 908 N
970 851 1093 911 ani
1125 851 1405 920 VenetuS,
1453 851 1726 909 torcella·
1783 852 2201 927 parabolarum
2232 871 2335 910 seu
2363 852 2813 927 proverbiorum
2834 853 3065 927 sapien-

446 963 560 1002 nus
607 943 914 1018 episcopus
962 937 1023 1019 (†
1079 936 1288 1018 1426).
1337 941 1727 1016 composuisse
1782 941 2001 999 tissimi
2035 941 2364 999 Salomonis
2402 942 2582 1016 juxta
2616 941 3066 1016 quadruplicem

447 1033 665 1091 dicitur
684 1031 1095 1089 dictionarium
1119 1029 1725 1092 historico-biblicum,
1786 1051 1827 1088 s.
1863 1031 2201 1104 Scripturae
2246 1049 2498 1088 sensum.
2546 1065 2631 1073 —
2682 1030 3067 1089 Henricus

449 1140 674 1180 necnon
719 1119 1137 1179 commentaria
1183 1119 1244 1176 in
1276 1138 1476 1177 omnes
1519 1118 1638 1176 fere
1685 1138 1726 1176 s.
1754 1115 2379 1200 1Wichingham1)
2411 1119 2474 1176 Ο.
2500 1120 2682 1178 Carm.
2705 1119 2939 1196 Anglus
2973 1119 3065 1176 in-

449 1211 784 1286 Scripturae
818 1209 1001 1266 libros
1023 1242 1108 1250 —-
1129 1206 1166 1264 J
1184 1226 1466 1266 oannes
1499 1208 1570 1265 de
1603 1209 1728 1265 Ga·
1788 1209 1975 1285 signis
2006 1209 2320 1284 theologus
2357 1204 2423 1289 (†
2459 1218 2512 1269 2.
2548 1210 2716 1267 Mart.
2745 1208 2936 1285 1447)
2969 1227 3068 1268 ex·

447 1322 506 1358 m
529 1320 620 1358 un
641 1299 677 1357 d
699 1300 716 1356 i
735 1318 769 1355 a
813 1291 1178 1377 (Gmiinden)
1227 1296 1456 1354 celeber
1501 1297 1728 1355 mathe·
1785 1298 1986 1373 posuit
2060 1298 2271 1355 Isaiam
2351 1301 2413 1355 et
2473 1298 2901 1373 Apocalypsim.
2981 1331 3066 1341 —

450 1389 696 1447 maticus
741 1391 800 1445 et
845 1389 1218 1444 astronomus
1250 1385 1312 1443 in
1345 1387 1729 1444 universitate
1788 1388 2098 1445 Christo
2120 1387 2407 1462 phorus
2438 1388 2510 1444 de
2542 1388 2590 1443 B
2610 1388 2893 1447 ononia
2925 1387 2989 1445 Ο.
3012 1390 3066 1447 S.

448 1477 773 1544 viennensi,
806 1477 909 1550 qui
943 1475 1017 1533 ob
1051 1492 1189 1532 suas
1216 1474 1639 1549 praelectiones
1672 1480 1732 1533 et
1790 1479 1938 1552 Aug.
1962 1494 2005 1533 s.
2028 1476 2362 1551 theologiae
2396 1477 2580 1535 lector
2611 1484 2672 1534 et
2691 1477 3070 1535 concionator

450 1569 668 1643 scripta
689 1565 963 1624 scientiae
986 1564 1437 1622 mathematicae
1460 1568 1520 1622 et
1539 1569 1726 1622 astro·
1791 1565 1871 1641 (fl.
1916 1561 2107 1644 1428)
2157 1565 2428 1639 exposuit
2459 1566 2762 1624 Canticum
2809 1565 3067 1624 cantico-

450 1657 710 1715 nomicae
741 1673 846 1729 per
878 1653 1248 1710 Germaniam
1280 1672 1496 1727 parens
1547 1658 1732 1711 meret
1787 1673 1937 1712 rum.
1989 1688 2069 1698 --
2118 1654 2423 1712 Danielem
2475 1655 2824 1729 prophetam
2854 1655 2893 1713 J
2908 1673 3069 1713 aco-

451 1746 564 1803 dici
580 1740 644 1827 ¹).
709 1743 839 1817 Ipse
887 1742 1033 1800 forte
1079 1741 1307 1816 primus
1354 1743 1482 1810 suit,
1532 1743 1635 1818 qui
1668 1743 1731 1799 in
1787 1745 1929 1801 bus
1964 1742 2272 1802 Solidus
2304 1743 2682 1802 Florentinus
2714 1746 2887 1802 antea
2917 1744 3069 1819 phy-

450 1854 626 1893 usum
679 1850 969 1890 annorum
1004 1830 1196 1888 adhuc
1247 1830 1587 1890 futurorum
1635 1850 1731 1890 ca-

453 1923 713 1981 lendaria
743 1920 916 1978 utilia
939 1921 1065 1994 jam
1099 1920 1158 1976 in
1193 1922 1560 1979 antecessum
1593 1939 1731 1979 con-

452 2011 794 2071 cinnaverit.
859 2009 1181 2067 Canonicus
1229 2013 1355 2066 erat
1403 2009 1476 2068 ad
1523 2028 1566 2068 s.
1602 2010 1729 2068 Ste-

453 2103 716 2179 phanum
750 2096 811 2178 (†
847 2107 944 2160 23.
979 2098 1143 2156 Febr.
1185 2095 1397 2168 1442).
1472 2099 1603 2173 Ipse
1636 2118 1732 2156 ex-

453 2191 655 2267 posuit
702 2188 985 2245 Exodum.
1051 2222 1134 2228 --
1189 2186 1358 2243 Hunc
1407 2187 1734 2246 illustravit-

454 2281 632 2339 etiam
679 2277 1018 2338 Joannes
1063 2276 1388 2340 Ganwer,
1439 2275 1731 2352 (Gauwer‚

455 2371 716 2427 Gattwer
745 2363 881 2442 etc.)
914 2365 978 2422 O.
1010 2365 1197 2423 Carm.
1220 2365 1563 2434 Germanus,
1598 2367 1735 2423 hinc

454 2459 648 2516 dictus
667 2455 1040 2522 TeutonicuS,
1075 2453 1412 2530 theologiae
1433 2456 1731 2533 magister,

456 2549 556 2622 qui
605 2544 880 2604 interfuit
925 2560 1078 2600 conc.
1126 2543 1457 2610 basileensi,
1506 2549 1566 2601 et
1597 2563 1734 2603 con-

456 2635 720 2696 cinnavit
766 2633 1010 2710 insuper
1057 2632 1420 2691 concordiam
1485 2652 1736 2710 evange-

456 2726 729 2783 listarum
776 2729 836 2781 et
875 2722 1294 2780 commentaria
1337 2723 1398 2780 in
1436 2733 1471 2783 4
1507 2724 1566 2780 ll.
1603 2742 1735 2782 sen-

455 2816 775 2873 tentiarum
808 2807 867 2891 (†
899 2830 943 2869 c.
988 2819 1196 2883 1438).
1230 2845 1313 2853 ——
1348 2813 1736 2871 Antonius

459 2906 514 2961 M
533 2923 566 2961 a
585 2923 610 2959 s
628 2922 653 2959 s
671 2923 705 2959 a
726 2900 1073 2982 (MassanuS,
1096 2898 1484 2979 Massetanus)
1509 2901 1572 2959 Ο.
1596 2902 1734 2960 Min.

458 2993 577 3051 suis
623 2990 1006 3049 concionibus
1051 2989 1194 3047 adeo
1242 2991 1462 3064 populo
1494 2989 1734 3065 placuit,

459 3085 528 3139 ut
559 3080 629 3138 ad
663 3098 940 3156 magnam
959 3077 1079 3135 diei
1109 3082 1335 3154 partem
1360 3079 1579 3153 absque
1609 3081 1736 3138 cibo

461 3169 782 3228 audiretur.
861 3168 949 3226 Ob
1011 3166 1255 3226 virtutis
1310 3169 1737 3243 praestantiam

459 3261 682 3318 electus
717 3260 804 3316 est
836 3256 898 3315 in
931 3255 1275 3315 ministrum
1307 3258 1527 3316 ordinis
1559 3277 1739 3335 gene-

459 3349 655 3410 ralem,
704 3352 911 3422 postea
940 3345 1134 3405 factus
1180 3348 1489 3422 episcopus
1523 3366 1739 3406 masse-

458 3444 662 3496 tanus:
697 3455 888 3511 neque
920 3438 1121 3493 tamen
1155 3436 1309 3494 hisce
1342 3436 1740 3513 dignitatibus

459 3530 670 3586 auctus
704 3546 736 3585 a
769 3525 1165 3585 concionando
1185 3525 1420 3584 destitit
1437 3524 1499 3604 (†
1531 3523 1737 3605 1435).

459 3616 720 3692 Reliquit
740 3617 1000 3674 lectiones
1018 3616 1356 3688 spirituales
1374 3635 1554 3691 super
1565 3635 1740 3690 expo-

461 3707 731 3765 sitionem
764 3704 1082 3764 Alexandri
1103 3703 1174 3762 de
1196 3704 1370 3762 Hales
1402 3706 1464 3762 in
1495 3724 1581 3780 ps.
1621 3715 1737 3771 50„

462 3796 702 3871 Neapoli
739 3803 1165 3856 1692—1700
1189 3798 1231 3851 t.
1258 3803 1291 3855 2
1315 3794 1378 3852 in
1400 3790 1739 3874 4(m.100).

459 3885 689 3943 Prodiit
749 3884 928 3941 etiam
991 3884 1117 3957 ejus
1179 3884 1385 3942 relatio
1446 3884 1742 3959 leyationis

460 3970 1117 4048 constantinopolitanae
1179 3994 1226 4029 a.
1300 3982 1463 4034 1422
1526 3972 1739 4041 obitae‚

462 4062 704 4120 Parisiis
746 4070 942 4127 1612;
989 4061 1164 4118 etiam
1199 4061 1260 4117 in
1294 4062 1422 4119 coll.
1458 4079 1615 4120 conc.
1650 4062 1734 4119 in·

462 4159 555 4210 ter
603 4155 735 4209 acta
783 4150 1013 4208 concilii
1078 4151 1345 4209 senensis
1404 4159 1587 4213 1423.
1655 4184 1739 4195 -

462 4240 863 4298 Helmicus
924 4239 1226 4296 Amoris
1286 4239 1359 4297 de
1411 4239 1743 4315 Zutphania

463 4330 758 4405 professus
793 4332 882 4385 est
913 4328 1175 4386 ordinem
1199 4330 1644 4405 crucigerorum
1679 4330 1742 4387 in

461 4419 729 4478 venlensi
779 4421 1077 4477 conventu
1128 4417 1406 4477 dioecesis
1441 4419 1742 4478 colonien·

467 4510 566 4571 sis,
601 4512 663 4567 et
682 4528 730 4566 a.
761 4517 923 4569 1415
951 4508 1173 4565 electus
1204 4509 1267 4566 in
1288 4509 1544 4584 priorem
1563 4528 1742 4585 gene-

462 4599 661 4656 ralem.
742 4598 1109 4655 Auctoritate
1160 4598 1460 4673 pontificia
1511 4601 1571 4655 et
1613 4616 1743 4657 cae-

463 4706 628 4746 sarea
673 4686 960 4745 suffultus
1011 4688 1187 4762 plura
1232 4687 1573 4747 reformavit-
1618 4706 1741 4747 mo-

543 4881 577 4947 ¹)
600 4876 681 4931 Cf.
711 4876 931 4931 Bruhns
960 4876 1110 4943 Aug.
1139 4877 1191 4931 d.
1223 4874 1407 4945 Biogr:
1439 4874 1552 4937 XV,
1574 4878 1679 4931 456
1703 4893 1743 4930 s.

1789 1833 1924 1890 sicis
1957 1831 2456 1907 speculationibus
2489 1832 2760 1892 addictus
2792 1836 2853 1891 et
2885 1833 3068 1891 medi-

1790 1941 1909 1989 cuS,
1947 1921 2089 1979 dein
2130 1921 2193 1979 Ο.
2230 1921 2389 1979 Serv.
2422 1922 2478 1978 b.
2512 1922 2586 1979 M.
2620 1921 2703 1984 V..
2755 1922 2857 1996 qui
2889 1921 3071 1980 etiam

1788 2010 2069 2068 interfuit
2099 2010 2363 2069 conciliis
2394 2010 2710 2069 basileensi
2756 2013 2819 2068 et
2853 2011 3070 2070 floren-

1789 2100 1916 2158 tino
1950 2096 2010 2180 (†
2053 2096 2261 2168 1440).
2327 2100 2469 2158 Cum
2503 2100 2831 2175 epidemiae
2863 2100 3070 2157 morbo

1790 2189 2035 2263 plurimi
2081 2207 2185 2263 per
2220 2189 2450 2246 Italiam
2495 2207 2562 2246 eo
2608 2193 2874 2264 tempore
2907 2189 3071 2246 labo·

1790 2281 2008 2346 rarent,
2060 2277 2096 2334 1.
2148 2279 2217 2334 de
2264 2279 2533 2335 remediis
2591 2283 2795 2337 contra
2841 2281 3072 2352 pestem

1791 2367 2090 2424 eruditum
2123 2366 2331 2434 edidit,
2381 2385 2559 2440 quem
2609 2371 2808 2443 patres
2854 2368 3069 2426 floren·

1789 2456 1902 2512 tini
1934 2455 2230 2514 Bononiae
2268 2465 2432 2518 1533
2468 2457 2731 2530 imprimi
2771 2459 3072 2515 curarunt.

1790 2557 1876 2587 -ὲ
1924 2544 2209 2602 Petrus
2261 2544 2723 2604 Caldarinus
2775 2543 3070 2624 (Caldero-

1793 2628 1933 2713 nus)
1969 2633 2032 2692 O.
2066 2633 2205 2692 Min.
2239 2634 2412 2693 Conv.
2446 2635 2856 2704 Messanensis‚
2903 2633 3070 2694 theo·

1796 2723 1982 2799 legiae
2030 2724 2260 2791 doctor,
2323 2724 2631 2798 episcopus
2679 2725 3073 2784 antiochensis

1795 2808 1855 2891 (†
1892 2820 1991 2874 24.
2012 2813 2157 2870 Nov.
2193 2810 2402 2893 1440),
2438 2814 2860 2872 commentaria
2891 2832 3074 2889 supra

1795 2901 2001 2959 Oseam
2033 2902 2383 2976 prophetam
2417 2903 2668 2978 scripsit
2715 2937 2802 2946 —
2848 2904 3073 2961 Fran-

1794 2991 2048 3049 ciscus
2082 2992 2449 3049 Senensis
2492 2991 2555 3049 Ο.
2591 2992 2645 3049 S.
2681 2993 2830 3068 Aug.
2865 3010 3074 3068 regens

1795 3079 1980 3138 studii
2003 3080 2266 3138 senensis
2300 3084 2359 3138 et
2388 3098 2529 3138 suae
2550 3082 2885 3155 provinciae
2904 3100 3071 3157 prae·

1792 3169 2025 3244 positus
2071 3164 2151 3248 (fl.
2193 3170 2385 3242 1436)
2432 3170 2672 3245 scripsit
2714 3172 3073 3230 commenta—

1795 3258 1911 3317 rios
1943 3258 2006 3315 in
2038 3261 2296 3333 quatuor
2327 3258 2644 3335 Evangelia
2683 3262 2744 3318 et
2776 3261 2840 3317 in
2871 3276 3074 3318 omnes

1795 3347 1848 3405 d.
1872 3347 2040 3405 Pauli
2074 3346 2366 3422 epistolas.
2394 3382 2470 3390 —-
2496 3348 2615 3406 Has
2638 3349 2863 3423 pariter
2882 3349 3071 3405 inter-

1795 3440 2068 3511 pretatus
2086 3442 2177 3495 est
2199 3438 2328 3510 ejus
2351 3437 2567 3496 sodalis
2588 3438 2635 3495 R
2652 3456 2735 3512 ay
2755 3458 2809 3495 m
2828 3458 2921 3495 un
2936 3437 2975 3494 d
2993 3456 3032 3495 u
3048 3455 3075 3494 s

1794 3526 1867 3583 de
1900 3527 2328 3600 Altoponte
2361 3522 2727 3607 (Hautpont)
2762 3527 2985 3595 Gallus,
3030 3544 3074 3583 s,

1795 3616 2128 3690 theologiae
2182 3615 2462 3690 magister
2524 3622 2584 3673 et
2633 3634 2842 3691 regens
2891 3615 3075 3674 studii

1796 3703 2143 3779 parisiensis
2193 3701 2274 3777 (fl.
2334 3699 2542 3786 1426).
2602 3737 2688 3748 --
2736 3705 3078 3763 Joannes

1797 3793 1868 3851 de
1902 3794 2087 3850 Graz
2132 3794 2351 3851 artium
2400 3795 2680 3870 magister
2721 3798 2779 3851 et
2811 3793 3076 3851 decreto-

1798 3901 1931 3940 rum
1965 3882 2167 3940 doctor
2217 3882 2280 3940 in
2311 3883 2700 3941 universitate
2745 3882 3076 3950 viennensi,

1797 3971 1934 4029 dein
1968 3972 2280 4029 canonicus
2323 3972 2722 4048 zagabriensis
2767 3968 2827 4051 (†
2867 3969 3077 4047 1450),

1796 4060 2044 4133 reliquit
2056 4059 2494 4134 Expositionem
2513 4061 2986 4137 Evangeliorum.
3012 4084 3078 4094 --

1798 4149 2130 4224 Epistolam
2185 4150 2257 4207 ad
2311 4151 2597 4209 Romanos
2648 4150 3081 4209 commentariis

1797 4237 2180 4297 illustrarunt
2255 4239 2451 4298 Joan
2472 4258 2604 4298 nes
2684 4239 3078 4315 Winning-

1800 4328 1959 4386 hem
1996 4328 2057 4386 Ο.
2094 4328 2297 4386 Praed.
2332 4329 2699 4397 coloniensiS,
2748 4328 3080 4405 theologiae

1797 4418 1858 4475 in
1889 4418 2086 4493 patria
2104 4418 2399 4493 magister,
2435 4418 2571 4476 dein
2592 4417 2666 4475 ad
2686 4436 2889 4476 recens
2922 4436 3079 4475 erec-

1879 4597 1911 4649 Ι)
1942 4591 2029 4641 Ab
2080 4589 2183 4641 hoc
2235 4588 2381 4642 alius
2434 4592 2516 4641 est
2579 4587 2890 4641 Thomas
2952 4586 3082 4639 Wi-

1797 4663 1877 4715 ch
1895 4662 1913 4713 i
1931 4662 2195 4729 ngham
2223 4659 2447 4724 sodalis,
2477 4661 2687 4730 pariter
2714 4661 2952 4729 Anglus,
2980 4658 3080 4727 qui

1799 4732 1994 4786 floruit
2036 4749 2141 4786 sec.
2188 4730 2546 4801 praecedenti
2593 4735 2845 4801 (o.1372)
2891 4736 2948 4784 et
2989 4731 3081 4783 cui

1800 4804 2132 4857 tribuuntur
2182 4804 2584 4858 commentaria·
2633 4803 2690 4855 in
2746 4802 3081 4871 Magistrum

1799 4875 2229 4930 sententiarum.
