3475 5364
366 340 528 392 1255,
1201 321 1429 388 Driedo‚
1456 319 1641 386 sterit,
1668 319 1882 374 Paulus
1911 320 2123 375 Heliae.
2802 337 2965 391 126ss

358 508 629 568 Coloniae
669 519 855 572 1521.
899 518 1058 573 1522
1094 512 1135 566 t.
1174 518 1207 571 2
1245 510 1309 567 in
1342 518 1414 579 43
1462 508 1634 567 abso·
1689 507 1933 567 Lovanii
1971 516 2172 578 15483
2218 508 2287 565 de
2329 506 2586 565 libertate
2628 506 2971 581 christiana,

359 598 486 656 luta
536 598 951 656 determinatio
999 600 1069 657 de
1104 599 1461 675 presbyteris
1481 597 1636 671 pub·
1691 596 1770 654 ib.
1815 606 2013 666 1546;
2046 595 2118 655 de
2151 596 2479 673 Scripturis
2510 600 2570 654 et
2591 594 2971 671 dogmatibus

357 688 470 745 lica
501 689 883 763 fornicatione
912 690 1142 758 notatis,
1175 705 1430 763 quonam
1463 689 1635 763 pacto
1689 684 2100 745 ecclesiasticis
2131 685 2190 744 ll.
2226 695 2283 756 4,
2316 704 2422 745 seu
2451 688 2525 743 tr.
2556 686 2627 743 de
2657 686 2793 743 locis
2822 685 2972 743 theo-

358 778 594 835 valeant
624 776 697 834 ad
742 781 1056 835 missarum
1108 776 1300 835 officia
1330 774 1637 852 provocari
1690 776 1886 853 logicis
1924 783 2119 845 15433
2182 784 2367 845 1550,
2415 774 2520 849 qui
2568 792 2710 832 cura
2748 773 2973 833 Ruardi

357 866 707 942 promoveri,
741 865 974 924 admitti
996 883 1103 924 seu
1122 865 1392 941 adjuvari
1411 864 1637 940 absque
1691 865 1736 922 T
1755 883 1991 940 apper
2039 863 2272 924 collecti
2319 862 2671 939 prodierunt
2730 862 2974 948 Lovanii

358 954 567 1014 salutis
598 954 983 1025 detriment03
1015 954 1238 1013 accedit
1271 974 1326 1030 q.
1358 973 1435 1012 an
1453 954 1518 1012 in
1536 972 1635 1011 ex·
1702 962 1866 1016 1533
1901 955 1944 1011 t.
1981 963 2018 1014 4
2051 953 2115 1014 in
2149 954 2220 1025 f.;
2274 962 2474 1022 15463
2529 960 2728 1020 15:323
2786 962 2971 1015 1556.

357 1050 549 1102 trema
579 1042 927 1102 necessitate
958 1044 1048 1103 ita
1076 1042 1494 1102 universaliter
1512 1061 1636 1101 om·
1688 1075 1779 1086 -
1842 1042 1935 1100 Ch
1954 1043 2019 1100 ri
2037 1042 2141 1100 sti
2159 1060 2349 1100 anus
2412 1041 2449 1100 S
2467 1041 2690 1099 terck
2750 1040 2971 1121 (Stark,

358 1136 456 1191 nia
488 1132 612 1190 sint
656 1132 1008 1204 communia,
1054 1135 1127 1191 ut
1170 1131 1483 1208 occupanti
1514 1150 1635 1190 rem
1692 1131 1903 1200 Fortis,
1937 1127 2242 1214 Ischyrus)
2268 1130 2635 1205 juliacensis,
2666 1129 2977 1231 presbyter

361 1222 624 1296 aliquam
655 1222 826 1280 nulla
856 1221 1341 1281 derestitutione
1373 1220 1640 1280 facienda
1690 1220 2064 1297 trajectensis
2095 1220 2168 1278 ad
2200 1221 2440 1288 Mosam,
2474 1219 2681 1295 oppidi
2711 1218 2977 1293 protodi-

358 1310 717 1369 conscientia
763 1312 858 1380 sit,
906 1311 1183 1369 Coloniae
1234 1322 1259 1372 1
1279 1318 1400 1373 523
1454 1310 1519 1368 in
1568 1319 1636 1379 43

358 1400 646 1475 Dialogus
680 1396 970 1481 (theologi
1002 1418 1138 1458 cum
1155 1400 1447 1459 haeretico
1462 1399 1638 1459 Loni-

359 1484 516 1570 cero)
547 1489 617 1546 de
660 1491 1018 1547 veneratione
1062 1496 1112 1545 et
1155 1490 1503 1548 invocatione
1534 1487 1638 1547 SS.

359 1580 564 1636 contra
595 1577 899 1653 perfidiam
928 1577 1317 1647 lutheranam‚
1350 1577 1429 1635 ib.
1453 1586 1637 1647 1524,

363 1667 572 1736 bonus,
628 1665 729 1725 sed
783 1685 945 1737 acer3
1008 1667 1265 1742 epitome
1313 1669 1382 1725 de
1429 1667 1545 1741 fide
1590 1673 1642 1726 et

360 1756 625 1831 operibus
673 1755 957 1815 adversus
1021 1755 1434 1815 chimaericam
1479 1756 1639 1814 illam

359 1849 539 1921 atque
570 1849 962 1903 monstrosam
1009 1845 1082 1903 M.
1115 1844 1365 1904 Lutheri
1394 1845 1639 1903 liberta·

358 1936 499 1997 tem.
535 1952 710 2007 quam
731 1933 856 2010 ipse
872 1934 1023 1993 falso
1041 1952 1107 1992 ac
1124 1934 1353 2010 perdite
1371 1933 1639 1992 christia-

358 2042 496 2081 nam
529 2023 826 2098 appellat3
861 2023 939 2081 ib.
981 2032 1144 2086 1525
1171 2044 1184 2092 3
1221 2023 1506 2101 Dialoyus
1539 2023 1641 2082 ad-

358 2130 566 2171 versus
596 2111 948 2187 pestiferum
979 2112 1225 2171 Lutheri
1255 2114 1328 2170 tr.
1362 2112 1434 2170 de
1454 2112 1641 2171 chris·

358 2201 522 2259 tiana
540 2200 834 2270 libertate,
852 2201 1211 2277 Antverpiae
1230 2212 1255 2264 1
1273 2211 1306 2264 5
1318 2210 1349 2262 2
1362 2212 1418 2271 6,
1454 2201 1642 2259 veluti

361 2290 448 2348 ed.
481 2290 666 2348 altera
696 2293 872 2350 aucta
901 2299 962 2348 et
994 2292 1346 2362 retractata3
1397 2292 1465 2348 de
1485 2309 1639 2366 pur-

355 2381 585 2457 9atorio
647 2398 754 2438 seu
815 2378 887 2437 de
937 2380 1269 2454 expiatione
1319 2379 1641 2438 venialium

358 2470 494 2544 post
524 2472 790 2537 mortem,
825 2468 1182 2543 Antverpiae
1204 2478 1369 2532 1525
1393 2490 1407 2538 ;
1440 2469 1639 2528 catho-

360 2556 505 2615 licae
538 2557 771 2631 aliquot
814 2557 1254 2634 disputationes
1287 2561 1493 2617 contra
1521 2558 1640 2616 Lu·

359 2646 656 2718 theranoS,
691 2647 754 2706 in
788 2646 1007 2723 quibus
1028 2646 1377 2723 praesertim
1396 2648 1465 2707 de
1482 2648 1641 2706 utili-

358 2744 491 2813 tate,
526 2738 870 2813 necessitate,
889 2739 1093 2796 merito
1109 2738 1389 2796 bonorum
1403 2756 1639 2813 operum

360 2828 488 2895 etc.,
521 2825 665 2902 agit,
700 2825 973 2885 Coloniae
1016 2835 1198 2889 1526.
1233 2826 1375 2885 Post
1405 2830 1498 2885 tot
1516 2844 1640 2885 cer·

357 2915 586 2974 tamine
600 2915 840 2973 transiit
851 2915 924 2973 ad
935 2915 1259 2974 mercedem
1273 2912 1322 2999 ι)
1337 2925 1369 2976 2
1386 2926 1435 2977 1.
1449 2912 1644 2994 (juxta

361 3003 509 3063 alios
544 2999 669 3084 27.)
716 3003 850 3062 Jan.
904 3013 1087 3069 1527.
1134 3038 1218 3050 --
1268 3005 1464 3064 Laude
1510 3005 1641 3082 dig-

358 3093 642 3151 nissimus
666 3095 759 3150 est
783 3092 823 3150 J
834 3112 1099 3152 oannes
1129 3093 1367 3152 nomine
1386 3094 1643 3152 familiae

361 3181 581 3255 Neys‚
636 3181 736 3255 qui
786 3184 985 3240 tamen
1037 3203 1071 3239 a
1120 3183 1453 3241 nativitatis
1517 3183 1644 3242 loco

361 3266 692 3327 Darisdonk
740 3287 922 3344 prope
967 3269 1346 3329 Turnhutum
1392 3273 1457 3330 in
1496 3272 1642 3329 Bra-

362 3357 569 3414 bantia
599 3356 864 3415 derivate
901 3358 1206 3428 Dridoens,
1251 3361 1645 3418 communiter

362 3445 574 3505 Dried
592 3446 684 3520 0²)
700 3446 1154 3522 cognominatur
1167 3444 1248 3528 (n.
1261 3451 1408 3506 estc.
1437 3445 1643 3528 1480).

362 3533 650 3593 Hadriani
679 3534 983 3606 Florentii,
1020 3540 1228 3611 postea
1248 3538 1465 3595 summi
1499 3555 1643 3612 pon-

362 3623 555 3695 tificis,
589 3629 719 3683 erat
769 3624 1118 3700 discipulus,
1154 3625 1358 3685 doctor
1403 3629 1464 3684 et
1508 3644 1644 3702 pro·

364 3715 550 3773 sessor
594 3713 967 3784 lovaniensiS,
1015 3715 1333 3774 canonicus
1382 3717 1444 3774 et
1472 3733 1645 3791 paro-

364 3803 508 3862 chus
539 3802 613 3862 ad
645 3821 688 3860 s.
721 3802 1013 3862 Jacobum
1048 3799 1109 3884 (†
1149 3814 1204 3865 4.
1237 3804 1391 3880 Aug.
1432 3799 1645 3883 1535).

362 3891 659 3951 Disseruit
676 3892 743 3950 de
760 3894 958 3968 qratia
977 3900 1027 3951 et
1047 3894 1220 3953 libero
1240 3893 1486 3951 arbitrio
1506 3894 1560 3951 ll.
1583 3895 1642 3969 2,

361 3980 607 4040 Lovanii
656 3992 817 4045 1537
844 4004 858 4053 ;
901 3983 971 4040 de
999 3984 1305 4041 concordia
1348 3983 1514 4040 liberi
1545 4001 1646 4040 ar·

363 4070 522 4128 bitrii
552 4078 602 4129 ec
624 4071 1200 4144 praedestinationis,
1231 4070 1308 4129 ib.
1341 4082 1366 4134 1
1386 4081 1545 4142 537;
1579 4072 1649 4129 de

361 4161 747 4232 captivitate&
756 4160 1141 4234 redemptione
1146 4162 1370 4237 yeneris
1382 4161 1644 4238 humani,

439 4386 476 4462 ¹)
505 4381 586 4438 Cf.
617 4381 883 4436 Cremans
909 4383 978 4436 de
1004 4384 1054 4437 J.
1084 4383 1413 4438 Hochstrati
1441 4384 1567 4438 vita
1592 4387 1650 4439 et

363 4453 603 4523 scriptis,
630 4453 795 4509 Bonn
822 4458 991 4512 1869:
1035 4455 1104 4508 N.
1133 4455 1175 4508 P
1191 4471 1225 4507 a
1242 4455 1370 4509 ulu
1388 4473 1413 4509 s
1437 4455 1650 4511 Katho·

361 4523 449 4576 lik
473 4528 629 4582 1897.
659 4525 725 4589 11,
753 4530 857 4582 160
878 4559 910 4566 -
930 4530 1029 4584 66:
1073 4530 1231 4583 1902.
1272 4527 1311 4585 Ι.
1354 4530 1422 4583 22
1435 4531 1568 4584 -40
1594 4530 1652 4580 et

363 4595 424 4648 in
452 4612 543 4665 op.
590 4596 682 4650 die
730 4597 1041 4652 deutschen
1087 4596 1495 4652 Dominikaner
1545 4602 1650 4652 etc.

370 4670 878 4810 p.²f)370}13{imns
917 4738 1107 4809 Biogr.
1149 4742 1266 4794 nat.
1305 4739 1374 4794 de
1399 4740 1553 4810 Belg.
1585 4740 1651 4804 V,

365 4813 468 4866 165
485 4832 497 4870 ς
527 4808 722 4879 Dupin
738 4809 881 4874 XIV,
901 4815 1165 4876 150-56,
1182 4809 1282 4879 qui
1303 4828 1435 4865 eum
1451 4811 1654 4865 laudat
1707 4814 1828 4864 sein
1845 4810 1936 4864 die
1951 4809 2211 4880 religiose

1693 1309 1986 1378 dascalus,
2033 1308 2368 1385 disputavit
2410 1309 2479 1366 de
2518 1308 2680 1367 bonis
2709 1308 2976 1381 operibus

1694 1406 1745 1457 et
1777 1401 1907 1475 iyne
1935 1401 2289 1476 permitam,
2321 1400 2390 1458 de
2392 1395 2632 1477 jejunio
2649 1404 2701 1455 et
2719 1397 2975 1455 ciborum

1693 1489 1925 1564 delectu,
1960 1488 2029 1546 de
2057 1489 2320 1546 divorum
2351 1487 2658 1562 suffraqiie
2674 1490 2802 1554 etc..
2825 1504 2977 1561 quae

1693 1577 2053 1654 prodierunt
2081 1576 2441 1652 Antverpise
2480 1584 2676 1646 15:333
2727 1575 2976 1634 Lovanii

1706 1675 1862 1730 1551
1903 1665 1967 1723 in
2001 1673 2074 1736 8.,
2108 1668 2174 1724 in
2204 1665 2424 1741 quibus
2472 1665 2609 1741 plus
2641 1664 2763 1723 zelo
2794 1683 2974 1739 quam

1695 1755 1834 1815 stilo
1865 1755 2044 1815 valet.

1790 1941 1933 1996 593.
1968 1933 2178 2008 Neque
2211 1933 2442 1991 Dam'ae
2490 1931 2683 1991 defuit
2713 1930 2884 1991 fortis
2916 1934 2978 1989 et

1696 2021 1920 2081 solidus
1950 2022 2264 2098 apologeta
2293 2022 2430 2080 fidei
2452 2022 2664 2090 avitae,
2687 2020 2733 2077 P
2751 2019 2975 2079 aulus

1696 2110 1974 2169 Heliae
2022 2108 2231 2193 (Ehae,
2285 2110 2463 2170 Povel
2501 2110 2750 2179 missen,
2798 2109 2977 2169 Povel

1696 2194 2014 2280 Helgesen)
2069 2200 2133 2259 Ο.
2180 2200 2364 2261 Carm.
2418 2196 2498 2282 (n.
2554 2193 2766 2279 1480),
2816 2199 2979 2274 prior

1696 2293 2024 2348 conventus
2056 2289 2412 2360 Dafniensis‚
2444 2288 2580 2347 dein
2607 2288 2978 2364 praepositus

1696 2377 2074 2454 provincialis
2123 2373 2370 2458 (1522),
2416 2378 2601 2437 lector
2644 2376 2979 2453 theologiae

1697 2467 1764 2525 in
1811 2467 2202 2526 universitate
2251 2466 2563 2526 dafniensi.
2622 2466 2768 2524 Fere
2817 2466 2980 2524 solus

1696 2574 1758 2615 se
1790 2556 2072 2632 opposuit
2109 2556 2596 2616 innovationibus
2646 2554 2980 2613 lutheranis

1696 2645 1976 2722 pluribus
2022 2644 2259 2718 libellis,
2311 2663 2564 2721 quorum
2611 2643 2814 2720 aliqua
2842 2661 2979 2721 pro-

1696 2735 1941 2795 dierunt
1970 2736 2034 2793 in
2066 2735 2231 2793 Pooel
2261 2735 2521 2794 Elieserw
2548 2735 2766 2793 dansloe
2784 2734 2977 2808 Skrifi-

1698 2831 1802 2895 ter,
1853 2824 1943 2884 ed.
1996 2825 2288 2895 Secher,
2340 2823 2740 2900 Kopenhagen
2793 2833 2978 2893 1855,

1696 2933 1853 2989 quae
1883 2913 1972 2973 ed.
2005 2915 2358 2973 continuata
2403 2932 2521 2972 non
2551 2913 2685 2971 fuit.
2735 2911 2986 2989 Collegit

1698 3021 1936 3079 quoque
1956 3002 2279 3062 Chronicon
2291 3003 2597 3080 Skibyense
2604 3002 2728 3060 sive
2739 3002 2983 3061 annales

1697 3111 1901 3151 rerum
1932 3091 2280 3151 danicarum
2329 3093 2403 3150 ab
2437 3113 2485 3150 a.
2527 3100 2981 3160 1046—1534,

1698 3199 1849 3256 quos
1904 3181 2223 3240 ediderunt
2272 3181 2558 3257 Ludewig
2606 3179 2791 3255 Reliq.
2854 3198 2984 3239 mss.

1703 3270 1797 3339 lX,
1834 3279 2128 3340 39—793
2160 3269 2509 3345 Langebeck
2557 3269 2654 3327 SS.
2702 3288 2815 3331 rer.
2849 3269 2982 3327 dan.

1698 3358 1774 3416 11.
1814 3367 2195 3426 554—602;
2230 3358 2484 3416 Rordam
2516 3358 2671 3419 Mon.
2695 3358 2831 3415 hist.
2851 3358 2983 3416 dan.

1700 3448 1747 3516 Ι,
1791 3456 2063 3510 1-107.
2097 3448 2238 3506 Post
2270 3466 2319 3505 a.
2353 3457 2514 3509 1534
2538 3446 2707 3504 nulla
2726 3446 2984 3521 amplius

1698 3535 1868 3593 illius
1902 3536 2161 3593 occurrit
2190 3535 2411 3594 mentio
2428 3531 2491 3617 ¹).

1784 3746 1795 3778 ¹
1849 3739 1932 3795 Cf.
1973 3740 2035 3793 L.
2078 3738 2325 3793 Schmitt
2349 3739 2401 3794 S.
2426 3739 2478 3793 J.
2524 3739 2624 3792 der
2647 3738 2988 3793 Karmeliter

1702 3810 1764 3865 P.
1847 3811 2006 3875 eliae,
2035 3813 2074 3865 F
2079 3810 2298 3880 riburgi
2314 3814 2576 3876 1893160.
2594 3810 2987 3882 Erganzungs·

1700 3883 1831 3937 heft
1868 3900 1937 3936 zu
1966 3883 2075 3935 den
2106 3882 2386 3936 stimmen
2414 3898 2518 3935 aus
2543 3882 2724 3936 Maria
2750 3882 2987 3945 Laach);

1702 3953 1817 4007 KL.
1866 3954 1958 4019 IX,
2002 3958 2315 4010 1717—19;
2368 3953 2426 4008 C.
2469 3953 2530 4008 Τ.
2575 3953 2902 4025 Engelstoft
2927 3955 2988 4009 P.

1703 4025 1859 4081 Eliae
1904 4025 1966 4079 in
2011 4024 2130 4094 Nyt
2169 4023 2440 4078 historisk
2480 4025 2787 4079 Tidsskrift
2831 4030 2988 4084 1848.

1702 4098 1778 4162 11,
1809 4105 1833 4153 1
1853 4101 2050 4156 --174;
2075 4098 2377 4153 415—554.
2406 4096 2655 4151 Schmitt
2678 4098 2717 4154 1.
2744 4114 2788 4150 c.
2852 4102 2986 4155 .121

1703 4169 1788 4223 ita
1815 4169 1886 4222 de
1903 4169 2026 4239 ejus
2039 4167 2264 4238 scriptis
2280 4171 2499 4223 censet:
2526 4167 2705 4224 Keine
2731 4169 2794 4223 in
2861 4175 2989 4225 aue·

1704 4239 1869 4294 mark
1915 4240 2164 4293 verfasste
2210 4239 2424 4293 Schrift
2465 4256 2569 4293 aus
2593 4241 2992 4311 gegnerischer

1704 4310 1883 4366 Feder
1893 4309 2050 4364 kann
2063 4311 2183 4364 sich
2203 4311 2311 4365 mit
2327 4309 2524 4365 seinen
2541 4310 2989 4366 Streitschriften

1706 4399 1941 4437 messen.
1994 4382 2060 4436 In
2104 4381 2331 4446 Sehrist,
2379 4382 2821 4454 Uberliet'eruug‚
2869 4383 2992 4437 Kir-

1707 4453 2180 4524 chengeschichtc
2205 4453 2323 4507 und
2340 4453 2747 4508 Kirchenrecht
2769 4457 2992 4509 bewan·

1705 4525 1835 4579 dert
1872 4526 1975 4580 wie
2015 4525 2148 4579 kein
2175 4524 2427 4595 einziger
2470 4525 2654 4579 seiner
2681 4527 2991 4581 danischen

1705 4596 2131 4666 Zeitgenossen‚
2159 4596 2298 4650 weiss
2316 4612 2376 4650 er
2391 4596 2482 4650 die
2494 4596 2726 4651 rechten
2744 4597 2991 4652 Beweise

1707 4668 1871 4722 nicht
1896 4684 2008 4722 nur
2033 4686 2104 4721 zu
2136 4667 2346 4732 finden,
2373 4667 2619 4723 sondern
2645 4670 2794 4723 auch
2836 4670 2993 4724 liber-

1704 4739 1972 4810 zeugend
2011 4738 2241 4793 darzule
2285 4755 2387 4800 en;
2429 4756 2532 4792 aus
2567 4739 2694 4793 dem
2741 4740 2994 4793 Bewusst-

2301 4810 2530 4864 ahrheit
2553 4813 2614 4863 in
2630 4812 2729 4865 der
2751 4810 2994 4864 katholi-

363 4897 396 4933 a
423 4880 606 4936 solida
632 4880 985 4951 pacificaque
1003 4881 1340 4953 disputandi
1367 4883 1650 4937 method0.
1704 4883 1880 4936 seben
1907 4881 2110 4935 Kirche
2152 4881 2503 4950 vollstitndig
2543 4881 2662 4935 und
2704 4882 2889 4936 sicher
2922 4899 2991 4935 zu
