3475 5364
448 357 611 409 1232»

978 342 1348 395 1521—1540.
1375 339 1685 411 Theologia
1712 339 2007 409 polemica.
2037 340 2107 391 W
2110 340 2346 408 impiae,
2374 342 2532 403 Host,

2894 356 3055 411 1240

441 527 590 582 catio
623 525 914 582 dominica
960 528 1167 583 contra
1212 524 1425 599 impios
1472 529 1532 584 et
1564 526 1717 583 sedi·
1778 526 1841 584 O.
1874 525 2099 594 Praed.‚
2152 525 2250 583 cui
2278 543 2347 583 ea
2377 524 2842 602 recognoscenda
2872 524 3059 583 tradi·

440 614 626 671 tiosos
658 613 1133 672 Lutheranorum
1166 633 1409 684 errores,
1446 615 1720 673 Coloniae

1777 614 1962 684 derat,
1997 613 2269 674 Coloniae
2298 623 2456 677 1531
2500 614 2565 672 in
2596 613 2667 671 f.:
2700 633 2819 689 qua
2848 613 3056 672 collec-

449 711 645 772 15253
681 703 1167 761 commentarium
1198 721 1374 777 super
1404 706 1718 762 orationem
1775 705 1937 762 tione
1971 703 2351 763 continentur
2381 704 2418 763 l.
2452 700 2525 762 de
2556 709 2707 780 ortu,
2733 718 3059 782 proyressu

436 792 786 849 dominicam
831 794 891 848 et
937 790 1274 868 symbolum
1317 793 1719 869 apostolorum

440 879 518 938 ib.
563 890 725 942 1528
778 879 1018 947 videtur
1049 898 1178 939 esse
1209 881 1374 939 illius
1405 882 1492 940 ed.
1529 886 1717 942 aucta.

440 969 786 1043 Disputavit
815 970 999 1028 etiam
1040 978 1200 1032 1528
1236 972 1576 1030 Monasterii
1601 971 1717 1030 for-

439 1059 584 1116 titer
631 1063 690 1115 et
740 1058 926 1116 solide
988 1059 1060 1116 de
1108 1059 1369 1133 primatu
1439 1060 1720 1119 adversus

441 1147 671 1205 Hecker
702 1166 1045 1225 praeconem
1079 1152 1501 1224 protestantem
1519 1145 1582 1230 ¹).

1777 801 1826 851 et
1852 793 2055 866 fructu
2101 811 2148 850 s.
2188 792 2496 871 theoloqiae
2541 809 2648 850 seu
2691 792 3057 851 introductio

1777 881 2066 957 quaedam
2097 882 2172 939 ad
2191 881 2521 958 theologiae
2543 879 2844 949 studium3
2879 880 3057 939 Palil-

1777 971 1938 1047 logia
1966 969 2038 1030 de
2062 971 2301 1047 fastiyio
2334 971 2638 1048 theoloqico
2656 988 2725 1028 ex
2746 969 3059 1029 nobilitate

1777 1060 1993 1135 objecti
2025 1061 2153 1135 ejus
2199 1059 2418 1118 Christi
2462 1059 2524 1119 ll.
2559 1069 2627 1129 33
2673 1060 2742 1117 de
2790 1060 3062 1118 laudibus

1779 1150 1994 1207 Christi
2009 1149 2408 1225 panegyricus
2429 1148 2807 1224 quintuplex,
2825 1146 2896 1206 de
2918 1149 3058 1206 sub-

1775 1237 2028 1297 limitate
2059 1238 2204 1313 ejus
2254 1237 2326 1296 de
2375 1237 2858 1304 admirabilitate,
2891 1236 3061 1296 boni-

536 1335 567 1387 5
579 1334 613 1388 8
626 1334 677 1386 2.
713 1326 753 1383 C
768 1343 801 1384 o
818 1344 859 1383 n
874 1344 904 1382 r
918 1345 954 1384 a
968 1326 1007 1383 d
1021 1346 1063 1385 u
1081 1344 1107 1384 s
1141 1327 1185 1386 O
1197 1344 1230 1385 o
1246 1345 1275 1384 c
1290 1348 1333 1386 u
1348 1347 1375 1387 s
1410 1324 1624 1409 (Koch)
1648 1328 1720 1389 de
1775 1329 1918 1396 tate,
1941 1327 2254 1386 clementia
2272 1329 2333 1384 et
2360 1326 2726 1385 amabilitate
2747 1347 2761 1395 3
2794 1326 2862 1384 de
2880 1327 3061 1404 scynis

442 1414 512 1471 W
530 1416 549 1471 i
567 1433 623 1471 m
641 1434 679 1489 p
698 1415 772 1473 in
789 1434 840 1483 a,
876 1414 1011 1473 hinc
1032 1416 1101 1473 W
1117 1416 1215 1474 im
1230 1436 1268 1492 p
1283 1417 1411 1474 hin
1430 1437 1465 1480 a
1481 1436 1507 1476 s
1540 1418 1720 1477 etiam
1776 1424 1826 1474 et
1856 1418 2159 1475 insomniis
2205 1434 2530 1490 eorumque
2572 1415 3061 1500 interpretatione

438 1504 636 1561 dictus
682 1504 778 1562 vel
826 1503 1215 1580 Wimpina,
1265 1506 1387 1565 sive
1432 1526 1500 1565 ex
1546 1508 1719 1584 Fagis

442 1592 791 1672 (Buchonia.
810 1594 1124 1663 Buchovia,
1144 1591 1410 1678 Buchen)
1444 1596 1721 1656 dioecesis

452 1682 939 1757 wirceburgensis
970 1686 1148 1741 natus
1180 1701 1226 1741 c.
1269 1696 1452 1755 1460,
1486 1686 1721 1761 Lipsiae

438 1778 499 1828 et
536 1771 909 1847 aliquamdiu
958 1772 1173 1831 Romae
1220 1773 1439 1832 studiis
1484 1793 1717 1853 operam

440 1859 622 1918 dedit.
657 1860 981 1918 Canonicus
998 1865 1127 1920 erat
1139 1862 1722 1940 brandenburgensis

443 1954 501 2006 et
568 1949 1071 2027 havelburgensis,
1134 1952 1537 2028 philosophiae
1586 1970 1721 2030 pro-

1777 1506 1839 1566 ll.
1895 1514 1966 1575 33
2029 1505 2477 1581 explanationes
2520 1506 2586 1563 in
2645 1505 2961 1581 symbolum
3012 1523 3058 1563 s.

1777 1595 2107 1663 Athanasii,
2125 1596 2188 1653 in
2193 1595 2502 1673 proloyum
2517 1612 2560 1651 s.
2575 1592 2827 1652 Joannis
2846 1614 2875 1666 ,·
2912 1593 3059 1651 Ora·

1777 1685 1959 1742 tiones
2005 1676 2135 1743 sive
2183 1701 2523 1742 sermonum
2575 1682 2610 1740 L
2663 1700 2840 1750 unus,
2889 1681 3061 1758 plane

1779 1773 2049 1832 eruditae
2080 1771 2382 1847 (Coloniae
2427 1766 2649 1851 1531);
2683 1771 3062 1848 Erroloyium

1779 1862 1902 1920 sive
1933 1866 2006 1919 tr.
2040 1861 2112 1919 de
2144 1861 2444 1920 erroribus
2475 1860 2966 1936 philosophorum
2998 1860 3062 1923 in

1779 1950 1891 2010 fide
1922 1950 2260 2018 christiana,
2293 1949 2651 2019 Aristotelia,
2698 1954 3060 2008 commenta-

440 2038 627 2099 fessor
669 2048 824 2100 1491
867 2042 928 2097 et
969 2050 1134 2102 1494
1168 2046 1364 2100 rector
1395 2042 1721 2101 academiae
1776 2039 1926 2099 toris
1959 2039 2290 2098 Avicennae
2322 2042 2382 2097 et
2414 2038 2659 2096 Alkindi
2682 2055 2819 2098 cum
2854 2038 3056 2097 confu-

441 2126 754 2202 lipsiensis.
787 2126 1034 2186 Interim
1067 2129 1258 2188 factus
1279 2133 1371 2188 est
1390 2132 1721 2207 theologiae

438 2216 646 2274 doctor
677 2222 855 2290 atque
890 2218 1068 2292 hujus
1086 2217 1389 2277 facultatis
1408 2221 1719 2296 professor.

444 2304 589 2363 Inde
623 2305 843 2363 accitus
895 2310 988 2365 est
1034 2306 1108 2365 ad
1141 2307 1560 2368 illustrandam
1590 2330 1721 2368 aca-

440 2394 694 2451 demiam
713 2394 1262 2471 wittenbergensem
1299 2417 1431 2456 oum
1452 2400 1723 2474 Staupitz

445 2486 505 2541 et
540 2483 793 2541 Martino
830 2484 1081 2556 Pollich3
1134 2490 1338 2562 postea
1385 2487 1458 2545 ad
1491 2488 1720 2564 erigen-

440 2572 580 2630 dam
611 2591 823 2631 novam
874 2573 1228 2633 academiam
1276 2576 1721 2636 Francofordiae

445 2662 528 2720 cis
564 2660 832 2732 Odemm,
883 2662 949 2740 in
995 2681 1113 2739 qua
1161 2664 1492 2743 theologiae
1526 2666 1720 2730 cathe-

442 2751 610 2809 dram
644 2751 815 2820 rexit,
849 2753 1091 2811 rectoris
1111 2773 1357 2813 munere
1377 2759 1467 2814 est
1480 2757 1721 2815 functus

1779 2128 2105 2188 tationibus
2121 2128 2459 2199 eorundem,
2476 2127 2709 2203 Lipsiae
2737 2139 2756 2189 1
2776 2137 2855 2188 49
2867 2138 2900 2191 3
2921 2128 2985 2185 in
3004 2137 3061 2198 43

1779 2271 1910 2279 *w

1779 2338 1952 2404 atque
1981 2335 2131 2389 inter
2157 2351 2250 2388 eos
2277 2332 2685 2396 numerandus,
2731 2332 2834 2400 qui
2863 2334 3061 2386 contra

1780 2408 2090 2461 Lutherum
2111 2406 2389 2460 steterint.
2413 2403 2612 2457 Edidit
2628 2404 2875 2458 aliorum
2892 2420 3065 2474 opera

1780 2478 1978 2533 utilia:
2024 2478 2106 2530 ita
2154 2477 2195 2529 B
2214 2496 2239 2529 r
2257 2494 2289 2531 o
2308 2476 2389 2530 ch
2405 2493 2439 2528 a
2455 2493 2482 2528 r
2497 2476 2572 2528 di
2623 2474 2931 2529 veridicam
2977 2478 3064 2529 de-

1780 2555 2322 2675 20'1‘52“0”5³”t²'·2·36
2349 2547 2728 2672 “0255552213'2*
2733 2546 3065 2671 8ῗίῑᾷῗέῗέ

1937 2638 2083 2675 eri
2175 2660 2186 2672 .
2255 2638 2411 2672 .m1n
2677 2638 2831 2671 mm
2971 2638 3034 2672 ee

1779 2699 2043 2760 Etla‘carm
2071 2694 2148 2750 ib.
2175 2696 2316 2748 1520
2339 2693 2400 2758 in
2428 2695 2496 2749 12:
2533 2708 2628 2758 qq.
2657 2689 3064 2748 subtilissimas

1780 2765 1868 2821 J0.
1893 2765 1962 2818 de
1991 2764 2348 2819 Gandavo
2375 2763 2434 2815 in
2463 2761 2524 2816 ll.
2551 2767 2585 2818 8
2636 2761 2960 2816 Aristotelis
3004 2764 3066 2815 de

458 2851 618 2902 1500
684 2847 864 2914 atque
924 2842 1154 2901 iteratis
1186 2844 1432 2918 vicibus
1476 2864 1722 2904 munere
1776 2841 1988 2906 physico
2015 2841 2219 2899 auditu,
2250 2835 2326 2888 ib·
2355 2839 2524 2890 1520:
2564 2834 2726 2887 Joan.
2755 2834 2794 2902 Ε
2814 2832 2979 2886 &bri
3003 2829 3066 2886 ὅθ

445 2929 670 2986 decani.
734 2930 1001 2988 Eminuit
1050 2931 1206 2989 inter
1237 2932 1402 2993 illius
1434 2934 1721 3009 professo-

446 3036 560 3082 res,
596 3018 698 3076 sed
748 3037 869 3077 non
917 3019 1022 3078 diu
1060 3039 1137 3080 ea,
1171 3022 1465 3081 academia
1504 3023 1721 3082 floruit.

1780 2911 2104 2976 Sacerdotes,
2134 2906 2400 2962 Coloniae
2432 2909 2569 2961 1523
2608 2904 2669 2956 in
2698 2905 2767 2964 f.;
2811 2903 3062 2973 ejusdem

1783 2983 2176 3043 Antilosliurum
2206 2981 2279 3032 M.
2304 2980 2531 3030 Lutheri
2557 2979 2923 3043 Babyloniam,
2953 2976 3063 3028 Au·
3102 3017 3114 3027 .

1777 3055 1979 3121 gustae
2012 3052 2073 3105 V.
2103 3055 2272 3108 1530:
2300 3052 2551 3103 Malleum
2577 3048 2607 3099 J
2614 3064 2661 3105 ο.
2687 3045 2856 3100 Fabri
2882 3088 2894 3100 .
2925 3089 2938 3102 .
2965 3086 2977 3099 .
3003 3046 3064 3102 in

449 3106 572 3164 Sub
606 3108 734 3182 ejus
766 3108 1059 3183 praesidio
1092 3112 1498 3188 propugnavit
1528 3113 1722 3171 Tetzel
1784 3121 2066 3175 haeresim
2093 3121 2474 3181 lutheranam‚
2501 3119 2577 3173 ib.
2607 3122 2777 3176 15:242
2804 3117 3066 3185 Diony-

448 3199 618 3254 rotas
669 3196 867 3256 theses
922 3193 1107 3280 (106)
1157 3200 1402 3258 Lutheri
1454 3201 1722 3260 thesibus

445 3281 587 3364 (95)
623 3286 942 3362 oppositas
997 3305 1252 3361 quarum
1284 3291 1576 3365 Wimpina
1606 3290 1724 3350 fuit

1779 3211 1804 3245 s
1821 3193 1875 3246 ii
1904 3193 2228 3247 Cartusiani
2247 3199 2310 3245 C«.-
2322 3212 2367 3245 m
2367 3193 2616 3259 pendium
2637 3192 2920 3257 theoloqiac
2933 3188 3065 3242 alia-

1780 3283 1890 3332 que
1942 3265 2193 3334 ejusdem
2235 3262 2528 3334 opuscula,
2580 3259 2846 3315 Coloniae
2899 3263 3068 3322 1532:

1779 3336 1865 3390 do,
1931 3336 1974 3388 E
1993 3353 2021 3390 o
2039 3336 2074 3388 k
2091 3335 2149 3389 ii
2212 3337 2565 3389 Enchire'de'on
2628 3336 2862 3386 locorum
2928 3341 3066 3386 com'-

444 3376 666 3432 auctor.
728 3375 799 3433 In
848 3377 1101 3452 comitiis
1164 3380 1516 3456 augustanis
1565 3380 1725 3439 inter
1780 3415 2038 3472 anuinium,
2084 3408 2160 3461 ib,
2201 3411 2368 3465 1525„
2415 3404 2572 3458 varia,
2611 3420 2786 3472 opera.
2826 3403 3066 3458 ,loannis

444 3481 545 3521 eos
577 3463 708 3533 fuit,
742 3465 845 3538 qui
878 3466 1239 3542 scripserunt
1268 3472 1471 3544 contra
1501 3470 1723 3530 artiou-
1785 3480 2000 3533 Fisch
2019 3497 2091 3534 er
2130 3496 2218 3548 ep.
2246 3476 2502 3531 roffensis
2537 3476 2614 3528 ib.
2642 3480 2781 3531 1525
2809 3477 2868 3527 et
2893 3479 3065 3535 1527;

447 3552 536 3611 los
569 3556 873 3630 torgenses
921 3559 982 3615 et
1032 3556 1460 3616 confessionem
1501 3577 1721 3635 augus-
1782 3551 1821 3606 C
1840 3570 1871 3605 ο
1890 3550 2138 3604 chlaei
2165 3550 2443 3619 opuscula
2470 3547 2728 3611 collecta,
2757 3551 2911 3612 1531,
2942 3545 3066 3614 qui·

447 3647 650 3700 tanam
686 3632 746 3724 (Τ
788 3647 881 3705 17.
906 3644 1037 3720 Maj.
1065 3643 1272 3723 1531).
1307 3648 1464 3706 Haec
1495 3648 1725 3723 potiora

1780 3623 1888 3676 bus
1914 3622 2026 3676 duo
2055 3622 2124 3674 de
2152 3621 2269 3674 suis
2295 3620 2532 3689 adjecit:
2578 3617 2629 3670 Μ
2650 3636 2679 3671 e
2699 3636 2733 3669 n
2751 3635 2776 3670 s
2796 3618 2815 3670 i
2833 3625 2870 3670 n
2887 3620 2960 3687 gi
3003 3622 3067 3672 de

1781 3698 2044 3748 Ecclesiae
2074 3697 2279 3748 Christi
2301 3695 2598 3746 sacerdotio
2624 3689 2684 3744 ll.
2714 3694 2764 3753 2,
2794 3694 2932 3745 1532
2961 3692 3064 3743 ete.

446 3731 713 3807 ejussdem
735 3730 1006 3814 opera²):
1042 3734 1308 3813 Farraffo
1342 3738 1722 3796 miscellaneo‘
1783 3765 1966 3834 Ipsius
1997 3766 2138 3820 Host
2179 3766 2264 3816 est
2304 3762 2532 3817 libellus
2573 3763 2634 3815 de
2677 3765 2883 3815 ratione
2910 3764 3064 3828 confi·

446 3840 581 3878 rum
613 3823 854 3880 collecta
870 3842 905 3880 a
918 3823 956 3880 J
959 3842 1009 3881 0.
1027 3824 1347 3884 Romberch
1366 3847 1402 3885 a
1415 3827 1662 3902 Kierspe
1673 3823 1723 3908 ³)

448 3963 763 3971 -..--.-.--

528 4053 561 4116 1)
592 4045 674 4101 Cf.
703 4046 928 4099 Streber
956 4046 1065 4099 KL.
1096 4047 1161 4108 11,
1192 4054 1310 4104 168.

524 4125 562 4174 2)
593 4119 673 4170 Cf.
708 4118 998 4171 fabricius
1018 4119 1204 4180 1389:
1230 4120 1412 4174 Freib.
1430 4119 1727 4175 Diocesan·

448 4189 658 4242 Archiv
701 4190 845 4252 XIII,
887 4195 1126 4245 17-26:
1180 4190 1451 4245 Katholik
1502 4194 1726 4254 1891.1‚

445 4267 583 4316 462:
617 4260 685 4314 N.
717 4259 927 4313 Paulus
960 4260 1067 4314 ΚΒ.
1096 4261 1215 4327 XII,
1245 4267 1628 4321 1682—11585:
1658 4264 1724 4317 N.

452 4331 652 4383 Miiller
684 4332 824 4385 Uber
851 4331 915 4390 Κ,
945 4331 1256 4401 Wimpina.
1300 4333 1439 4387 Eine
1468 4333 1728 4398 Quellen·

448 4403 653 4464 studia,
699 4403 759 4454 in
805 4403 976 4457 theol.
1019 4405 1256 4458 Studien
1303 4406 1420 4458 und
1465 4405 1727 4460 Kritiken

450 4474 619 4526 LXVI
686 4477 865 4546 (1893)
928 4479 1204 4536 83—124;
1283 4477 1483 4531 LXVII
1548 4483 1726 4550 (1894)

447 4551 551 4601 382)
580 4565 650 4597 ss,

523 4624 564 4680 ³)
614 4618 945 4669 joannes
1008 4617 1187 4672 Host
1248 4636 1281 4671 a
1332 4619 1631 4690 Romberg,
1696 4638 1730 4672 a

449 4690 568 4742 loco
588 4690 772 4759 patrio
791 4687 1025 4757 Kierspe
1043 4689 1104 4741 in
1120 4690 1477 4759 Westpbalia
1493 4692 1541 4743 K
1552 4687 1633 4760 y'e
1646 4711 1672 4744 r
1684 4711 1728 4745 s-

1783 3840 1926 3890 tandi
1950 3835 2269 3906 germanice
2310 3839 2367 3887 et
2393 3834 2540 3888 alius
2568 3832 2761 3895 latine,
2802 3832 2903 3899 qui
2941 3848 3067 3900 pro·

1783 3908 1892 3961 diit
1917 3908 1978 3961 in
2005 3911 2356 3963 Enchiricle'on
2380 3908 2714 3960 sacerdotum
2763 3905 2833 3956 de
2861 3903 3065 3957 eucha-

1783 3979 1944 4033 ristia
1971 3983 2029 4033 et
2053 3980 2255 4032 missae
2284 3978 2488 4041 offici0,
2517 3975 2801 4030 Coloniae.
2843 3973 3065 4043 Pugna-

1786 4052 1871 4104 vit
1897 4051 2102 4104 acriter
2130 4049 2467 4117 fortiterque
2485 4048 2756 4100 adversus
2779 4046 2818 4100 C
2835 4063 2868 4098 a
2884 4062 2912 4098 r
2927 4062 2959 4099 o
2977 4046 2997 4099 l
3014 4063 3067 4099 o·

1783 4123 2130 4186 stadium,
2159 4121 2436 4183 Jonam‚
2466 4116 2875 4172 Brunsfeld
2902 4116 3066 4171 alios·

1785 4210 1912 4262 que.
1942 4193 2088 4247 Hinc
2119 4193 2326 4245 mirum
2355 4194 2456 4250 est,
2484 4190 2607 4258 ejus
2628 4205 2835 4243 nomen
2854 4190 3064 4242 lectum

1786 4265 1918 4320 olim
1949 4265 2123 4318 fuisse
2168 4264 2226 4316 in
2257 4263 2444 4316 Indice
2472 4261 2533 4315 11.
2561 4259 2984 4330 prohibitorum
3012 4263 3071 4312 et

1786 4335 2017 4404 quidem
2064 4336 2281 4406 primae
2326 4334 2411 4398 cl.‚
2455 4352 2582 4387 cum
2626 4332 2712 4384 vel
2761 4333 2835 4385 ab
2873 4329 3068 4385 adver·

1785 4407 1947 4460 sariis
1973 4407 2123 4461 inter
2163 4405 2464 4477 primarios
2504 4403 2840 4458 lutheranae
2886 4404 3067 4456 sectae

1786 4480 2135 4532 adversarios
2163 4480 2512 4531 numeretur.
2565 4475 2732 4528 Nunc
2769 4491 2886 4527 non
2912 4490 3067 4543 amp·

1785 4551 1896 4603 lius
1935 4552 1996 4603 in
2038 4549 2139 4603 illo
2174 4550 2474 4618 reperitur.
2527 4547 2768 4616 Egregia
2812 4549 2897 4599 est
2946 4546 3070 4614 ejus

1786 4622 1968 4675 oratio
2013 4624 2075 4676 de
2119 4625 2302 4675 idoneo
2347 4623 2498 4684 verbi
2535 4622 2634 4672 Des
2677 4622 2940 4684 me'nistt‘O,
2993 4617 3068 4671 ib.

1787 4697 1924 4748 1532
1953 4697 1999 4763 (†
2033 4697 2209 4758 1533).
2255 4692 2337 4746 Cf.
2366 4693 2489 4744 fuse
2517 4691 2585 4744 de
2613 4707 2678 4744 eo
2706 4691 2968 4760 agentem
2997 4687 3067 4741 N.

450 4777 703 4827 pensis
747 4758 1137 4831 (Kierspensis)
1180 4762 1382 4818 dictus.
1425 4767 1489 4818 Ο.
1536 4764 1728 4817 Praed.
1781 4763 1998 4822 Paulus
2028 4764 3069 4826 Katholik1895.11‚481—497:1896.

450 4831 733 4902 Meusingi
775 4835 897 4883 erat
936 4831 1268 4901 discipulus,
1316 4834 1583 4896 l'enetii5‚
1629 4834 1730 4887 Ro·
1789 4837 1827 4894 Ι,
1853 4840 2129 4894 473-81:
2162 4840 2316 4892 1897.
2347 4836 2383 4898 I,
2417 4839 2689 4891 188-90:
2718 4833 2850 4886 etin
2868 4831 3068 4901 op.die

450 4922 569 4953 mzw
597 4923 658 4954 ιι(-
704 4903 991 4954 Bononiae
1034 4903 1223 4955 studia
1262 4907 1346 4955 ost
1381 4909 1750 4986 prosecutae..
1788 4907 2094 4962 de11ts1÷he11
2123 4906 2537 4960 Dominikaner
2563 4909 2668 4960 etc,
2697 4923 2752 4975 p.
2781 4909 3031 4962 134453.
