3475 5364
434 369 559 423 963
892 356 1260 410 1451—1475.
1287 352 1602 422 Theologia
1629 350 1878 406 moralis.
1906 350 2025 406 Jac.
2051 351 2121 404 de
2146 351 2462 422 Jaterbogk
2490 356 2594 406 etc.
2923 372 3057 424 964,

439 550 489 599 1.
525 559 599 597 an
646 538 922 615 princeps
966 538 1288 597 catholicus
1340 539 1531 613 possit
1573 556 1708 614 pro·
1761 539 1864 613 jus
1896 538 2244 598 canonicum
2276 537 2493 609 docuit,
2535 539 2778 598 rectoris
2808 557 3059 615 quoque

429 632 631 705 tegere
662 628 756 687 vel
798 628 1142 703 permittere
1172 626 1416 686 Judaeis
1464 647 1711 686 usuram
1767 645 2012 685 munere
2044 646 2092 684 a.
2135 637 2298 690 1455
2334 627 2577 687 functus
2611 630 2705 687 est
2722 630 2890 687 tanta
2909 648 3053 686 auc·

430 734 725 787 exercere3
777 725 830 778 2.
862 735 937 774 an
970 715 1161 791 possit
1204 715 1471 774 inhibere
1502 716 1707 775 matri-
1766 716 2025 787 toritate‚
2090 719 2161 775 ut
2232 718 2361 792 ejus
2434 717 2617 775 verba
2692 717 3058 793 scriptaque,

433 807 703 865 monium
734 806 989 864 liberum
1023 806 1149 865 suis
1183 805 1467 880 subjectis
1500 806 1572 864 ad
1604 806 1709 865 bo·
1760 805 1934 879 juxta
1948 805 2317 864 Trithenium
2336 806 2409 865 de
2444 806 2828 882 scriptoribus
2856 806 3053 865 Germ.

428 915 574 954 num
626 895 1012 970 principatus,
1065 914 1215 969 quae
1260 894 1378 954 duo
1425 894 1711 970 opuscula
1766 912 1811 952 c.
1853 904 1994 963 192,
2030 895 2198 969 quasi
2233 914 2339 969 pro
2359 895 2653 972 Apollinis
2686 896 2928 954 oraculo
2945 896 3053 954 ha-

432 985 777 1060 prodierunt
826 984 887 1042 in
937 983 1085 1059 ipsis
1136 984 1566 1061 typographiae
1615 984 1705 1043 in-
1765 983 2054 1042 berentur
2087 980 2149 1064 (†
2187 993 2348 1047 1465
2386 985 2481 1044 vel
2524 982 2730 1061 1466).
2784 985 3052 1061 Scriptor

430 1074 722 1132 cunabilis
757 1092 797 1130 s.
832 1092 880 1130 a.
916 1074 951 1130 l.
987 1077 1048 1130 et
1078 1093 1134 1131 n.
1168 1074 1543 1151 typographif.
1565 1075 1707 1132 Res·
1764 1076 1895 1132 erat
1928 1073 2243 1132 admodum
2264 1073 2617 1143 laboriosus,
2640 1093 2774 1132 cum
2790 1073 2946 1133 circa
2967 1083 3055 1137 75

419 1165 731 1238 pon-§iones
747 1162 822 1220 ad
835 1162 1055 1236 qq.IV:
1101 1174 1147 1225 1.
1171 1164 1465 1238 Anpossit
1481 1162 1708 1222 absolvi
1763 1163 2027 1236 ejusdem
2062 1162 2283 1238 scripta
2305 1164 2427 1237 jam
2461 1159 2861 1244 noseantur2)‚
2895 1182 3047 1239 quae

427 1252 752 1312 catholicus
813 1250 852 1308 J
855 1251 1042 1309 udaeo
1105 1269 1346 1310 usuram
1411 1253 1705 1311 exercenti
1762 1255 1951 1328 agunt
1994 1250 2065 1309 de
2108 1252 2245 1325 jure
2277 1252 2573 1322 canonico,
2626 1252 2697 1310 de
2746 1252 3056 1328 theologia

427 1342 668 1400 domum
699 1341 930 1410 locans3
981 1350 1036 1402 2.
1067 1343 1161 1398 An
1193 1344 1531 1399 contractus
1563 1361 1704 1400 ven·
1764 1341 1973 1400 morali
2020 1343 2082 1398 et
2126 1340 2421 1416 pastorali,
2470 1342 2541 1400 de
2570 1341 2759 1400 ascesi
2793 1344 2899 1399 etc.
2964 1341 3050 1400 Ea

425 1430 672 1488 ditionis
704 1430 990 1487 frumenti
1008 1429 1276 1488 fraudem
1295 1430 1484 1505 sapiat
1503 1434 1565 1489 et
1585 1430 1707 1489 sint
1762 1429 2025 1503 produnt
2056 1430 2468 1499 eruditionem,
2522 1430 2901 1494 soliditatem,
2947 1431 3054 1506 ju-

427 1519 817 1578 absolvendi?
855 1527 908 1580 3.
944 1520 1037 1577 An
1070 1518 1413 1578 absolvendi
1445 1519 1705 1579 venden-
1762 1518 1981 1578 dicium
2013 1520 2358 1594 practicum.
2395 1520 2626 1579 Potiora
2671 1523 2815 1578 sunt
2854 1520 3048 1591 Quod-

424 1615 515 1667 tes
547 1608 774 1667 reditus
818 1626 954 1666 cum
988 1610 1159 1683 pacto
1191 1607 1263 1665 de
1296 1609 1702 1679 revendendo;
1761 1608 1990 1666 libatum
2021 1615 2278 1666 statuum
2321 1610 2711 1667 humanorum
2756 1627 2800 1667 s.
2834 1608 2868 1665 l.
2902 1612 2963 1666 et
2994 1628 3053 1666 a-

428 1696 484 1760 4.
518 1699 611 1756 An
643 1715 739 1755 res
772 1699 974 1772 raptae
1005 1697 1240 1772 possint
1282 1697 1345 1754 in
1391 1697 1521 1772 pios
1553 1717 1703 1757 usus
1764 1691 2098 1779 (Esslingae
2131 1715 2176 1755 c.
2209 1694 2420 1777 1475),
2454 1698 2725 1756 manuale
2756 1701 3044 1774 systema·

424 1787 520 1845 vel
553 1804 692 1845 suos
709 1789 843 1844 tuta
863 1786 1225 1844 conscientia
1244 1787 1505 1845 converti
1526 1787 1704 1846 afure
1762 1785 1946 1844 ticum
1978 1790 2041 1844 et
2072 1786 2394 1862 practicum
2436 1786 2772 1862 theologiae
2804 1787 3055 1845 moralis-

423 1876 520 1934 vel
551 1875 970 1934 restituendae.
1007 1876 1373 1952 Opusculum
1407 1875 1551 1934 exile
1570 1896 1701 1953 pag.
1761 1894 1866 1949 pro
1900 1876 2156 1933 statibus
2187 1876 2430 1935 diversis
2476 1879 2599 1933 tam
2629 1875 3042 1934 ecclesiasticis

430 1976 505 2029 16
540 1983 582 2024 s.
616 1965 653 2022 1.
689 1967 750 2022 et
772 1985 821 2023 a.
843 1997 929 2007 —
951 1966 999 2021 A
1017 1984 1073 2022 m
1092 1964 1226 2023 bro
1244 1965 1362 2023 siu
1380 1983 1406 2023 s
1440 1965 1511 2023 de
1534 1965 1613 2024 Vi
1633 1985 1699 2041 g·
1760 1982 1937 2037 quam
1970 1964 2150 2022 laicis».
2173 1964 2261 2022 De
2293 1965 2601 2023 animabus
2630 1968 2818 2023 exutis
2846 1984 2885 2023 a
2914 1983 3053 2023 cor-

423 2056 600 2113 nate
640 2054 939 2128 professor
970 2053 1329 2111 taurinensis
1366 2050 1444 2133 (fl.
1490 2051 1700 2135 1473),
1752 2053 2015 2128 poribus,
2052 2072 2095 2111 s.
2133 2055 2167 2110 1.
2204 2049 2678 2134 (Nor-imbergae)
2711 2060 2771 2112 et
2803 2076 2870 2121 aa,
2907 2051 3040 2135 (Er-

422 2145 593 2219 cujus
613 2144 757 2217 disp.
793 2143 863 2201 de
891 2145 1092 2200 usuris
1124 2146 1284 2201 extat
1316 2142 1379 2201 in
1399 2148 1567 2202 tract.
1601 2162 1702 2205 un.
1761 2141 1979 2200 l'ordiae
2001 2160 2046 2200 c.
2078 2137 2305 2222 1463);
2340 2142 2571 2219 Lipsiae
2600 2152 2782 2211 1496,
2808 2142 3040 2218 saepius

415 2233 572 2307 juris
634 2231 760 2299 VII,
818 2242 894 2293 50
966 2265 1041 2274 -
1106 2232 1567 2291 Franciscus
1630 2233 1701 2291 de
1758 2229 1833 2288 ob
1865 2249 2033 2290 suam
2079 2231 2404 2290 utilitatem
2453 2232 2667 2301 editus,
2719 2231 2900 2290 etiam
2933 2231 3047 2290 hac

421 2322 711 2380 Platea.
738 2316 986 2401 (Piazza)
1034 2321 1096 2378 O.
1131 2322 1267 2380 Min.
1311 2322 1700 2380 Bononiensis
1759 2318 2169 2396 inscriptione:
2233 2321 2319 2379 De
2378 2321 2847 2396 apparitionibus
2909 2323 3045 2379 ani-

413 2412 570 2486 J'uris
620 2411 936 2483 utriusque
985 2410 1190 2469 doctor
1237 2408 1297 2483 ('†
1337 2407 1550 2492 1460),
1597 2412 1702 2486 qui
1757 2427 1991 2467 marum
2021 2412 2158 2485 post
2189 2410 2411 2467 exitum
2445 2430 2479 2468 a
2510 2410 2857 2486 corporibus
2890 2412 2949 2468 et
2969 2410 3054 2467 ‹le›

420 2501 572 2559 clare
604 2499 890 2557 disseruit
908 2500 977 2556 de
996 2500 1466 2569 restitutionibus,
1500 2501 1700 2558 usuris
1757 2499 2076 2557 earundem
2128 2498 2526 2574 receptaculis.
2581 2499 2916 2577 Burgdorfii
2979 2500 3049 2556 in

421 2593 480 2647 et
512 2588 1230 2657 excommunicationibus,
1265 2593 1341 2646 tr.
1365 2606 1537 2665 saepe
1557 2589 1699 2647 editi
1758 2587 2029 2646 Helvetia
2071 2597 2233 2651 1475
2272 2588 2333 2645 in
2363 2589 2427 2655 f.;
2465 2608 2508 2646 s.
2543 2588 2579 2646 l.
2614 2591 2675 2646 et
2705 2608 2754 2646 a.
2779 2587 3041 2669 (Norim-

419 2678 682 2738 Venetiis
742 2686 937 2741 1472:
1001 2687 1197 2747 1474ς
1257 2687 1449 2744 1477;
1498 2677 1699 2754 Spirae
1755 2675 1969 2752 bergae
2004 2696 2049 2735 c.
2093 2671 2314 2759 1485);
2350 2677 2582 2736 Patavii
2624 2688 2822 2743 1482:
2876 2678 2939 2737 in
2970 2696 3042 2738 eo

428 2776 591 2831 1489
616 2769 721 2825 etc.
757 2801 842 2808 —-
875 2766 966 2824 his
984 2767 1225 2841 inquam
1246 2767 1696 2842 praetermissis
1758 2766 2075 2841 respondet
2105 2767 2285 2825 etiam
2319 2787 2391 2842 q.‚
2440 2787 2583 2825 num
2629 2767 2859 2826 animae
2903 2771 3049 2843 post

419 2857 661 2933 speciali
676 2855 975 2914 mentione
991 2856 1211 2931 dignus
1243 2859 1332 2914 est
1362 2856 1402 2914 J
1420 2856 1697 2915 acobus
1757 2861 2010 2929 mortem
2044 2859 2380 2932 appareant.
2417 2854 2575 2930 quod
2607 2874 2728 2915 non
2760 2854 3042 2931 impossi-

419 2945 490 3002 de
542 2946 580 3004 J
595 2950 638 3002 ii
652 2948 680 3001 t
696 2962 726 3002 e
745 2964 776 3001 r
792 2944 828 3000 b
846 2963 879 3003 o
895 2963 935 3020 g
950 2946 990 3002 k
1041 2944 1102 3022 (J
1107 2945 1451 3014 unterbork,
1504 2944 1543 3002 J
1546 2946 1697 3004 utir-
1756 2943 1873 3002 bile
1905 2949 2142 3004 censet:
2172 2947 2241 3003 de
2261 2946 2451 3004 valore
2470 2947 2788 3003 missarum
2807 2964 2914 3022 pro
2934 2944 3041 3002 de-

417 3034 565 3092 bock
599 3031 733 3108 etc.)
779 3033 936 3107 quod
984 3041 1074 3091 est
1118 3034 1401 3109 oppidum
1436 3035 1696 3110 patrium
1754 3032 1976 3092 functis
2009 3033 2452 3094 celebratarum.
2487 3052 2529 3092 s.
2564 3035 2602 3091 L
2636 3038 2699 3092 et
2718 3031 3044 3114 a.(1-193)‚

417 3124 480 3180 in
513 3123 760 3197 antiqua
805 3121 1069 3191 Saxonia,
1116 3123 1178 3180 in
1226 3123 1423 3181 seculo
1471 3124 1696 3182 Bene·
1755 3122 1848 3180 cui
1881 3123 1967 3180 ed.
2020 3123 2288 3198 subjecta
2337 3127 2430 3182 est
2480 3123 2569 3181 Jo.
2617 3123 2689 3181 de
2724 3123 3036 3182 Mechlinia

416 3212 680 3270 dictus
715 3210 1053 3270 Stolzenh
1070 3231 1248 3288 agen
1283 3210 1694 3290 appellatusl).
1754 3210 1844 3289 (cf.
1878 3231 1932 3287 p.
1971 3214 2124 3294 889)
2174 3214 2592 3282 determinatio,
2646 3215 2853 3271 utrum
2902 3231 3049 3288 per--

417 3301 610 3359 Natus
644 3303 732 3358 est
764 3318 808 3358 c.
841 3310 995 3364 1381
1038 3301 1386 3377 parentibus
1419 3303 1694 3377 pauperi·
1754 3300 1909 3359 fecta
1940 3301 2045 3359 Dei
2077 3319 2254 3378 opera
2299 3300 2571 3376 impediri
2621 3302 2850 3378 possint
2898 3302 3033 3360 dae-

415 3390 529 3448 bus
562 3389 876 3463 omniaque
920 3408 1234 3466 perpessus
1281 3391 1343 3448 in
1377 3392 1695 3466 juventute
1755 3390 1942 3447 monis
1971 3389 2218 3458 malitia,
2268 3390 2331 3447 in
2376 3409 2495 3466 quo
2527 3390 2563 3447 l.
2610 3391 2805 3450 varios
2846 3391 3035 3467 carpit

414 3479 785 3555 paupertatis
815 3479 1198 3539 incommoda.
1244 3479 1494 3539 Juvenis
1525 3500 1574 3539 a.
1614 3491 1692 3544 20
1752 3478 2006 3548 abusus3
2039 3487 2112 3538 tr.
2145 3480 2214 3537 de
2232 3482 2429 3537 causis
2461 3480 2777 3538 multarum
2802 3483 3034 3555 passio-

411 3570 724 3646 ingressus
741 3574 831 3626 est
849 3568 1114 3628 ordinem
1134 3569 1612 3628 Cisterciensium
1631 3570 1694 3628 in
1750 3585 1910 3640 num,
1942 3568 2257 3643 praecipue
2286 3568 2648 3639 iracundiae,
2684 3572 2744 3626 et
2763 3568 3048 3628 remed-iis-

414 3659 707 3724 coenobio,
760 3659 917 3732 quod
949 3658 1256 3716 dicebatur
1288 3658 1598 3717 Paradisus
1631 3659 1691 3717 in
1751 3656 2089 3715 earundem.
2167 3657 2227 3715 in
2291 3657 2400 3715 Pez
2461 3657 2602 3719 bibl.
2665 3663 2839 3717 ascet.
2902 3657 3031 3727 VII,

414 3748 659 3807 dioecesi
712 3748 1104 3823 posnaniensi.
1184 3747 1272 3804 Ob
1321 3750 1692 3822 praestantes
1754 3754 2133 3810 389-444;
2186 3751 2259 3804 tr.
2312 3748 2382 3804 de
2430 3748 2821 3824 indulqwtiis,
2874 3746 3039 3822 apud·-

412 3837 592 3896 animi
622 3837 791 3894 dotes
823 3837 941 3893 fuit
971 3836 1185 3894 missus
1218 3838 1291 3894 ab
1328 3837 1540 3895 abbate
1558 3837 1691 3895 Cra·
1750 3834 1948 3892 Walch
1979 3835 2236 3895 Monuni.
2269 3836 2495 3894 inedita
2514 3836 2687 3893 medii
2708 3836 2835 3895 aevi
2856 3836 3041 3894 Goet-

412 3927 655 3994 coviam,
702 3926 805 3984 ubi
853 3928 973 3982 tam
1019 3925 1081 3983 in
1112 3926 1483 4001 philosophia
1513 3945 1690 4001 quam
1747 3923 1950 3998 tingae
1992 3935 2157 3987 1764
2191 3924 2264 3992 Π,
2304 3934 2358 3992 2.
2390 3933 2509 3987 163
2536 3945 2625 3992 ss..
2660 3925 2719 3981 in
2742 3943 2861 3999 quo
2882 3923 3030 3981 bene

411 4016 472 4072 in
518 4016 814 4091 theologia
858 4015 1122 4072 lauream
1170 4013 1507 4073 doctoratus
1553 4034 1690 4090 pro·
1748 4016 1807 4070 et
1856 4021 2143 4082 accurate,
2196 4015 2355 4088 quod
2406 4013 2736 4073 doctrinam
2787 4013 2859 4071 de
2906 4012 3029 4071 illis

411 4103 631 4162 meruit
682 4107 861 4178 atque
912 4104 974 4160 in
1018 4103 1316 4162 academia
1359 4105 1690 4180 theologiae
1748 4106 1991 4177 spectat,
2028 4100 2341 4182 disseritss).
2393 4103 2583 4161 Multa
2616 4102 2842 4178 scripta
2874 4102 3035 4178 ejus-

411 4194 688 4251 lectorem
724 4196 784 4249 et
816 4192 1280 4251 concionatorem
1304 4194 1441 4270 egit.
1477 4196 1690 4252 Amore

407 4281 706 4359 rigidioris
753 4281 1093 4358 disciplinae
1143 4283 1385 4341 transiit
1437 4283 1508 4340 ad
1556 4283 1687 4340 Car·
1782 4308 1786 4313 ·

408 4372 714 4429 thusianos
747 4374 927 4446 atque
947 4371 1008 4429 in
1031 4372 1329 4431 academia
1348 4372 1689 4430 erfordiensi

1826 4352 1860 4398 ¹⁸»
1894 4345 2095 4405 Bened,
2125 4345 2372 4415 Tromby
2386 4345 2572 4400 Storia
2594 4345 3042 4404 critico-cronol.

1747 4435 1776 4468 e
1804 4416 2038 4487 diplom.
2087 4416 2179 4470 del
2207 4417 2489 4487 patriarca
2515 4436 2557 4474 e.
2585 4417 2852 4471 Brunone
2879 4435 2907 4470 e
2935 4417 3039 4471 del.

1746 4505 1847 4541 suo
1876 4487 2072 4543 ordine
2101 4488 2451 4552 Oai-tuniano,
2480 4488 2723 4558 Neapoli
2747 4494 2903 4547 1773.
2923 4488 2998 4542 VI
3016 4509 3038 4548 z·

489 4565 525 4632 Ι)
557 4558 872 4630 Multiplici
903 4560 1131 4613 nomine
1161 4559 1222 4613 in
1249 4560 1409 4614 codd.
1433 4559 1687 4628 designa-
1748 4561 1849 4614 Pez
1896 4559 2156 4616 biblioth.
2200 4578 2311 4613 asc.
2355 4563 2395 4615 t.
2443 4566 2471 4617 7
2494 4581 2504 4619 ;
2551 4560 2783 4614 Kellner
2833 4560 3027 4614 Theol.

408 4634 503 4686 tur
547 4631 668 4687 scil.
716 4631 886 4686 ctiam
934 4633 1050 4688 Jac.
1112 4631 1181 4685 de
1231 4630 1408 4685 Polo
1428 4631 1567 4694 nia,
1619 4632 1688 4684 de
1747 4631 1986 4696 Qtlschr.
2017 4637 2153 4688 1866
2184 4649 2237 4700 p.
2266 4637 2369 4688 322
2399 4650 2498 4690 ss.:
2543 4632 2738 4686 Kessel
2765 4632 2877 4685 KL.
2907 4633 3026 4694 11'12,

408 4703 790 4768 Paradiso,
882 4702 1444 4758 Cisterciensis.
1533 4705 1688 4757 Car·
1746 4708 1884 4760 1166
1912 4721 2009 4761 ss.;
2040 4702 2229 4757 Oudin
2262 4704 2352 4768 ΙΙΙ,
2378 4709 2536 4761 2647.

408 4779 433 4829 t
448 4777 484 4829 h
503 4794 540 4829 u
559 4779 668 4829 sia
685 4794 723 4828 n
743 4795 779 4828 u
797 4793 838 4830 a.
868 4775 936 4828 de
965 4774 1005 4829 C
1023 4775 1041 4827 l
1061 4794 1096 4828 u
1116 4792 1140 4827 s
1157 4792 1205 4834 a,
1234 4773 1386 4826 unde
1415 4774 1549 4826 data
1577 4774 1690 4827 fuit
1820 4781 1860 4846 2)
1888 4773 2126 4827 Janssen
2156 4775 2353 4828 Gesch.
2372 4775 2469 4829 des
2485 4775 2796 4829 deutschen
2813 4773 3026 4828 Volkes

407 4848 625 4901 occasio
656 4845 1066 4915 bibliographis
1111 4862 1242 4898 eum
1288 4844 1685 4914 distinguendi
1746 4847 1785 4907 I,
1814 4850 1883 4902 56
1910 4862 1959 4898 a.
1989 4845 2073 4899 ed.
2104 4849 2203 4902 18:
2230 4845 2308 4898 Zu
2337 4846 2446 4899 den
2477 4846 2841 4912 wichtigsten
2869 4843 3027 4896 Wer-

406 4937 504 4972 seu
532 4919 828 4973 dividendi
856 4920 916 4971 in
945 4917 1135 4988 plures
1163 4919 1437 4970 auctores
1745 4917 1854 4969 ken
1884 4916 2127 4970 dariiber
2153 4918 2243 4986 (de
2269 4916 2670 4988 indulgentiis)
2698 4917 2900 4986 gehbrt
2926 4916 3031 4969 das
