3475 5364
529 355 650 406 847
767 342 1136 394 1426-1450.
1167 336 1308 390 Hist.
1336 337 1466 396 eccl,
1494 340 1639 407 part.
1667 336 2077 407 Walsingham,
2108 338 2433 394 Lindwood.
2452 338 2554 392 Jac
2569 338 2638 391 de
2654 338 2775 393 Sus.
2794 343 2897 391 etc.

3009 355 3134 410 848

524 522 804 581 coenobio
838 541 882 580 s.
916 521 1144 591 Albani,
1192 527 1396 581 cantor
1441 529 1500 581 et
1546 524 1803 598 scriptu·
1861 524 2155 582 Bruxellis
2209 533 2361 586 1861
2419 542 2475 581 ιι.
2518 534 2611 585 10.
2659 528 2722 582 et
2752 524 3018 582 seorsim.
3052 558 3135 568 --
3236 530 3243 536 '

525 612 737 678 rarius,
772 616 978 669 auctor
1022 616 1110 669 est
1154 611 1433 671 historiae
1465 612 1803 689 anglicanae
1858 613 1897 670 J
1913 608 2257 690 acobus¹)
2319 612 2391 669 de
2469 613 2751 672 Susato
2829 610 3001 693 (alias
3064 613 3139 671 de

525 700 649 758 sive
663 701 939 758 historiae
956 698 1200 775 Anqliae
1215 700 1408 760 brevis
1425 702 1499 760 ab
1524 722 1572 760 a.
1604 713 1625 764 1
1643 711 1676 763 2
1691 714 1720 761 ἰ·
1734 711 1767 762 2
1779 735 1797 746 -

535 797 717 856 1422,
771 808 944 863 quam
980 789 1293 848 ediderunt
1341 791 1545 848 Matth.
1581 792 1805 849 Parker

527 874 687 958 (cum
742 879 1056 937 Asserio
1105 878 1486 960 Menevensi)‚
1553 880 1801 940 Londini

533 977 694 1030 1574
729 967 793 1024 1ιι
821 966 859 1024 f.
894 967 979 1025 ed.
1012 986 1132 1027 non
1165 973 1455 1037 accurata,
1503 970 1603 1027 sed
1635 989 1801 1037 rara3

524 1056 675 1114 Guil.
710 1056 1003 1116 cambden
1034 1057 1192 1116 inter
1211 1059 1459 1135 anglica,
1485 1058 1799 1128 hibernica,

523 1144 815 1204 cambrica
859 1165 893 1203 a
934 1147 1236 1205 veteribus
1281 1148 1512 1223 scripta.
1547 1149 1801 1208 Franco·

522 1234 668 1292 furti
711 1244 873 1297 1603
911 1254 964 1309 p.
1003 1245 1341 1305 43--108ς
1391 1237 1458 1294 Η.
1494 1237 1596 1295 Th.
1631 1239 1800 1313 Riley

521 1323 586 1381 in
603 1323 885 1382 Chronica
915 1325 1259 1383 monasterii
1276 1345 1317 1383 s.
1339 1327 1554 1385 Albani
1573 1327 1625 1401 (1
1645 1337 1801 1389 349-

531 1407 740 1490 1411),
776 1412 1028 1472 Londini
1071 1425 1249 1477 1863.
1294 1424 1456 1478 1864
1491 1420 1534 1473 t.
1575 1424 1607 1477 2
1645 1417 1803 1474 inter

521 1520 630 1559 rer.
667 1502 802 1560 brit.
840 1523 912 1559 m.
960 1503 1088 1560 aevi
1122 1507 1215 1564 SS.
1252 1523 1306 1561 n.
1347 1513 1442 1565 28.
1493 1506 1668 1563 Gesta
1701 1506 1799 1563 ab·

521 1591 717 1649 batum
747 1592 1082 1650 monasterii
1118 1611 1161 1650 s.
1200 1593 1411 1651 Albani
1445 1597 1486 1651 t.
1529 1606 1559 1653 :3
1613 1594 1714 1674 (ab
1751 1615 1799 1653 a.

526 1681 1496 1750 792-1411‚ib1867—1869‚
1547 1685 1799 1759 Ypodiq-

524 1788 620 1826 ma
653 1769 980 1844 Neustriae,
1018 1770 1102 1827 ed.
1127 1771 1312 1846 lissay,
1346 1772 1423 1828 ib.
1460 1781 1637 1836 1876.
1675 1772 1800 1830 Ηιι-

511 1859 614 1933 jus
644 1863 845 1918 tamen
878 1877 968 1933 op.
1003 1859 1342 1934 genuinitas
1376 1865 1465 1919 est
1498 1862 1801 1919 dubia.—

520 1947 960 2006 Guilelmus
991 1948 1508 2009 Lindwoodus
1544 1945 1800 2030 (deLin—

520 2030 810 2102 dewoode‚
846 2036 917 2095 de
937 2037 1088 2096 'Pilio
1122 2057 1376 2096 nemore.
1398 2035 1798 2118 Lindenwal·l)

521 2125 770 2201 Anglus3
839 2125 1017 2201 juria,
1097 2128 1344 2184 maxime
1406 2129 1797 2197 ecclesiastici,

521 2214 732 2288 peritia
765 2215 1017 2273 Henrico
1051 2214 1114 2272 V.
1150 2221 1210 2274 et
1231 2215 1325 2274 VI.
1360 2217 1610 2294 Angliae
1642 2218 1801 2294 regi-

519 2304 632 2361 bus
666 2308 960 2380 acceptus,
995 2304 1069 2361 ab
1102 2324 1150 2366 a.
1194 2315 1535 2368 1435—46
1573 2308 1800 2381 episco-

1860 697 2086 783 Sweve)
2119 701 2447 777 perillustri
2480 705 2792 761 stemmate
2823 709 3000 761 natus
3033 703 3136 760 ha·

1860 791 2055 849 bitum
2088 790 2314 850 ordinis
2349 809 2395 853 s.
2422 791 2712 849 Dominici
2746 793 2805 849 in
2841 797 3139 850 conventu

1862 880 2155 938 susatensi
2216 900 2264 938 a.
2338 890 2499 942 13911
2566 881 2836 955 suscepit.
2915 881 3139 957 Pragae

1862 971 2200 1028 doctoratus
2277 969 2533 1027 lauream
2610 970 2957 1044 promeruit,
3030 971 3139 1028 ubi

1860 1059 2095 1132 scriptis
2142 1062 2203 1117 et
2247 1051 2755 1134 disputationibus
2792 1059 3138 1117 Husitarum

1860 1148 2159 1206 erroribus
2192 1167 2253 1205 se
2287 1148 2583 1223 opposuit.
2619 1147 2834 1206 Ver-um
2859 1166 2994 1206 cum
3008 1149 3140 1206 aliis

1859 1237 2154 1313 germanis
2186 1238 2335 1295 urbe
2369 1237 2572 1295 cedere
2593 1241 2681 1295 est
2703 1241 2963 1295 coactus:
2999 1237 3139 1294 hinc

1860 1326 2159 1385 Coloniam
2193 1344 2254 1384 se
2287 1326 2554 1386 contulit.
2606 1326 2710 1384 ubi
2740 1326 2924 1384 studii
2958 1345 3137 1402 gene·

1858 1416 2001 1473 ralis
2020 1418 2319 1491 regentem
2339 1416 2464 1491 egit
2478 1418 2540 1473 et
2555 1416 2781 1473 electus
2801 1419 2893 1473 est
2908 1414 2963 1495 (l
2982 1426 3018 1477 4
3039 1431 3052 1475 1
3073 1412 3136 1494 7)

1862 1504 2160 1563 facultatis
2207 1505 2572 1580 theologicae
2616 1503 2902 1562 decanus:
2954 1503 3137 1563 deno·

1859 1595 2122 1652 minatus
2154 1599 2359 1669 postea
2388 1593 2713 1669 inquisitor
2732 1612 2835 1667 per
2853 1593 3140 1651 ditionem

1859 1683 2273 1750 coloniensem,
2327 1687 2388 1740 et
2428 1682 2724 1741 dioeceses
2770 1681 3136 1741 bremensem

1858 1775 1918 1829 et
1963 1772 2481 1848 paderbonensem.
2530 1772 2980 1846 Archiepiscopo
3043 1789 3137 1830 co-

1862 1862 2107 1919 loniensi
2154 1861 2511 1919 Theodorico
2558 1861 2630 1919 de
2678 1862 2900 1920 Moersa
2947 1864 3075 1918 erat
3105 1880 3140 1918 a

1859 1950 2326 2010 confessionibus
2358 1955 2419 2008 et
2451 1970 2483 2007 a
2516 1950 2776 2008 consiliis
2823 1945 2883 2030 (†
2925 1945 3136 2026 1440).

1862 2039 2121 2099 Plurima
2149 2039 2397 2114 reliquit
2427 2041 2661 2114 scripta,
2710 2047 2781 2097 ut
2821 2037 3139 2098 chronicon

1863 2129 1922 2187 V.
1958 2129 2038 2190 T..
2072 2129 2493 2187 commentaria
2525 2128 2584 2186 in
2619 2129 2681 2185 ll.
2716 2129 3050 2203 Sapientiae
3079 2131 3141 2185 et

1860 2217 2277 2286 Ecclesiastici,
2296 2219 2357 2275 in
2372 2218 2758 2294 Evangelium
2782 2236 2823 2275 s.
2841 2217 3137 2286 Matthaei,

1858 2307 1922 2365 in
1954 2326 2041 2382 ep.
2074 2306 2146 2366 ad
2180 2306 2376 2364 Titum
2425 2310 2485 2364 et
2533 2306 2845 2376 Hebraeos,
2894 2308 2957 2364 in
3005 2315 3043 2368 4
3077 2306 3137 2363 ll.

520 2411 632 2468 pus
664 2394 1053 2460 menevensis,
1089 2395 1328 2470 collegit
1357 2395 1801 2469 illustravitque
1858 2396 2311 2458 sententiarum,
2346 2395 2631 2471 opuscula
2672 2397 2743 2453 de
2788 2395 3138 2472 theologicis

521 2483 877 2540 Provinoiole
923 2483 1048 2540 sive
1081 2485 1538 2543 constitutiones
1577 2486 1800 2544 archia·
1859 2485 2309 2559 quaestionibus
2358 2485 2503 2543 varii
2549 2485 2905 2560 argumenti,
2955 2485 3139 2543 histo—

518 2572 897 2646 piscoporum
975 2573 1476 2631 cantuariensium
1556 2574 1687 2631 xlv
1769 2594 1801 2631 a
1858 2575 1992 2643 rica,
2029 2575 2187 2633 inter
2218 2594 2368 2649 quae
2400 2575 2729 2633 chronicam
2774 2574 3015 2634 brevem
3048 2592 3138 2631 re-

520 2661 718 2736 Steph.
771 2659 1078 2738 Langtono
1144 2660 1214 2719 ad
1267 2661 1444 2721 Henr.
1492 2662 1799 2741 Chicheley
1857 2682 1994 2723 rum
2023 2671 2318 2741 qestarum
2368 2664 2595 2722 ordinis
2644 2662 2716 2720 ab
2749 2662 2920 2723 initio
2968 2661 3043 2727 ad
3088 2681 3138 2721 a.

521 2746 581 2831 (†
620 2745 813 2830 1443)
848 2749 905 2808 ll.
945 2761 998 2815 5,
1043 2769 1196 2824 quae
1244 2752 1509 2826 prodiere
1555 2753 1799 2811 Parisiis
1866 2763 2053 2822 1415,
2098 2773 2274 2829 quam
2308 2754 2371 2811 in
2402 2752 2813 2828 compendium
2845 2753 3142 2811 contraxit

528 2846 689 2902 1505
728 2839 791 2897 in
813 2838 848 2896 f.
883 2838 969 2897 ed.
1006 2846 1292 2903 accurata,
1329 2841 1428 2898 sed
1450 2861 1611 2911 rara3
1644 2843 1797 2901 Lon·
1858 2843 1988 2900 Alb.
2023 2842 2395 2901 castellanus
2431 2843 2494 2899 Ο.
2532 2842 2620 2899 Pr.
2655 2840 2753 2920 (de
2785 2861 2904 2917 quo
2939 2837 3136 2921 infra).

520 2927 646 2985 dini
690 2937 847 2989 1557
868 2949 879 2993 ;
932 2927 1140 2986 Oxonii
1185 2939 1344 2991 1579
1381 2930 1441 2987 in
1473 2930 1510 2987 f.
1559 2935 1621 2988 et
1665 2949 1798 2989 cum
1862 2932 1939 2989 Ea
1971 2931 2193 3005 prodiit
2222 2932 2284 2988 in
2318 2932 2579 2990 Martene
2611 2934 2725 2988 vet.
2760 2930 2857 2988 SS.
2892 2930 3015 2989 coll.
3041 2930 3135 2997 VI,

521 3016 1005 3075 annotationibus
1040 3024 1285 3075 curante
1306 3018 1444 3077 Rob.
1480 3019 1800 3079 Sharrokio
1862 3029 2207 3083 :344—396
2260 3020 2545 3095 inscripta
2592 3021 2773 3077 Breve
2833 3021 3136 3079 chronicon

532 3115 709 3168 1663.
743 3138 829 3147 -
863 3106 1137 3163 Petrus
1171 3108 1459 3166 Cochon
1494 3109 1802 3183 presbyter
1854 3110 2274 3186 magistrorum
2338 3110 2704 3185 generalium
2766 3113 2827 3168 et
2880 3109 3140 3168 virorum

520 3200 580 3253 et
630 3193 902 3252 notarius
955 3196 1312 3270 apostolicus
1365 3197 1674 3274 Rotomagi
1710 3195 1795 3279 (fl.
1858 3198 2186 3257 illustrium
2219 3199 2281 3256 O.
2317 3197 2538 3267 Praeck,
2594 3202 2655 3257 et
2701 3199 2968 3272 subjecta
2999 3217 3137 3258 con-

531 3279 720 3363 1430)
753 3283 997 3358 reliquit
1033 3285 1355 3361 Chi-ornique
1387 3288 1706 3345 normande
1726 3287 1797 3345 ad
1856 3288 2276 3347 stitutionibus
2309 3287 2552 3355 ordinis,
2606 3306 2756 3361 quae
2787 3286 3138 3363 prodierunt

519 3395 568 3435 a.
609 3382 794 3441 1430,
843 3372 1001 3447 quod
1046 3374 1303 3448 primum
1351 3375 1537 3433 edidit
1583 3377 1679 3435 ch.
1726 3377 1799 3435 de
1860 3375 2122 3435 Venetiis
2167 3388 2346 3439 1504.
2396 3375 2604 3435 Plures
2634 3376 2772 3434 dein
2805 3378 2935 3449 ejus
2968 3377 3136 3435 chro-

519 3461 814 3521 Robillard
878 3461 949 3519 de
1010 3464 1417 3539 Beaurepaire,
1493 3465 1797 3541 Rotomagi
1855 3466 2051 3524 nicam
2084 3466 2177 3524 vel
2211 3469 2657 3534 contraxerunt,
2693 3466 2785 3523 vel
2816 3465 3139 3541 interpola·

529 3561 688 3614 1870
725 3551 787 3609 in
822 3561 875 3613 8.
921 3586 991 3595 -
1031 3552 1371 3611 Joannes
1417 3554 1488 3611 de
1536 3555 1797 3612 Stave-
1857 3559 2020 3624 runt,
2054 3555 2149 3612 vel
2182 3556 2611 3614 continuarunt
2644 3572 2833 3629 usque
2865 3553 2938 3613 ad
2970 3564 3136 3618 1680

519 3641 633 3700 lot
696 3639 1110 3719 (Stabulanus)
1164 3642 1320 3700 OSB.
1400 3644 1459 3700 in
1517 3644 1796 3702 coenobio
1857 3644 1920 3701 in
1972 3644 2059 3701 ed.
2111 3644 2615 3703 constitutionum
2676 3654 2852 3711 1690,
2894 3642 3137 3711 ,foedis‚

517 3750 558 3787 s,
577 3729 880 3790 Laurentii
891 3732 1065 3804 juxta
1081 3750 1279 3789 muros
1298 3733 1462 3790 urbis
1482 3732 1797 3791 leodiensis
1855 3736 1926 3790 ut
1961 3753 2165 3791 verum
2212 3732 2413 3801 fatear,
2464 3732 3031 3792 hallucinationibus
3064 3734 3138 3792 ad

516 3814 579 3901 (†
639 3816 824 3899 1449)
873 3821 1251 3878 continuavit
1300 3818 1794 3901 (1400-144u)
1858 3823 2140 3897 antiquas
2173 3826 2233 3881 et
2265 3823 2597 3897 primaevas
2630 3822 2845 3880 additis
2892 3840 2998 3881 seu
3043 3826 3138 3898 ty—

523 3909 842 3985 C'lironique
873 3911 952 3966 du
975 3927 1131 3983 pays
1163 3912 1230 3967 de
1252 3910 1438 3987 Lie'ye,
1475 3912 1629 3986 quod
1667 3930 1796 3970 coe·
1856 3930 2066 3985 porum
2085 3910 3139 3986 seuscriptoruminterpolatorumve

517 4003 685 4072 perat
705 3998 742 4055 J
747 4016 963 4056 oannes
1003 4000 1043 4055 1)
1061 4017 1091 4055 e
1110 4016 1136 4055 s
1172 3999 1219 4055 P
1237 4018 1355 4056 rez
1376 3996 1592 4080 (Preis)
1618 4001 1796 4077 vulgo
1856 4001 1948 4058 vel
1968 4000 2422 4058 amanuensium
2445 3997 2746 4077 errore²)‘
2770 4001 3138 4060 maculatam.

517 4087 710 4144 dictus
760 4086 1334 4145 d'Outremeuse
1385 4084 1444 4169 (†
1496 4111 1539 4147 c.
1585 4092 1792 4167 1400),
1856 4088 2181 4148 Chronicon
2213 4091 2610 4165 episcoporum
2640 4091 3046 4150 coloniensium
3066 4090 3138 4147 ad

517 4176 889 4234 continuavit
949 4195 1087 4233 vero
1138 4177 1266 4250 ejus
1315 4177 1526 4235 sodalis
1573 4179 1612 4236 J
1629 4198 1792 4237 oan·
1854 4252 1873 4253 7

517 4284 646 4323 nes
699 4265 1103 4323 Lossensis
1138 4265 1209 4323 ad
1243 4285 1290 4323 a.
1352 4278 1529 4329 1459.
1599 4268 1796 4325 Edidit

519 4354 666 4412 illud
718 4353 955 4412 demum
1009 4354 1113 4411 Ad.
1165 4355 1424 4431 Borgnet
1468 4357 1526 4415 in
1576 4358 1792 4416 Collec-

515 4444 642 4503 tion
703 4444 774 4501 de
837 4444 1187 4519 chroniques
1253 4446 1460 4522 Belges
1524 4447 1791 4505 inediteS.

1932 4338 1965 4391 ¹)
1995 4332 2084 4384 Ab
2110 4348 2175 4385 eo
2198 4333 2283 4384 est
2302 4330 2744 4401 distinguendus
2774 4331 2952 4386 Nico
2972 4332 3039 4389 la
3057 4349 3093 4385 u
3110 4350 3135 4384 s

1851 4403 1920 4456 de
1949 4406 2151 4457 suscito
2180 4402 2398 4455 celeber
2424 4401 2655 4483 theolog
2657 4401 2744 4456 iae
2772 4403 2985 4469 doctor,
3013 4419 3134 4456 aca-

1852 4474 2070 4527 demiae
2098 4473 2573 4543 heidelbergensis
2586 4474 2774 4538 decus,
2795 4491 2829 4527 a
2850 4444 3137 4528 Ludbvico

1853 4545 2031 4598 Rheni
2084 4544 2341 4615 palatino
2402 4546 2474 4599 ad
2525 4516 2830 4600 concilium
2881 4547 3141 4601 constan·

1852 4616 2030 4670 tiense
2058 4616 2279 4679 missus,
2308 4634 2458 4670 unus
2479 4633 2541 4671 ex
2561 4616 2901 4672 electoribus
2925 4632 3140 4686 germa-

515 4692 561 4769 (t
590 4692 762 4751 1310,
793 4690 957 4757 cujus
984 4687 1166 4741 multa
1211 4690 1597 4740 memorantur
1624 4704 1795 4756 opera
1851 4689 2011 4743 nicae
2040 4688 2289 4745 nationis
2317 4689 2703 4744 cardinalibus
2730 4688 2887 4758 adju
2894 4687 3017 4742 ictis
3035 4706 3138 4761 pro

515 4760 746 4823 inedita,
795 4762 861 4813 ut
905 4759 1308 4813 commentaria
1350 4758 1410 4810 in
1453 4757 1794 4813 Ecclesiasti-
1853 4759 2119 4841 eligendo
2149 4777 2295 4814 novo
2324 4760 2607 4829 pontifice.
2658 4760 2918 4831 Reliquit
2945 4776 3139 4829 quaes·

515 4850 660 4891 cum,
689 4830 1193 4885 determinationes
1237 4848 1278 4885 s.
1308 4830 1653 4897 scriptume
1681 4831 1794 4883 elu-
1854 4832 2036 4885 tiones
2065 4832 2122 4884 in
2152 4832 2563 4891 sententiarum
2592 4832 2781 4887 libros,

515 4902 827 4957 cidationes
858 4904 891 4957 1.
921 4908 969 4957 1.
1001 4901 1412 4954 sententiarum
1440 4922 1468 4951 ε
1476 4904 1543 4956 tc.
1928 4912 1966 4957 ⁹¹
1998 4904 2080 4957 Cf.
2109 4904 2367 4967 Quetifl
2397 4909 2516 4960 774.
