3475 5364
552 369 675 421 8:35
1017 355 1387 407 1426—1450.
1417 350 1667 405 Historia
1691 353 1883 407 eccles.
1915 352 2157 416 Brando,
2187 350 2567 422 Engelhusius
2594 352 2697 406 ete.
3044 368 3170 420 836

551 536 638 595 ed.
673 537 748 594 ob
780 535 1076 594 defectum
1128 536 1475 613 diligentiae
1506 542 1567 596 et
1597 555 1834 596 accura-
1886 537 1949 596 V.
1998 536 2217 596 Mariae
2249 537 2691 595 immaculatam
2726 536 3172 611 conceptionem

551 621 733 684 tionis
766 625 1033 701 graviter
1065 625 1329 700 carpitur
1343 620 1407 704 ¹).
1442 627 1837 686 Continentur
1884 628 2130 702 ejusque
2152 626 2687 701 praesentationem
2720 646 2755 684 a
2782 628 3024 700 peccato
3054 624 3174 683 ori-

552 723 750 773 autem
802 733 869 774 eo
920 733 1094 790 opere
1141 714 1400 788 pretiosa
1461 715 1833 785 documenta,
1883 715 2069 793 ginali
2117 715 2181 774 in
2231 715 2422 791 primo
2474 734 2582 773 suo
2633 715 3015 773 animationis
3077 713 3170 772 in-

551 822 706 878 quae
763 803 857 861 vel
912 802 1272 863 verbotenus
1320 804 1419 863 vel
1478 824 1585 881 per
1646 805 1839 880 capita
1885 804 2087 874 stanti,
2152 804 2311 878 quod
2372 823 2522 879 opus
2585 803 2775 862 edidit
2822 804 3036 861 Petrus
3096 803 3173 861 de

551 892 948 962 adducuntur,
981 892 1275 967 pretiosae
1299 892 1543 969 insuper
1557 894 1834 952 notitiae:
1888 895 2050 963 Alva,
2115 892 2414 951 Bruxellis
2484 902 2669 955 1664.
2743 893 2957 951 Contra
3017 891 3171 951 illud

553 982 753 1040 hausit
796 980 957 1039 enim
1002 982 1177 1056 plene
1222 1000 1292 1039 ex
1337 983 1482 1040 actis
1530 983 1833 1059 originali·
1886 982 2122 1057 scripsit
2184 981 2275 1041 Jo.
2329 982 2401 1040 de
2454 982 3050 1041 Turrecremata
3100 981 3173 1039 de

551 1071 695 1128 bus:
731 1069 951 1145 spiritu
982 1072 1182 1128 tamen
1215 1070 1591 1130 schismatico
1623 1072 1833 1130 adver·
1884 1071 2135 1131 veritate
2166 1071 2570 1146 conceptionis
2602 1067 2697 1152 (cf.
2729 1070 2885 1129 infra
2917 1090 2970 1146 p.
2998 1066 3171 1152 884).

551 1178 653 1217 sus
687 1158 1025 1234 Eugenium
1058 1158 1151 1218 1v.
1198 1162 1290 1217 est
1335 1160 1635 1218 infectum.
1692 1160 1833 1234 Sep—
1885 1160 2020 1219 Zelo
2039 1161 2456 1236 propagandae
2476 1160 2635 1218 inter
2655 1159 3171 1220 Mohammedanos

551 1256 657 1306 tem
705 1249 1069 1325 alleyationes
1119 1245 1445 1328 (oppositas
1475 1249 1730 1308 Joannis
1765 1251 1836 1307 de
1882 1249 2019 1308 fidei
2050 1249 2089 1307 J
2094 1267 2313 1307 oannes
2346 1249 2408 1306 in
2438 1249 2817 1319 monasterio,
2851 1268 2972 1324 quo
2993 1268 3055 1307 se
3074 1249 3171 1308 in·

551 1337 610 1394 M
625 1355 658 1394 o
673 1357 711 1394 n
729 1342 756 1394 t
771 1355 802 1394 e
832 1338 1045 1414 nigro
1066 1337 1494 1396 assertionibus
1514 1339 1582 1396 cf.
1600 1359 1656 1414 p.
1681 1334 1833 1418 820)
1882 1339 2159 1408 cluserat,
2181 1338 2401 1397 vocatis
2419 1338 2570 1414 legis
2586 1338 2854 1397 arabicae
2866 1338 3170 1415 magistris

550 1425 894 1484 et‘totidem
915 1427 1279 1485 avisamenta
1293 1446 1401 1502 pro
1422 1427 1835 1488 informatione
1884 1426 2239 1486 Alcoranum
2288 1427 2351 1485 in
2403 1428 2671 1503 linguam
2703 1445 2822 1485 non
2856 1426 3049 1485 solum
3084 1428 3169 1486 la·

552 1515 659 1572 ΡΡ.
693 1533 849 1574 conc.
882 1515 1226 1573 basileensis
1271 1535 1318 1573 a.
1360 1526 1523 1579 1436
1575 1516 1726 1575 circa
1759 1535 1834 1574 ss.
1882 1516 2085 1584 tinam,
2134 1516 2233 1574 sed
2281 1519 2343 1574 et
2373 1516 2627 1591 patriam
2662 1516 2954 1575 convertit
2982 1522 3044 1575 et
3074 1517 3168 1574 in-

1883 1605 2073 1680 eptias
2089 1605 2219 1681 ejus
2236 1605 2536 1663 refutavit.
2560 1606 2888 1664 Elenchum
2903 1606 3168 1681 capitum

631 1701 898 1827 'imHaner
960 1701 1126 1756 Cone.
1192 1702 1349 1758 basil.
1412 1702 1652 1756 Studien
1717 1704 1830 1757 und
1883 1694 2120 1754 exhibet
2165 1693 2445 1754 Nicolaus
2498 1695 2796 1753 Antonius
2814 1690 2860 1776 ¹)
2910 1695 2973 1753 in
3023 1695 3168 1753 bibl.

552 1774 635 1828 Do
721 1791 793 1828 m.
821 1777 926 1827 etc.
955 1777 994 1828 t.
1024 1774 1062 1837 1,
1090 1773 1190 1828 ubi
1210 1773 1392 1827 fusius
1413 1774 1482 1827 de
1502 1777 1695 1829 nostro
1712 1773 1838 1845 agit
1889 1783 2107 1841 veteris
2140 1783 2290 1858 hisp.
2323 1784 2359 1841 l.
2402 1794 2495 1846 10.
2529 1801 2575 1841 c.
2611 1793 2647 1846 4
2680 1803 2736 1841 n.
2784 1793 2897 1846 195
2932 1802 3004 1842 ss.
3056 1822 3065 1831 ·

550 1849 779 1899 auctore
823 1863 879 1915 p.
926 1849 1152 1908 19-53,
1196 1847 1362 1900 notat
1404 1865 1458 1916 p.
1496 1850 1567 1901 43
1607 1849 1835 1900 annot:

550 1916 696 1981 Alle,
724 1915 818 1969 die
844 1916 895 1983 ie
923 1915 984 1968 in
1011 1916 1110 1970 der
1131 1915 1281 1985 Lage
1324 1934 1528 1979 waren,
1575 1915 1668 1970 die
1696 1918 1832 1970 Aus-

549 1989 694 2058 gabe
721 2005 790 2041 zu
821 1989 1117 2051 benutzen‚
1164 1987 1394 2041 durften
1436 1988 1494 2040 in
1522 1989 1674 2040 ihrer
1701 1987 1833 2040 Ver·
1961 1992 1995 2058 ¹)
2027 1987 2202 2051 Quem
2244 1988 2313 2042 ct'.
2360 1986 2533 2041 etiam
2561 1988 2631 2043 de
2658 1988 2788 2042 aliis
2816 1989 3085 2058 operibus
3112 1994 3170 2043 et

551 2058 886 2129 urtheilung
913 2058 1071 2128 einig
1099 2058 1235 2112 sein.
1430 2092 1437 2100 -
1881 2057 2057 2128 gestis
2082 2078 2140 2114 n.
2166 2064 2269 2115 17⁶2
2297 2076 2396 2118 ss.;
2448 2058 2720 2129 Knopfler
2746 2059 2858 2114 KL.
2888 2061 2982 2126 vl,
3010 2065 3166 2117 1766.

1201 2345 1344 2445 ΙΙΙ.
1412 2346 1858 2465 Historia⁴
1895 2345 2538 2445 ecclesiastica.

1884 2583 2122 2658 Kervyn
2168 2582 2241 2640 de
2286 2583 2666 2642 Lettenhove.
2712 2617 2799 2627 —-
2833 2580 3165 2643 Theodo-

1882 2671 2089 2730 ricus
2151 2671 2225 2730 ab
2272 2671 2780 2748 Engelhusen
2830 2670 3163 2755 (Engelhu-

1883 2756 2030 2842 sius)
2064 2761 2479 2821 Einbeccensis
2511 2780 2577 2820 ex
2613 2762 2899 2840 magistro
2922 2762 3162 2835 artium,

1884 2850 1988 2924 qui
2024 2850 2396 2919 ‚universale‘
2450 2850 2716 2910 studium
2769 2850 2962 2928 primo
3012 2852 3164 2911 inci-

1886 2957 2024 3012 pere
2048 2939 2212 3015 juvit
2242 2939 2546 2999 Erfordiae
2591 2943 2651 2998 et
2682 2941 2744 2999 in
2777 2940 2988 2999 multis
3022 2941 3163 3000 locis

1885 3028 2113 3086 scholas
2156 3029 2328 3098 rexit,
2375 3028 2683 3104 presbyter
2721 3029 3067 3089 monasterii
3097 3030 3163 3089 in

1886 3116 2292 3176 Wittenborch
2326 3113 2386 3199 (†
2424 3128 2475 3181 5.
2511 3119 2642 3194 Maj.
2685 3115 2896 3198 1434),
2939 3120 3161 3196 compi-

1882 3205 2035 3264 lavit
2066 3205 2413 3265 Chronicam
2458 3224 2661 3265 novam
2707 3209 2803 3266 vel
2844 3207 3164 3268 chronicon

1883 3295 2293 3354 chronicorum
2337 3296 2411 3353 ab
2459 3315 2509 3354 0.
2561 3314 2607 3354 c.
2641 3297 2713 3355 ad
2745 3317 2793 3355 a.
2835 3305 3038 3361 14‘20:
3089 3297 3164 3357 de

642 2592 785 2646 415.
819 2582 902 2639 Ex
936 2583 1220 2640 chronicis
1243 2581 1424 2657 hujus
1458 2582 1686 2658 periodi
1717 2581 1822 2639 ali-

546 2678 696 2748 quot
755 2672 1091 2732 nominasse
1142 2670 1416 2730 sufficiet.
1480 2671 1519 2730 J
1534 2690 1728 2730 oann
1749 2689 1825 2729 es

546 2762 847 2820 Brando
895 2760 1131 2824 occist.
1163 2761 1509 2819 monasterii
1538 2760 1826 2819 dunensis

545 2851 607 2908 in
643 2850 916 2908 Flandria
960 2845 1018 2928 (†
1062 2860 1152 2912 13.
1186 2849 1310 2911 Jul.
1350 2846 1545 2930 1428)
1593 2850 1830 2925 collegit

546 2940 1027 2997 chronodromum
1059 2939 1184 2996 sive
1217 2940 1534 2997 chronicon
1579 2956 1646 2998 ac
1691 2957 1825 2997 cur·

548 3047 676 3085 sum
710 3031 1045 3102 temporum
1091 3047 1126 3086 a
1174 3047 1375 3085 rerum
1408 3028 1636 3104 origine
1667 3026 1742 3085 ad
1775 3048 1824 3086 a.

558 3127 756 3185 1414„
808 3116 965 3191 quod
1013 3115 1087 3173 ad
1134 3137 1180 3173 a.
1241 3126 1394 3179 1431
1457 3117 1829 3176 continuavit

545 3206 1031 3264 Bartholomaeus
1055 3205 1127 3263 de
1159 3206 1207 3262 B
1225 3206 1357 3263 eck
1374 3224 1425 3275 a,
1460 3209 1522 3263 et
1538 3205 1826 3282 Aegidius

546 3295 617 3353 de
653 3295 853 3370 Roya
886 3290 1168 3376 (†1478)
1205 3294 1277 3352 ad
1311 3314 1359 3352 a.
1394 3304 1592 3362 1463„
1628 3295 1827 3370 quiet

545 3384 697 3442 illud
716 3384 779 3441 in
796 3383 1213 3458 compendium
1243 3382 1487 3460 redegit.
1523 3384 1648 3443 Hoc
1668 3401 1823 3443 com·
1884 3402 2001 3459 quo
2033 3403 2207 3459 opere
2253 3384 2316 3443 in
2363 3386 2674 3461 proloquio
2707 3386 2946 3444 scribit:
3017 3387 3165 3455 ,Est

543 3473 826 3550 pendium
861 3490 995 3531 cum
1030 3472 1313 3531 Hadriani
1343 3472 1417 3531 de
1449 3473 1496 3531 B
1516 3492 1554 3530 u
1573 3473 1609 3530 d
1628 3476 1656 3530 t
1686 3490 1825 3531 con·
1850 3498 1858 3585 1
1884 3472 2009 3531 scil.
2031 3492 2253 3531 novum
2273 3477 2336 3532 et
2354 3475 2687 3549 antiquum,
2711 3475 2889 3534 breve
2924 3494 3163 3551 quoque

542 3563 876 3621 tinuatione
909 3561 982 3623 ad
1016 3581 1063 3619 a.
1105 3571 1271 3625 1480
1320 3562 1540 3636 prodiit
1570 3563 1821 3621 Franco·
1884 3561 1987 3620 sed
2020 3565 2082 3620 et
2113 3562 2428 3637 prolixum,
2477 3563 2791 3638 antiquum
2825 3565 3072 3624 materia
3101 3569 3164 3623 et

543 3653 688 3710 furti
747 3660 911 3716 1620
963 3651 1027 3708 in
1071 3653 1114 3709 t.
1169 3661 1220 3712 1.
1268 3650 1586 3709 annalium·
1625 3670 1823 3709 rerum
1882 3651 2263 3722 auctoritate,
2297 3670 2519 3710 novum
2552 3671 2690 3710 vero
2725 3653 3160 3728 compilatione,

541 3741 904 3818 belgicarum
921 3738 1000 3822 ¹);
1050 3740 1124 3799 ab
1172 3761 1221 3799 a.
1274 3748 1704 3803 1384—1488
1762 3740 1824 3798 in
1882 3738 2059 3798 breve
2093 3758 2330 3815 quoque
2378 3744 2620 3817 propter
2676 3742 3004 3801 multorum
3037 3742 3162 3801 dic·

543 3830 910 3905 Chroniques
961 3829 1234 3888 relatives
1267 3835 1302 3887 a
1334 3828 1627 3887 l’histoire
1661 3829 1732 3887 de
1766 3829 1827 3887 la
1882 3833 2082 3887 torum
2104 3829 2166 3886 in
2186 3829 2351 3889 brevi
2383 3830 2879 3905 perstrictionem‚
2913 3832 3160 3908 longum

545 3921 832 3996 Belgique
867 3936 1004 3976 sous
1051 3919 1108 3976 la
1139 3917 1511 3977 domination
1544 3918 1646 3977 des
1677 3918 1824 3976 duca
1851 3906 1857 3981 ἷ
1884 3936 2023 3977 vero
2055 3925 2301 3993 propter
2332 3919 2658 3978 immensae
2691 3922 2971 3979 materiae
3003 3921 3161 3979 mul·

542 4009 613 4066 de
670 4010 1019 4083 Bourgogne
1073 4004 1417 4087 (collection
1464 4007 1537 4065 de
1584 4006 1822 4065 Chroni-
1850 3984 1857 4019 ¹
1881 4006 2219 4065 titudinem.
2253 4007 2361 4067 Est
2391 4027 2532 4086 ergo
2563 4008 2872 4068 doctorum
2901 4010 3160 4069 auctori-

541 4116 688 4172 ques
725 4091 980 4175 Belges)‚
1029 4095 1322 4153 Bruxellis
1356 4094 1400 4157 I.
1447 4106 1607 4158 1-7
1625 4107 1697 4159 10
1733 4096 1822 4154 ed.
1880 4099 2022 4165 tate,
2057 4100 2332 4155 nostrum
2351 4101 2549 4155 autem
2572 4098 2700 4157 sola
2717 4086 2982 4174 partium
3001 4099 3162 4157 ordi-

1880 4186 2138 4244 natione.
2156 4193 2183 4223 ‘
2217 4186 2621 4245 Plurimorum
2643 4191 2951 4246 auctorum
2967 4189 3160 4263 operi-

1850 4320 1855 4345 ,
1881 4275 1994 4332 bus
2026 4279 2115 4333 est
2147 4292 2291 4333 usus
2327 4272 2427 4355 (ad
2457 4272 2584 4345 83),
2620 4295 2875 4350 quorum
2907 4277 3162 4336 indicem

540 4413 569 4466 J
616 4346 655 4443 f)
686 4340 782 4423 E.d
800 4358 854 4394 ¹²¹
872 4358 909 4393 ¹¹
926 4357 966 4392 ¹²
983 4340 1019 4393 d
1037 4358 1073 4421 {²
1093 4357 1117 4392 Β
1148 4339 1226 4421 ‚de
1264 4338 1310 4392 D
1327 4357 1362 4407 θ’
1381 4341 1456 4391 ¹¹¹⁵
1471 4356 1500 4419 (ἶ
1517 4357 1561 4402 ¹⁹
1590 4339 1823 4393 Antmffi
1850 4382 1854 4419 τ
1881 4364 2118 4421 exhibet
2144 4364 2481 4423 Leibnitius
2500 4361 2564 4447 ¹),
2598 4372 2660 4424 et
2678 4384 2815 4423 cum
2832 4366 2986 4424 illud
3004 4383 3161 4425 com·

578 4429 777 4466 omnis
823 4413 882 4465 et
910 4411 1165 4480 Phihppi
1205 4410 1573 4481 Burgundiae
1613 4413 1670 4464 et
1699 4410 1853 4465 Bra-1

541 4483 768 4538 bantiae
820 4483 1030 4537 ducum
1082 4482 1434 4547 secretarius,
1485 4482 1650 4535 aulae
1703 4497 1824 4551 per·
1850 4478 1853 4541 ἶ

540 4559 729 4610 taesus
754 4554 924 4609 sacris
951 4558 1035 4607 est
1059 4553 1322 4607 initiatus
1344 4554 1642 4621 factusque
1663 4562 1853 4619 cano-3
1959 4560 1997 4625 ¹)
2025 4554 2230 4624 Script.
2271 4555 2557 4609 brunsvic.
2599 4556 2665 4617 11,
2706 4561 2776 4613 20
2814 4574 2857 4609 s.
2897 4560 2954 4609 et
2992 4573 3054 4610 ex
3096 4574 3162 4611 eo

541 4627 702 4681 nicus
726 4627 798 4681 ad
827 4626 881 4681 d.
911 4625 1062 4679 Petri
1088 4625 1345 4687 Lemnii,
1370 4626 1504 4679 inde
1523 4642 1651 4679 vero
1674 4632 1824 4678 tran·
1848 4622 1853 4691 Ξ
1880 4625 2173 4680 Fabricius
2214 4627 2253 4691 I,
2293 4630 2399 4682 510
2437 4644 2480 4680 s.
2530 4627 2612 4681 Cf.
2655 4627 2819 4696 plura
2860 4628 2928 4682 de
2969 4632 3162 4684 nostro

539 4699 636 4753 siit
678 4698 750 4752 ad
796 4698 1096 4752 canonicos
1141 4714 1256 4767 reg.
1304 4714 1344 4750 s.
1382 4699 1527 4768 Aug.
1572 4700 1618 4766 (ἢ
1647 4701 1823 4765 1448).
1850 4694 1853 4739 1*
1881 4700 2109 4751 auctore
2136 4698 2290 4767 apud
2320 4698 2509 4752 Grube
2536 4698 2667 4752 hist.
2692 4698 2982 4754 Jahrbuch
3005 4703 3163 4757 1882.

539 4772 712 4827 Plura
757 4785 929 4841 opera.
969 4768 1206 4838 reliquit
1245 4769 1316 4821 ad
1361 4768 1651 4823 historiam
1695 4769 1822 4821 Bra·
1848 4742 1853 4811 l
1880 4770 1968 4831 111,
1995 4774 2243 4831 49-66.,
2272 4770 2370 4838 qui
2398 4769 2468 4823 de
2494 4785 2560 4824 eo
2577 4769 2773 4823 scribit
2798 4788 2854 4839 p.
2874 4775 2974 4827 65:
3003 4771 3162 4826 Nach

537 4842 768 4897 bantiae
808 4845 866 4897 et
903 4839 1272 4910 Burgundiae
1311 4839 1645 4909 spectantia,
1688 4857 1823 4907 quo·
1850 4830 1853 4877 l
1881 4841 2007 4892 dem
2044 4839 2260 4894 Urtheil
2286 4841 2470 4895 seiner
2495 4841 2891 4912 Zeitgenossen
2915 4841 3022 4895 soll
3040 4844 3161 4896 sein

538 4934 665 4969 rum
693 4914 968 4969 editiones
995 4913 1065 4967 cf.
1092 4912 1248 4983 apud
1276 4911 1535 4965 Potthast
1563 4929 1614 4979 p.
1642 4915 1763 4967 ,886.
1849 4898 1854 4939 ὅ
1887 4910 2119 4964 Wirken
2139 4912 2217 4975 (in
2234 4912 2333 4967 der
2350 4913 2556 4967 Schule
2574 4912 2692 4966 und
2707 4913 3163 4969 beiderKloster·
