3475 5364
523 341 553 390 7
565 338 641 392 37
1046 323 1415 376 1401—1425.
1442 319 1720 389 Liturgia.
1748 320 2107 389 Radulphus‚
2137 320 2335 374 Petrus
2364 320 2585 383 Amelii,
3007 337 3128 391 738

517 508 732 566 marias
767 507 975 566 Italiae
995 507 1299 566 cathedras
1332 508 1686 583 impleverit,
1722 509 1797 567 ad
1851 513 2055 567 tanum
2123 508 2539 567 Thebanorum
2618 508 3129 583 archiepiscopum

517 596 832 672 praecipua
849 597 1074 655 ordinis
1107 616 1354 656 munera
1373 600 1615 656 vocatus
1647 602 1708 656 et
1734 599 1796 656 in
1854 593 1935 678 (fl.
1970 619 2018 655 a.
2060 594 2272 677 1383).
2306 597 2627 672 Postquam
2658 597 2721 655 in
2756 597 3008 671 patriam
3042 616 3134 654 re-

516 686 798 762 gravibus
831 685 1121 744 Ecclesiae
1165 687 1423 762 negotiis
1469 687 1652 744 fuerit
1691 687 1793 744 ad·
1852 687 1964 745 diit
1994 687 2185 745 factus
2218 691 2308 745 est
2338 686 2595 745 decanus
2629 686 3005 762 tungrensis:
3039 704 3132 743 re—

518 775 762 834 bibitus.
795 769 1084 833 Interfuit
1103 776 1349 833 concilio
1374 776 1579 851 pisano
1612 781 1673 833 et
1692 775 1793 834 de·
1852 795 2057 835 versus
2108 780 2306 834 tamen
2358 783 2451 833 est
2500 777 2718 833 iterum
2766 775 3004 834 Romam
3057 773 3132 833 ad

516 865 719 922 functo
739 863 1000 940 generali
1029 865 1157 939 ejus
1177 864 1364 938 partis
1385 864 1623 935 ordinis,
1644 883 1795 939 quae
1852 865 2211 941 colligendos
2259 870 2486 923 veteres
2528 865 2754 923 codices
2800 864 3132 940 liturgi008‚

517 953 871 1011 adhaerebat
901 953 1118 1011 Joanni
1151 952 1377 1023 XXIII„
1410 954 1537 1029 ipse
1569 955 1795 1012 electus
1851 957 1911 1012 et
1956 972 2091 1016 cum
2136 959 2282 1013 tunc
2328 973 2609 1030 magnum
2656 953 2907 1012 schisma
2938 953 3135 1011 omnia

516 1046 609 1100 est
651 1051 811 1105 1413
848 1041 910 1100 in
941 1042 1225 1101 vicarium
1257 1044 1607 1118 generalem,
1655 1044 1794 1101 dein
1850 1043 2141 1112 turbaret,
2165 1043 2370 1112 multa,
2403 1062 2553 1118 quae
2585 1042 2783 1110 refert,
2818 1042 2947 1118 ipse
2980 1041 3134 1099 vidit

515 1153 563 1190 a.
616 1131 889 1206 sequenti
944 1131 1007 1189 in
1054 1131 1394 1190 ministrum
1440 1133 1792 1208 generalem.
1850 1133 2185 1207 ibidemque
2217 1132 2428 1191 mediis
2473 1133 2538 1190 in
2584 1132 2710 1190 suis
2746 1131 2963 1190 studiis
2995 1130 3134 1188 lite-

515 1219 587 1278 In
606 1219 858 1279 concilio
891 1220 1317 1279 constantiensi
1340 1239 1472 1279 cum
1494 1221 1628 1279 aliis
1653 1222 1795 1280 viris
1849 1222 2022 1280 rariis
2075 1222 2355 1281 occubuit
2407 1231 2458 1284 3.
2508 1221 2653 1279 Nov.
2713 1231 2894 1283 1403.
2975 1220 3132 1278 Haec

514 1309 705 1368 doctis
755 1308 1064 1385 delegatus
1110 1313 1200 1368 est
1245 1310 1349 1384 qui
1395 1328 1630 1369 causam
1664 1310 1792 1369 Hus
1850 1310 1980 1386 ejus
2001 1329 2209 1387 opera:
2247 1310 2662 1369 Calendarium
2682 1310 3132 1368 ecclesiasticum

515 1399 874 1456 examinaret
919 1402 980 1455 et
1009 1398 1114 1473 qui
1159 1399 1507 1475 suffragium
1551 1400 1797 1458 haberet
1850 1400 2092 1458 Lovanii
2136 1410 2297 1462 1568
2334 1399 2421 1458 ed.
2470 1418 2610 1457 cura
2642 1399 2919 1468 Pamelii;
2969 1398 3130 1471 quod

513 1488 574 1545 in
626 1487 900 1564 eligendo
952 1487 1244 1562 pontifice.
1324 1491 1375 1545 A
1427 1489 1679 1547 Martino
1728 1489 1791 1546 V.
1850 1489 2030 1547 etiam
2080 1489 2429 1547 inscribitur
2478 1490 2546 1545 de
2605 1507 2893 1547 canonum
2939 1487 3130 1545 obser·

514 1577 696 1635 etiam
744 1576 942 1652 magni
976 1575 1167 1634 factus
1200 1579 1308 1645 est,
1361 1577 1467 1652 qui
1498 1578 1689 1636 fertur
1720 1577 1793 1636 de
1850 1581 2064 1646 varitia,
2112 1581 2415 1653 receptum
2450 1598 2497 1636 a.
2534 1577 2779 1652 Hittorp
2845 1578 2910 1635 in
2960 1595 3130 1635 suam

514 1685 583 1723 eo
616 1667 775 1723 inter
793 1665 1119 1723 cardinales
1149 1665 1481 1740 recipiendo
1501 1667 1795 1743 cogitasse
1850 1667 2257 1726 collectionem
2337 1668 2407 1726 de
2467 1667 2619 1725 cath.
2686 1666 2977 1725 Ecclesiae
3040 1665 3131 1722 di-

515 1750 577 1834 (†
618 1762 710 1816 17.
746 1754 913 1812 Mart.
954 1750 1165 1834 1425).
1230 1754 1374 1831 Ejus
1406 1756 1791 1832 quadragesi·
1849 1757 2004 1814 vinis
2041 1756 2269 1824 officiis,
2307 1757 2577 1814 Coloniae
2620 1767 2783 1818 1568
2820 1776 2873 1831 p.
2913 1764 3131 1817 529-

515 1843 667 1901 male
712 1844 781 1901 de
804 1843 1181 1916 petitionibus
1211 1847 1443 1903 animae
1474 1845 1587 1902 sub
1620 1846 1793 1902 Leo·
1854 1856 1961 1914 79;
2015 1845 2228 1904 Romae
2289 1855 2446 1908 1591
2505 1864 2559 1920 p.
2618 1853 2952 1914 633—743
3016 1845 3128 1902 Pa-

511 1931 736 1990 nardi
770 1932 1094 1992 deUtino
1126 1933 1363 1991 nomine
1385 1933 1625 1992 videtur
1656 1953 1789 2009 pro·
1848 1935 2012 1993 risiis
2070 1944 2231 1996 1610
2278 1954 2335 2010 p.
2394 1942 2862 2004 1103—-11643
2914 1934 2977 1991 in
3029 1951 3129 1990 va-

513 2021 708 2090 diisse,
744 2021 1021 2098 Lugduni
1062 2032 1222 2084 1518
1265 2022 1325 2080 in
1363 2032 1432 2090 83
1480 2023 1701 2098 pariter
1733 2027 1793 2081 et
1848 2024 1966 2081 rias
1998 2023 2385 2081 bibliothecas
2417 2024 2527 2081 ΡΡ.
2578 2025 2649 2080 ut
2694 2022 3130 2098 lugdunensem

514 2129 810 2168 sermones
845 2110 1384 2186 quadragesimales
1434 2114 1504 2170 de
1545 2108 1793 2190 flayellis
1848 2112 2049 2180 XXVI,
2090 2121 2455 2175 289-320.
2523 2112 2594 2169 In
2639 2131 2707 2170 eo
2754 2111 3131 2170 commendat

507 2207 869 2275 peccatorum
901 2199 1255 2257 festinanter
1287 2201 1553 2258 converti
1583 2202 1789 2259 nolen-
1847 2202 2076 2268 praxim
2107 2201 2397 2259 recitandi
2432 2201 2791 2259 breviarium
2836 2219 2998 2259 more
3031 2217 3127 2258 ro·

512 2290 683 2358 tium,
717 2288 796 2346 ib.
840 2297 1002 2351 1518
1036 2289 1099 2345 in
1123 2298 1176 2352 8.
1202 2323 1282 2331 —
1314 2288 1577 2348 Joannes
1610 2291 1791 2348 Mul·
1847 2310 2020 2349 mano
2067 2310 2173 2349 seu
2220 2294 2419 2348 vetere
2464 2295 2673 2348 contra
2718 2289 3001 2364 quosdam
3037 2308 3128 2346 re-

512 2378 550 2435 b
567 2398 597 2436 e
615 2397 644 2435 r
659 2398 698 2454 g
720 2374 1162 2457 (Muellberger,
1184 2378 1255 2435 de
1278 2379 1634 2456 Maulbourg
1664 2380 1787 2455 opi·
1848 2381 2138 2438 centiores
2172 2374 2410 2460 (fratres
2432 2380 2552 2437 ord.
2576 2374 2762 2460 Min),
2797 2379 2902 2454 qui
2935 2377 3127 2438 varias

514 2467 655 2526 dulo
687 2486 867 2542 prope
887 2467 1182 2525 Basileam
1204 2465 1339 2544 etc.)
1373 2471 1593 2526 sutoris
1611 2468 1789 2538 filine,
1847 2470 2207 2527 induxerant
2226 2469 2652 2527 innovationes
2688 2468 2849 2543 Opus
2869 2473 2962 2527 est
2991 2485 3127 2541 pre-

515 2555 619 2629 qui
651 2559 712 2614 et
743 2555 870 2630 ipse
887 2557 1181 2614 sutrinam
1203 2556 1275 2613 ad
1299 2576 1347 2614 a.
1374 2565 1472 2618 20.
1497 2557 1647 2615 fecit.
1683 2558 1791 2616 Or·
1847 2558 2066 2615 tiosum
2112 2576 2218 2633 pro
2264 2557 2508 2615 historia
2540 2557 2816 2615 breviarii
2859 2559 2919 2616 et
2949 2556 3127 2616 etiam

511 2645 707 2704 dinem
731 2644 1210 2704 Praedicatorum
1243 2645 1551 2722 ingressus
1574 2646 1790 2706 studiis
1848 2647 2144 2725 liturgiae,
2197 2665 2331 2706 cum
2382 2647 2444 2705 in
2491 2647 2704 2706 ultima
2751 2667 2804 2723 p.
2851 2644 3127 2707 exhibeat

513 2736 733 2811 Pragae
766 2735 1012 2793 vaeavit.
1063 2736 1314 2793 Strenue
1348 2734 1574 2794 ordinis
1606 2736 1789 2795 refor-
1846 2737 2086 2795 brevem
2120 2736 2223 2794 sed
2256 2736 2550 2794 eruditam
2584 2736 2927 2794 historicam
2946 2754 3126 2810 expo-

512 2825 824 2883 mationem
872 2823 1179 2897 promovit.
1245 2824 1525 2882 Famosus
1558 2826 1792 2884 exstitit
1848 2826 2125 2884 sitionem
2157 2826 2445 2893 missae1).
2492 2825 2667 2883 Gesta
2697 2825 3027 2902 Enyelberti
3057 2826 3127 2883 de

511 2913 902 2979 concionator,
937 2920 1116 2987 atque
1149 2913 1402 2988 Beginas
1435 2916 1494 2972 et
1525 2915 1786 2991 Beghar-
1847 2915 2073 2977 Marcu.
2107 2915 2199 2973 Jo.
2233 2914 2304 2972 de
2326 2914 2577 2972 Bavaria
2607 2915 2681 2972 ab
2702 2915 2885 2973 Arkel
2916 2919 2977 2972 et
3015 2916 3125 2972 Ar-

511 3003 616 3061 dos
650 3002 957 3060 insecutus
988 3004 1093 3069 est,
1119 3002 1386 3060 Basileae
1419 3004 1786 3077 praesertim,
1845 3004 2011 3062 noldi
2032 3003 2105 3062 ab
2126 3005 2290 3063 Horn
2304 3003 2713 3079 episcoporum
2734 3004 3127 3063 leodiensium

510 3089 669 3149 unde
718 3094 916 3148 tamen
967 3093 1039 3147 ut
1070 3090 1338 3165 Gregorii
1387 3092 1511 3150 XII.
1563 3093 1789 3152 assecla
1848 3093 1911 3150 in
1958 3112 2049 3168 op.
2095 3093 2188 3151 J0.
2222 3093 2633 3167 Chapeauville
2675 3092 2853 3151 Gesta
2884 3092 3125 3169 pontifi-

508 3180 792 3255 expulsus
823 3179 938 3237 fuit
969 3176 1030 3259 (†
1058 3178 1266 3257 1414).
1301 3180 1445 3255 Ejus
1479 3181 1700 3256 scripta
1730 3188 1791 3240 et
1846 3201 1976 3239 cum
2012 3182 2430 3259 tungrensium
2454 3187 2563 3243 etc.
2584 3180 2688 3248 111,
2724 3192 2949 3249 1—-58.
2972 3200 3126 3257 opus

509 3269 815 3328 conciones
862 3268 1119 3327 ineditae
1153 3275 1501 3328 manserunt
1526 3264 1592 3351 l).
1660 3272 1787 3329 Ali·
1843 3271 2191 3346 pretiosum.
2224 3304 2310 3313 -
2345 3272 2626 3329 Petrus
2658 3272 2945 3329 Amelii
2980 3271 3044 3329 Ο.
3067 3270 3126 3335 S.

509 3377 627 3433 qua
658 3378 727 3417 ex
759 3359 889 3433 ejus
923 3358 1159 3433 scriptis
1172 3363 1378 3417 contra
1392 3360 1694 3436 Beguinas
1726 3366 1788 3417 et
1843 3362 1996 3437 Aug.
2029 3360 2101 3419 de
2135 3362 2393 3420 Brenaco
2427 3359 2648 3427 Gallus,
2700 3377 2744 3417 a.
2796 3360 3127 3435 theologiae

507 3446 846 3525 Beghardos
876 3447 1155 3506 exhibent
1187 3448 1257 3504 H.
1292 3448 1496 3524 Haupt
1534 3449 1596 3506 in
1630 3450 1784 3507 Zeit-
1842 3449 2061 3520 doctor,
2097 3450 2318 3509 Urbani
2352 3448 2418 3512 V.
2449 3449 2706 3518 sacrista,
2742 3449 3007 3527 Gregorii
3029 3449 3126 3507 XI.

506 3538 656 3595 scbr.
690 3538 725 3611 f,
760 3538 877 3596 KG.
915 3537 1021 3595 VII
1068 3533 1296 3617 (1885)
1333 3548 1449 3600 511
1507 3557 1583 3596 sa.
1618 3540 1680 3595 et
1712 3539 1783 3595 H.
1840 3539 2333 3613 poenitentiarius
2366 3542 2425 3596 et
2458 3538 2966 3608 bibliothecarius,
2987 3556 3118 3614 pos·

505 3628 568 3685 G.
592 3627 832 3685 Martini
866 3627 1022 3703 apud
1046 3627 1329 3684 Mosheim
1354 3628 1437 3685 De
1457 3617 1785 3703 Beghardis
1840 3633 1937 3685 tea
1969 3627 2399 3703 senogallensis
2454 3627 2783 3702 episcopuS,
2836 3628 3126 3703 archiepi-

503 3720 565 3774 et
594 3716 997 3792 BeguinabuS,
1031 3715 1265 3791 Lipsiae
1298 3727 1459 3778 1790
1480 3737 1614 3793 pag.
1637 3726 1780 3779 554.
1840 3735 2055 3795 scopus
2075 3717 2435 3786 tarentinus,
2470 3721 2599 3775 tum
2617 3716 2955 3791 patriarcha
2985 3736 3123 3793 gra·

502 3841 553 3847 —
574 3806 809 3864 Hadri
830 3825 915 3863 an
935 3822 1018 3862 us
1054 3805 1116 3863 Ο.
1149 3805 1342 3863 Carth.
1377 3805 1437 3863 in
1468 3805 1783 3864 carthusia
1837 3805 2036 3864 densis
2069 3809 2129 3864 et
2160 3806 2576 3864 alexandrinus
2626 3808 2806 3880 atque
2837 3806 3121 3865 ecclesiae

502 3896 695 3953 vicina
744 3895 928 3952 monti
996 3912 1039 3950 s.
1085 3894 1361 3952 Gertrudi
1414 3895 1475 3951 in
1527 3895 1781 3955 confinio
1837 3896 2150 3970 acquensis
2169 3895 2619 3953 administrator
2639 3890 2699 3975 (†
2726 3893 2942 3976 1404),
2965 3914 3122 3953 com-

501 3984 857 4042 Brabantiae
908 3986 969 4039 et
1002 3982 1349 4040 Hollandiae
1400 4001 1445 4040 c.
1501 4002 1548 4041 a.
1614 3994 1777 4048 1410
1838 3980 2098 4063 posuiffl)
2149 3982 2413 4042 ordinem
2447 4001 2758 4044 romanum
2795 3980 2965 4065 (XV.)
3014 4002 3122 4043 seu

503 4072 738 4148 scripsit
787 4073 822 4133 l.
869 4074 938 4129 de
984 4073 1250 4129 remediis
1307 4074 1611 4149 utriusque
1650 4073 1779 4145 for·
1839 4073 1874 4130 l.
1938 4075 2010 4131 de
2070 4075 2443 4132 caeremoniis
2492 4072 2782 4131 Ecclesiae
2842 4091 3123 4131 romanae

501 4170 674 4219 tunae
707 4180 749 4218 s.
785 4180 832 4218 a.
867 4165 926 4219 et
956 4161 995 4218 1.
1028 4154 1099 4241 (c.
1144 4170 1259 4223 147
1273 4169 1305 4221 2
1343 4180 1416 4217 m.
1453 4157 1579 4240 80).
1837 4165 2211 4222 constantem
2258 4181 2334 4220 cc.
2394 4168 2506 4224 167
2558 4166 2620 4219 et
2666 4162 2919 4221 aliorum
2952 4161 3119 4220 addi-

1381 4270 1384 4273 *
1836 4252 2101 4311 tionibus
2132 4252 2580 4328 interpolatum.
2629 4269 2808 4326 quem
2851 4252 3123 4328 vulgavit

593 4350 734 4401 396.
784 4338 855 4397 In
886 4341 1129 4415 lituryia
1160 4340 1525 4399 illustranda
1556 4342 1778 4398 versati
1840 4394 2001 4397 4-

500 4429 723 4529 Suntss
740 4429 825 4488 ad
844 4449 884 4487 Π
901 4429 918 4485 l
936 4448 974 4504 P
993 4429 1029 4485 h
1046 4448 1086 4486 Π
1105 4447 1132 4487 S
1155 4428 1199 4486 Τ
1219 4449 1457 4530 ΠΡΒΥΘ
1475 4449 1514 4487 Π
1533 4431 1593 4488 Sl
1616 4449 1654 4530 S·
1675 4450 1779 4488 ΕΘΗ
1915 4465 1927 4494 ¹
1978 4455 2061 4514 Cf.
2090 4457 2268 4509 Franz
2295 4457 2386 4511 die
2413 4457 2585 4510 Messe
2614 4475 2668 4527 p.
2698 4462 2931 4515 5112-514
2958 4458 3122 4511 Thal-

499 4520 568 4576 de
603 4520 746 4577 Rivo
783 4520 973 4577 Breda
1003 4519 1361 4578 Brabantiae
1393 4519 1540 4577 urbe
1573 4538 1774 4578 oriun-
1834 4528 1908 4583 ho
1937 4545 1996 4581 er
2011 4530 2191 4594 12‚93;
2222 4528 2639 4590 ZeckKL².X‚
2659 4533 2761 4586 732
2781 4552 2792 4588 ς
2815 4528 3120 4585 O.Schmid

497 4608 628 4677 (lug,
664 4609 765 4684 qui
789 4608 1002 4666 Romae
1035 4626 1271 4684 graecas
1307 4608 1511 4666 literas
1532 4609 1775 4667 traden—
1832 4599 1970 4669 aug.
1996 4600 2268 4653 deutsche
2296 4599 2486 4670 Biogr.
2516 4600 2738 4665 XXVII,
2768 4606 2887 4658 153·
2916 4602 3122 4655 secun·

497 4700 609 4755 tem
642 4698 870 4756 audivit
904 4698 1198 4756 Simonem
1244 4699 1774 4773 constantinopoli·
1833 4671 2294 4797 gssffssafflffmer
2338 4672 2536 4727 GeSOh·
2582 4672 2679 4753 5¹²³
2723 4672 2980 4753 Bre.Vie¹'⁶
3010 4672 3121 4754 Issi·

1943 4760 2005 4812 gi
2032 4748 2171 4799 1890
2198 4761 2253 4812 p.
2282 4747 2385 4800 377
2416 4761 2529 4798 non
2558 4760 2676 4799 sine
2695 4747 2878 4815 pretio
2896 4746 2981 4797 est
2996 4761 3121 4813 ejus

515 4824 638 4829 Α
687 4823 810 4828 ’-““
1832 4815 1867 4868 l.
1895 4814 2144 4869 ineditus
2171 4818 2233 4868 de
2251 4819 2511 4883 psalterio
2540 4818 2880 4871 observande.

576 4894 609 4951 ¹)
639 4886 721 4943 Cf.
751 4886 948 4957 Haupt
973 4885 1234 4941 Realenc.
1263 4886 1407 4950 XIII,
1437 4891 1540 4943 566
1566 4904 1609 4941 s.
1906 4890 1946 4957 2)
1975 4886 2055 4942 Cf.
2087 4886 2278 4940 Oudin
2307 4888 2398 4951 111,
2431 4892 2583 4943 1274.
