3475 5364
342 350 503 403 1509

328 520 674 578 sententiae.
707 522 759 577 A
791 519 976 577 Paulo
1010 519 1110 577 111.
1145 518 1366 577 missus
1398 523 1493 577 est
1522 520 1606 577 le·

325 611 502 685 gatus
553 609 625 667 ad
673 609 975 668 Caesarem
1021 611 1083 666 et
1128 627 1331 684 regem
1365 608 1605 667 Galliae

327 698 579 773 Propter
609 717 716 756 sua
744 698 960 756 merita
1009 698 1269 756 celebres
1301 698 1355 756 ei
1383 697 1608 757 infulae

326 787 782 846 destinabantur
810 790 935 844 tam
967 806 1001 844 a
1034 787 1314 861 pontifice
1336 805 1514 861 quam
1534 787 1607 845 ab

324 877 695 952 imperatore,
744 894 892 951 quas
942 878 1145 934 tamen
1176 876 1608 935 modestissime

326 965 641 1035 recusavit,
694 965 813 1023 imo
846 965 1024 1023 etiam
1056 985 1090 1022 a
1122 966 1470 1042 generalatu
1503 965 1607 1024 ab-

327 1054 475 1114 solvi
509 1053 839 1113 humilibus
869 1054 1049 1130 petiit
1065 1054 1256 1113 literis
1274 1054 1339 1112 in
1356 1053 1609 1113 comitiis

326 1144 709 1222 generalibus
743 1163 794 1204 a.
833 1153 858 1204 1
878 1136 995 1206 551
1035 1143 1338 1203 Bononiae
1370 1143 1607 1203 habitis.

326 1233 660 1292 Absolutus
693 1232 952 1307 quietem
984 1232 1282 1307 quaesivit
1311 1233 1376 1292 in
1400 1252 1609 1293 coeno-

326 1322 426 1381 bio
471 1342 514 1381 s.
548 1321 766 1380 Mariae
811 1321 883 1380 de
931 1320 1347 1381 Consolatione
1400 1322 1608 1382 Pausi-

328 1412 511 1489 lyppi,
546 1410 649 1470 sed
681 1429 800 1469 non
831 1410 934 1469 diu
955 1411 1203 1480 invenit,
1238 1430 1376 1469 nam
1408 1432 1441 1469 a
1471 1430 1609 1471 con-

330 1501 562 1560 civibus
622 1503 871 1577 rogatus
935 1499 1294 1577 legationem
1339 1500 1489 1560 obiit
1537 1500 1609 1559 ad

328 1590 602 1649 Carolum
650 1589 715 1651 V.
779 1588 845 1647 in
886 1588 1093 1666 Belgio
1154 1593 1608 1649 commorantem

332 1675 580 1759 (1553),
617 1679 721 1752 qui
753 1695 892 1735 eum
934 1678 1009 1736 ad
1041 1678 1612 1754 archiepiscopatum

329 1768 761 1826 salernitanum
791 1767 1139 1826 nominavit.
1200 1767 1370 1826 Nulli
1400 1787 1609 1845 peper-

329 1856 407 1916 cit
440 1855 628 1915 labori
677 1862 737 1914 et
780 1856 1145 1933 vigilantiae,
1193 1859 1267 1915 nt
1294 1857 1461 1935 gregi
1496 1857 1610 1916 sibi

328 1946 635 2005 commisso
666 1944 991 2021 prodesset.
1027 1947 1077 2003 A
1110 1945 1213 2004 Pio
1243 1944 1340 2004 IV.
1376 1951 1609 2006 creatus

327 2039 420 2093 est
456 2045 552 2098 26.
585 2034 752 2093 Febr.
792 2044 953 2096 1561
995 2034 1308 2092 cardinalis
1331 2039 1392 2093 et
1412 2034 1611 2112 desig-

327 2120 504 2183 natus
550 2125 784 2199 legatus
836 2122 1129 2182 secundus
1177 2123 1251 2181 ad
1298 2142 1455 2182 conc.
1499 2125 1609 2183 tri·

329 2213 641 2270 <lentinum
691 2214 752 2270 et
800 2214 936 2287 post
968 2215 1221 2270 mortem
1266 2213 1418 2270 card.
1454 2213 1607 2273 Gon-

329 2320 504 2376 zagae
517 2297 565 2382 1)
600 2300 781 2375 hujus
804 2300 930 2359 loco
962 2301 1219 2377 primus:
1251 2320 1459 2360 verum
1490 2321 1609 2361 non

329 2389 434 2447 diu
465 2389 739 2466 praefuit,
790 2407 925 2447 nam
970 2390 1232 2466 maligna
1275 2390 1431 2449 febri
1481 2409 1607 2451 cor-

328 2484 537 2553 reptus
602 2489 700 2540 17.
752 2478 918 2536 Mart.
977 2487 1145 2542 1563
1181 2479 1610 2555 'placidissime

329 2567 687 2626 obdormivit
733 2567 798 2625 in
848 2566 1099 2626 Domino
1146 2587 1197 2629 a.
1243 2569 1454 2627 aetatis
1510 2578 1541 2630 7
1562 2582 1607 2632 1.

328 2657 507 2716 Plura
537 2656 786 2731 reliquit
813 2674 990 2733 opera
1020 2675 1239 2734 magna
1277 2659 1610 2735 conscripta

328 2747 638 2823 elegantia,
674 2746 886 2805 solitus
919 2746 1080 2805 enim
1111 2752 1238 2806 erat
1268 2747 1608 2808 Ciceronem

330 2854 561 2911 semper
589 2835 656 2893 in
687 2835 823 2894 sinu
854 2839 1106 2912 gestare.
1169 2838 1334 2896 Inter
1365 2856 1433 2896 ea
1465 2842 1609 2897 sunt

329 2925 750 2984 commentaria
798 2924 863 2983 in
894 2943 1095 2984 omnes
1127 2926 1181 2983 d.
1215 2926 1389 2985 Pauli
1423 2946 1514 3003 ep.
1548 2929 1609 2986 et

328 3017 551 3087 septem
567 3014 893 3084 canonicaS,
928 3033 997 3072 ex
1018 3014 1239 3089 quibus
1261 3016 1610 3091 prodierunt

328 3101 732 3159 commentarii
782 3104 844 3159 in
892 3120 977 3175 eP.
1028 3104 1107 3160 ad
1157 3101 1420 3176 Galatas,
1457 3106 1607 3163 Ant-

328 3190 564 3265 verpiae
602 3199 803 3259 15673
849 3190 1116 3249 venetiis
1173 3202 1368 3262 15693
1414 3196 1478 3251 in
1521 3211 1607 3267 ep.

328 3279 407 3337 ad
469 3279 763 3337 Romanos
812 3274 898 3358 (et
941 3275 1223 3360 Galatas),
1278 3281 1497 3355 quibus
1548 3287 1609 3341 et

328 3368 597 3426 haereses
630 3367 967 3426 doctissime
998 3369 1359 3427 refelluntur
1389 3373 1449 3428 et
1469 3389 1607 3446 apo-

329 3456 470 3514 stoli
520 3474 727 3514 sensus
776 3476 927 3533 pura
975 3458 1273 3534 elegantia
1321 3460 1609 3517 asseritur

328 3563 471 3603 cura
500 3545 618 3603 Fel.
653 3545 888 3604 Milen
907 3564 933 3603 s
952 3545 1036 3616 is,
1072 3547 1176 3622 qui
1207 3551 1267 3605 et
1301 3547 1607 3624 Seripandi

328 3634 511 3692 vitam
531 3634 765 3710 adjecit,
801 3635 1048 3710 Neapoli
1087 3646 1286 3706 1601,
1273 3658 1285 3671 ·
1322 3637 1607 3696 Prediche

1284 331 1648 402 Seripandus,
1678 332 1994 387 Sadoletus.

2778 352 2942 404 1510

1664 537 1842 594 sopra
1892 520 1936 576 il
1967 519 2214 578 Simbolo
2245 520 2393 596 deyli
2422 520 2706 594 Apostoli,
2762 519 2946 591 Vene-

1663 607 1766 666 tiis
1789 617 1990 679 156ι
2013 608 2228 667 Romae
2255 617 2454 678 1585;
2488 610 2556 666 de
2574 616 2701 666 arte
2717 610 2944 679 orandi,

1662 696 1944 774 Lugduni
2015 706 2134 760 167
2146 709 2179 758 ο
2233 697 2295 755 in
2354 705 2450 758 12.
2527 697 2724 774 Longe
2773 699 2949 773 plura

1664 789 2017 845 manserunt
2064 785 2307 857 inedita,
2361 786 2517 846 inter
2562 806 2712 862 quae
2755 787 2950 845 multa

1665 875 1736 933 de
1769 875 2191 934 controversiis
2222 893 2359 934 cum
2392 875 2863 950 protestantibus
2880 871 2945 958 ¹).

1665 965 1984 1024 Memoriae
2047 964 2121 1023 ad
2184 964 2502 1023 concilium
2552 965 2948 1023 tridentinum

1663 1057 2015 1129 spectantes,
2095 1053 2222 1111 scil.
2299 1055 2589 1112 actionum
2664 1056 2839 1112 series
2914 1074 2947 1113 a

1671 1154 1768 1205 19.
1801 1144 1933 1219 Maj.
1974 1151 2292 1206 1545—4.
2325 1142 2494 1200 Febr.
2535 1151 2697 1205 1546
2745 1161 2947 1202 recen-

1663 1232 1805 1290 tiori
1856 1235 2053 1291 aetate
2098 1230 2321 1308 prodiit
2370 1232 2529 1307 apud
2581 1231 2945 1313 Dollinger2)

1665 1320 1730 1378 in
1783 1320 2021 1380 Samml.
2074 1340 2192 1379 von
2239 1321 2383 1378 Urk.
2434 1339 2540 1379 zur
2589 1320 2793 1379 Gesch.
2844 1322 2946 1379 des

1665 1410 1833 1468 Cone.
1884 1428 2003 1469 von
2052 1409 2275 1481 Trient,
2339 1409 2708 1486 Nordlingen
2778 1418 2942 1473 1876

1664 1499 1710 1570 Ι,
1754 1508 2000 1571 1—38;
2035 1501 2096 1557 et
2128 1499 2269 1557 Gen.
2309 1498 2575 1558 Calenzio
2597 1498 2949 1558 Documenti

1664 1588 1878 1647 inediti
1913 1632 1925 1645 .
1960 1632 1971 1645 .
2006 1631 2019 1646 .
2053 1588 2147 1647 sul
2180 1605 2336 1647 conc.
2370 1588 2431 1646 di
2463 1587 2697 1657 Trento,
2731 1589 2948 1647 Romae

1675 1685 1840 1741 1874
1876 1698 1933 1754 p.
1975 1686 2338 1740 151—254.

1759 1865 1905 1917 690.
1937 1854 2283 1914 Jacobus
2316 1853 2733 1914 Sadoletus
2765 1856 2946 1914 Muti-

1664 1944 1870 2027 nensis
1901 1964 1957 2002 n.
1999 1955 2025 2008 1
2042 1953 2096 2005 2.
2117 1945 2156 2002 J
2159 1943 2240 2002 ul.
2281 1952 2399 2007 147
2414 1956 2445 2007 7
2469 1947 2637 2019 patre
2653 1944 2690 2002 J
2695 1963 2745 2003 o.
2765 1943 2945 2004 Sado-

1664 2035 1785 2094 leto
1829 2033 1989 2109 juris
2040 2034 2310 2092 consulto
2360 2032 2594 2103 celebri,
2641 2034 2703 2093 in
2752 2034 2947 2092 literis

1665 2123 1927 2183 classicis
1960 2126 2023 2181 et
2053 2126 2322 2181 veterum
2370 2121 2750 2199 philosophia
2780 2142 2946 2199 egre-

1663 2212 1762 2288 gie
1832 2215 1961 2270 erat
2021 2212 2306 2270 excultus.
2399 2211 2641 2270 Romam
2702 2212 2946 2271 veniens

1663 2305 1911 2377 paterne
1940 2303 2220 2377 exceptus
2251 2303 2345 2359 est
2371 2300 2445 2358 ab
2460 2299 2716 2360 Oliverio
2727 2301 2949 2360 Caraffa

1664 2389 1951 2449 cardinali
2004 2388 2332 2465 optimique
2381 2390 2675 2466 praesulis
2738 2389 2945 2449 contu-

1663 2479 1868 2538 bernio
1917 2496 2082 2537 usus,
2129 2477 2284 2537 Frid.
2316 2478 2556 2556 Fregosi
2602 2479 2943 2537 salernitani

1663 2568 1954 2627 antistitis
1988 2567 2357 2641 aliorumque
2378 2568 2642 2627 virorum
2661 2567 2851 2626 literis
2885 2573 2947 2626 et

1663 2659 1963 2717 virtutum
1988 2656 2298 2732 splendore
2312 2656 2664 2728 illustrium,
2687 2658 2735 2716 B
2748 2676 2780 2716 e
2790 2657 2901 2716 mb
2912 2675 2945 2717 o

1662 2747 1728 2806 in
1742 2747 1962 2823 primis,
1979 2746 2393 2805 iniitfamiliari
2401 2750 2604 2805 tatem.
2618 2749 2668 2805 A
2679 2745 2943 2811 LeoneX.

1663 2836 1999 2896 studiorum
2030 2836 2412 2895 classicorum
2451 2836 2784 2913 largissimo
2815 2837 2944 2895 fau-

1661 2929 1791 2985 tore
1824 2945 1959 2985 cum
1988 2925 2210 2984 Bembo
2222 2921 2272 3006 3)
2321 2924 2382 2984 in
2428 2926 2811 2984 secretarium
2854 2928 2947 2985 est

1739 3116 1779 3184 ¹)
1807 3112 1890 3168 Of.
1929 3111 2092 3166 Ossin
2136 3130 2195 3166 er
2234 3130 2290 3182 p.
2316 3115 2594 3171 836—46:
2646 3112 2946 3168 Lanterius

1662 3184 1731 3248 11,
1759 3187 2039 3243 289-94;
2119 3184 2258 3237 eller
2283 3183 2395 3239 KL.
2424 3183 2519 3244 ΧΙ.
2548 3189 2669 3241 194.
2714 3187 2795 3239 De
2823 3186 2945 3254 ejus

1663 3254 2000 3309 commercio
2030 3254 2320 3324 epistolari
2347 3273 2476 3309 cum
2494 3256 2857 3309 Hoffmeister
2876 3256 2944 3310 cf.

1663 3325 1733 3380 N.
1761 3326 2009 3379 Paulus:
2036 3326 2134 3380 der
2149 3328 2235 3379 Au
2283 3327 2712 3380 nstinermonch
2726 3327 2775 3379 J.
2793 3326 2946 3381 Hoff-

1663 3397 1891 3450 meister
1931 3415 1986 3466 p.
2013 3401 2119 3454 395
2145 3414 2214 3456 ss.
2301 3396 2523 3469 riburgi
2567 3401 2740 3458 1891;
2793 3397 2945 3451 Tira-

1663 3468 1857 3522 boschi
1887 3468 2009 3522 VII.
2038 3486 2093 3537 p.
2121 3473 2172 3524 1.
2200 3469 2236 3522 1.
2262 3472 2311 3527 2,
2339 3485 2383 3523 c.
2412 3474 2462 3524 1.
2489 3488 2544 3523 n.
2570 3473 2641 3526 24
2666 3485 2708 3520 s.

1736 3543 1777 3611 Ξ)
1804 3538 1976 3609 Apud
2017 3539 2259 3592 eundem
2290 3541 2535 3609 reperies
2560 3558 2617 3610 p.
2643 3543 2694 3595 2.
2733 3556 2825 3610 op.
2852 3539 2944 3594 cit.

1661 3626 1795 3736 Ξί-ῗῖῗ
1799 3614 2601 3736 fita530{{'3²'i¹.“2'⁰2?51²nfiss12⁰
2605 3614 2694 3734 ’Ξῖ
2723 3612 2946 3740 {fatti

1661 3755 1904 3808 raccolte
1935 3752 2029 3806 dal
2057 3751 2169 3823 Sig
2198 3752 2430 3823 F111pp0
2457 3753 2514 3806 M
2532 3771 2611 3807 us
2628 3769 2659 3807 o
2680 3754 2798 3816 tti,
2840 3754 2943 3807 che

406 3824 443 3892 ¹)
505 3822 777 3877 Hercules
840 3822 886 3877 G
905 3839 936 3877 0
954 3842 991 3876 ιι
1008 3842 1036 3875 z
1059 3841 1092 3876 a
1109 3842 1147 3894 g
1163 3840 1197 3877 a
1258 3826 1607 3879 Mantuanus
1663 3825 1721 3877 vi
1749 3823 2107 3878 intervienne
2124 3841 2226 3878 con
2245 3825 2282 3877 il
2305 3826 2455 3878 card.
2475 3824 2805 3906 Seripando,
2829 3842 2943 3879 uno

327 3896 404 3965 (n.
431 3898 591 3960 1505)
617 3894 839 3963 generis
856 3893 1158 3963 splendore
1175 3897 1400 3951 clarus
1380 3898 1608 3967 juvenis
1662 3895 1754 3949 dei
1782 3896 1933 3966 Lega

1260 3967 1405 4024 triae
1432 3969 1607 4033 urbis,
1660 3967 1792 4021 bilis
1819 3966 2193 4048 Bononiensis
2233 3966 2294 4020 in
2330 3967 2611 4021 familiam
2639 3966 2944 4021 cardinalis

1238 4041 1319 4093 11.
1349 4057 1608 4109 purpura
1661 4038 1731 4092 de
1760 4038 2095 4109 Lotharingi
2098 4055 2149 4092 a.
2174 4070 2242 4079 —
2270 4037 2402 4092 Mox
2409 4038 2944 4163 XostSeripandum

327 3965 515 4019 adhuc
545 3967 732 4020 factus
756 3969 840 4020 est
866 3967 1094 4037 episcop
1099 3984 1165 4021 us

328 4038 387 4089 et
426 4037 597 4106 paulo
633 4039 764 4106 post
795 4054 830 4091 a
870 3986 1159 4092 Clemente

328 4106 591 4162 donatus.

642 4109 883 4162 santam
935 4109 1277 4178 dignitatem
1330 4110 1605 4176 doctrina,
1662 4108 1907 4163 decessit
1934 4109 1975 4162 F
1991 4127 2018 4163 r
2034 4126 2068 4162 a
2085 4127 2123 4163 n
2140 4110 2199 4163 ci
2218 4128 2242 4163 s
2259 4126 2288 4163 o
2303 4128 2340 4163 u
2357 4128 2382 4163 s

1939 3895 2002 3950 ti.
2030 3895 2150 3950 Hoc
2176 3895 2447 3950 defuncto
2475 3900 2541 3951 tr.-
2546 3895 2707 3950 insiit
2729 3895 2822 3950 hic
2847 3913 2945 3950 no·

2507 4110 2763 4164 Navarra
2802 4127 2944 4180 epis·

328 4178 652 4248 prudentia,
699 4179 979 4261 singulari
1025 4181 1083 4232 in
1134 4183 1302 4235 rebus
1344 4183 1608 4252 gerendis
1663 4197 1840 4249 copus
1880 4181 2142 4252 pacensis
2185 4181 2471 4263 (Badajoz)
2496 4186 2548 4238 4.
2576 4182 2706 4235 Dec.
2734 4186 2939 4238 1546-

326 4249 663 4304 dexteritate
676 4251 1443 4319 virtutibusqueillustravit.
1461 4253 1608 4307 Hinc
1662 4255 1841 4323 1556),
1889 4253 2024 4306 dein
2085 4252 2548 4322 archiepiscopus
2619 4253 2945 4307 valentinus

328 4320 389 4373 in
416 4321 769 4401 gravissimis
793 4321 1089 4376 adhibitus
1130 4323 1246 4378 fuit
1280 4325 1526 4395 negotiis
1551 4328 1610 4380 et
1661 4328 1822 4389 (1556
1852 4357 1913 4365 —
1945 4330 2031 4381 14.
2055 4326 2176 4376 Α*

329 4390 736 4462 legationibus.
764 4393 933 4447 APio
950 4394 1045 4448 [V.
1065 4394 1271 4450 missus
1284 4398 1371 4477 est
1385 4412 1608 4466 praeses
1662 4395 2065 4450 mentatiolum

2149 4327 2396 4395 .1563),
2424 4325 2525 4392 qui
2545 4324 2779 4391 reliquit
2798 4340 2942 4378 com·

2137 4371 2166 4450 e
2192 4395 2359 4449 rebus
2397 4395 2460 4448 in
2499 4395 2742 4449 concilio
2768 4394 2945 4465 gestis

326 4463 400 4515 ad
421 4463 728 4517 concilium
744 4464 1143 4530 tridentinum,
1165 4467 1355 4536 quoin
1373 4485 1606 4523 munere
1663 4467 1844 4521 altera
1872 4484 1919 4537 eJ
1909 4467 2122 4520 usdem
2152 4466 2353 4535 synodi
2380 4467 2613 4536 epocha,
2641 4467 2942 4530 edendum,

328 4534 474 4588 obiit
524 4535 773 4603 piissime
825 4535 1086 4591 Tridenti
1135 4542 1185 4593 2.
1239 4538 1404 4593 Mart.
1470 4542 1608 4596 1563
1661 4542 1729 4591 ut
1754 4555 2063 4608 speramus,
2091 4555 2124 4591 a
2150 4538 2275 4593 Seb.
2303 4537 2604 4592 Merklein
2630 4555 2785 4592 conc.
2812 4538 2942 4592 trid.

327 4622 537 4686 magno
600 4606 858 4660 omnium
921 4608 1113 4663 dolore
1173 4609 1607 4680 illustriumque

1734 4613 1777 4681 3)
1804 4610 2005 4663 Petrus
2055 4609 2100 4662 B
2116 4627 2145 4662 e
2163 4628 2219 4663 m
2237 4610 2272 4661 b
2288 4625 2320 4662 o
2385 4609 2656 4677 patricius
2706 4613 2945 4662 venetus

328 4676 579 4731 virorum
630 4677 902 4732 encomiis
953 4680 1287 4736 celebratus.
1354 4681 1610 4750 Reliquit
1661 4699 1717 4734 n.
1745 4686 1831 4738 20.
1859 4681 1994 4750 Maj.
2021 4686 2161 4738 1470
2199 4680 2259 4734 in
2309 4670 2489 4734 literis
2516 4680 2764 4734 classicis
2790 4696 2943 4751 egre·

326 4752 574 4816 epistolas
600 4751 890 4820 elegantes
932 4756 989 4805 et
1020 4768 1238 4822 graves,
1279 4768 1498 4808 necnon
1524 4753 1609 4807 in·
1661 4752 1752 4822 gie
1798 4752 2116 4817 institutus,
2162 4752 2364 4804 harum
2415 4751 2712 4806 literarum
2753 4752 2943 4805 studio

327 4818 607 4890 signeml
647 4825 793 4876 Vtrae
832 4825 1157 4878 chr-''zstzanae
1194 4829 1471 4880 institutio.
1523 4824 1605 4880 Cf.
1661 4827 1718 4877 et
1745 4824 1906 4878 cultu
1932 4822 2293 4887 clarissimus,
2320 4839 2353 4875 a
2381 4823 2500 4878 stili
2545 4827 2602 4876 et
2641 4823 2808 4876 latini
2836 4839 2944 4876 ser·

331 4889 546 4961 Eggsl.
578 4892 643 4945 V.
673 4911 727 4946 ιι.
755 4897 841 4950 27.

1664 4896 1845 4950 monis
1872 4895 2161 4966 elegantia
2187 4898 2243 4948 et
2261 4894 2443 4949 nitore
2465 4893 2943 4948 celebratissimus

2513 4985 2617 5040 43*
