3475 5364
343 348 506 403 1017

794 327 1004 383 Contra
1027 327 1293 388 Judaeos,
1324 327 1525 381 Petrus
1553 325 1736 396 Nigri,
1766 326 1827 380 P.
1854 327 1924 380 de
1949 324 2159 391 Brutis,
2187 324 2476 381 Morosini.

2784 346 2953 400 1018

339 516 595 576 Huetius
644 516 709 574 in
756 516 793 574 l.
844 516 917 574 de
967 515 1142 575 claris
1191 515 1620 592 interpretibus
1674 514 2091 573 conditionibus
2138 517 2257 573 veri
2290 503 2617 573 Messiae'i.
2651 533 2698 572 e.
2733 514 2957 573 Christi

335 606 525 665 Ficini
585 604 884 664 versiones
945 605 1143 664 minus
1207 608 1510 664 accuratas
1560 607 1620 664 et
1673 603 1767 661 vel
1799 603 1968 662 uncti
2000 623 2069 663 ex
2106 603 2372 662 textibus
2411 603 2698 663 hebraicis
2728 603 2953 662 latino-

337 695 537 755 fideles
572 698 770 754 censet
785 690 851 777 ²).

428 881 573 937 488.
622 874 836 954 Contra
877 872 1137 931 Judaeos
1178 873 1424 948 plurimi
1465 892 1617 949 pug-

336 969 560 1021 narunt
604 962 722 1021 viri
766 962 926 1021 haud
973 962 1344 1025 incelebres..
1379 963 1619 1020 Praeter

337 1052 626 1111 Jacobum
665 1051 905 1121 Feres,
938 1051 1010 1110 de
1044 1069 1162 1125 quo
1183 1052 1335 1110 infra
1353 1069 1616 1128 agemuS,

339 1142 624 1198 Petrus
670 1140 841 1216 Nigri
890 1135 1179 1221 (Niger)
1234 1158 1341 1198 seu
1402 1141 1615 1199 Petrus

341 1229 627 1305 Georgius
649 1225 1053 1310 Schwarz2)
1088 1229 1151 1288 Ο.
1175 1230 1284 1299 Pr.,
1319 1230 1424 1305 qui
1439 1232 1617 1288 natus

342 1321 433 1377 est
462 1319 526 1376 in
575 1318 789 1394 oppido
822 1317 1063 1376 Kaaden
1098 1314 1356 1399 (Kadan)
1408 1319 1471 1376 in
1503 1320 1616 1376 Bo-

341 1408 532 1466 hemia
562 1410 624 1465 et
646 1408 888 1482 juvenis
930 1417 1003 1470 18
1040 1428 1087 1465 a.
1121 1407 1427 1484 ingressus
1460 1406 1617 1467 ordi-

341 1516 473 1555 nem
495 1514 540 1553 s.
555 1495 844 1555 Dominici
866 1495 1188 1555 Eichstadii
1219 1506 1401 1559 1452.
1433 1497 1617 1573 Egre-

339 1585 434 1662 gio
449 1585 652 1644 fructu
663 1585 882 1644 studiis
895 1585 1128 1644 vacavit
1137 1586 1298 1659 Lipsi
1308 1605 1392 1655 ae,
1409 1586 1471 1643 in
1483 1585 1618 1661 qui-

339 1674 453 1733 bus
474 1677 545 1733 ut
556 1675 921 1734 excoleretur
939 1675 1158 1733 missus
1170 1678 1263 1733 est
1271 1675 1617 1734 Bononiam.

344 1764 691 1822 Studiorum
707 1763 1003 1823 curriculo
1023 1764 1297 1822 absoluto
1314 1782 1479 1822 revoc
1487 1767 1620 1822 atus

344 1854 437 1910 est
495 1852 917 1922 Eichstadium,
981 1855 1053 1910 ut
1105 1852 1336 1911 sodales
1385 1852 1620 1911 doceret

342 1940 713 2018 theologiam.
775 1942 1034 2000 Lectoris
1084 1961 1331 2000 munere
1377 1942 1618 2000 functus

343 2033 434 2088 est
464 2034 524 2088 et
555 2030 620 2088 in
649 2030 784 2089 aliis
804 2031 1214 2101 conventibu8‚
1245 2030 1431 2090 donec
1452 2040 1615 2093 1469

341 2119 435 2178 vel
474 2128 636 2183 1470
686 2120 907 2178 electus
951 2122 1043 2179 est
1086 2121 1252 2196 prior
1292 2123 1618 2180 conventus

341 2211 402 2266 et
431 2227 643 2285 regens
677 2209 863 2266 studii
908 2208 1309 2278 eichstadiani‚
1355 2209 1514 2286 quod
1548 2209 1619 2267 ad

341 2316 623 2374 magnum
656 2298 927 2372 provexit
955 2298 1177 2357 florem.
1239 2299 1483 2357 Interim
1519 2300 1617 2356 In·

342 2386 621 2463 golstadii
638 2386 977 2445 doctoratus
998 2387 1260 2445 lauream
1274 2387 1617 2462 promeruit.

343 2476 597 2534 Strenue
643 2475 920 2533 incubuit
969 2476 1032 2533 in
1082 2477 1306 2534 tuenda
1337 2477 1620 2534 adversus

340 2564 379 2623 J
382 2565 707 2622 udaeorum
739 2583 966 2622 errores
985 2564 1271 2641 religione
1293 2565 1622 2624 christiana

339 2671 664 2728 eorumque
693 2653 1012 2713 insudabat
1041 2654 1441 2715 conversioni:
1482 2674 1618 2714 nam

338 2743 402 2801 in
432 2744 641 2820 lingua
672 2746 733 2801 et
764 2743 1075 2803 literatura
1099 2744 1339 2819 judaica
1371 2747 1498 2803 erat
1516 2765 1619 2820 ap-

340 2833 530 2908 prime
562 2837 852 2891 versatae.
886 2833 1190 2891 Didicerat
1220 2834 1386 2892 illam
1420 2854 1454 2893 a
1484 2835 1616 2892 rab·

337 2921 517 2991 binis,
562 2940 697 2980 cum
741 2925 878 2980 ante
927 2941 1100 2981 suum
1133 2923 1197 2979 in
1229 2923 1496 2982 ordinem
1526 2924 1619 2981 in-

339 3030 608 3087 gressum
640 3014 981 3070 versaretur
1030 3011 1296 3069 discendi
1345 3031 1524 3071 causa
1556 3013 1618 3070 in

338 3100 833 3159 universitatibus
866 3101 1352 3176 montepesulana
1397 3106 1458 3161 et
1503 3101 1617 3160 sal-

342 3188 707 3247 manticensi.
772 3189 1032 3248 Publicis
1085 3190 1467 3248 concionibus
1517 3208 1616 3249 eos

340 3277 643 3347 refutavit,
678 3281 746 3336 ut
777 3298 861 3337 ex.
895 3297 980 3355 gr.
1014 3278 1388 3350 Batisbonae‚
1430 3279 1535 3337 ubi
1567 3299 1615 3337 a.

348 3376 373 3427 1
389 3376 512 3429 474
533 3368 645 3424 sub
665 3368 801 3427 divo
819 3373 1047 3441 septem
1078 3367 1287 3426 habuit
1312 3368 1617 3427 conciones

338 3454 604 3531 singulas
636 3457 820 3514 trium
853 3456 1150 3527 horarum,
1198 3474 1345 3531 quas
1391 3457 1611 3532 publici

330 3544 487 3620 juris
511 3545 649 3604 fecit
665 3545 729 3603 in
747 3548 819 3603 tr.
840 3544 1140 3604 rarissimo
1173 3548 1232 3603 et
1251 3544 1402 3604 forte
1422 3545 1614 3622 primo

335 3634 620 3709 polemico
670 3629 758 3717 (et
799 3634 864 3693 in
910 3653 1028 3709 quo
1060 3640 1380 3696 occurrunt
1409 3634 1615 3693 literae

337 3720 670 3803 hebraicae)
723 3725 928 3782 contra
970 3723 1224 3799 perfidos
1256 3723 1515 3783 Judaeos
1547 3726 1616 3782 de

417 3902 452 3959 Ι)
480 3892 562 3947 Cf.
591 3893 643 3946 N
647 3893 838 3947 iceron
866 3892 1167 3947 Memoires
1205 3911 1353 3963 pour
1379 3893 1557 3948 servir
1583 3897 1616 3948 a

336 3963 625 4019 l’Histoire
666 3965 762 4017 des
802 3965 1058 4019 hommes
1100 3964 1351 4020 illustres
1391 3966 1533 4020 dans
1559 3966 1616 4020 la

333 4036 675 4104 republique
703 4035 799 4089 des
814 4036 1007 4089 lettres
1023 4040 1073 4099 5,
1090 4041 1403 4097 214-—225;
1431 4037 1617 4091 Schel-

333 4106 482 4160 horn
509 4106 795 4163 Amoenit.
820 4106 905 4162 lit.
926 4110 966 4163 t.
985 4112 1013 4163 1
1036 4128 1047 4162 :
1075 4106 1327 4161 Brucker
1344 4108 1473 4161 hist.
1491 4108 1614 4162 crit.

333 4177 476 4248 phil.
503 4177 599 4241 IV,
626 4182 726 4238 49;
752 4178 1084 4233 Tiraboschi
1116 4179 1202 4234 VI.
1231 4197 1287 4249 p.
1315 4181 1546 4237 1.1.2.c.
1564 4185 1614 4235 2.

332 4266 390 4304 n.
415 4253 522 4306 119
548 4266 617 4304 ss.

405 4323 449 4392 ²)
476 4320 632 4375 Idem
694 4320 923 4374 videtur
983 4336 1048 4374 ac
1099 4322 1300 4375 Petrus
1362 4320 1613 4388 Teut0,

335 4407 503 4459 quem
550 4392 623 4445 ab
669 4391 771 4446 illo
811 4392 1122 4462 distinguit
1160 4392 1362 4457 Quetif
1399 4393 1441 4457 Ι,
1491 4396 1613 4459 855,

1673 711 1808 750 rum
1839 692 2149 752 elementis
2168 697 2476 769 utcunque
2506 692 2781 769 figuratis
2812 711 2950 751 con·

1674 782 1844 851 fecto,
1879 782 2187 859 Esslingae
2228 792 2412 853 1475,
2460 783 2564 856 qui
2594 785 2951 841 retractatus

1673 874 1735 929 et
1785 871 2073 930 dilatatus
2120 871 2343 947 prodiit
2391 872 2569 929 etiam
2616 871 2956 947 germanice

1672 960 1752 1022 ib.
1775 971 1795 1020 l
1815 970 1851 1021 4
1863 969 1893 1022 7
1906 972 1937 1023 7
1958 981 1972 1017 :
2011 961 2129 1019 Der
2143 961 2315 1019 Stern
2332 961 2639 1037 Meschiah,
2659 961 2952 1019 DasBuch

1670 1049 1909 1107 welichs
1961 1049 2107 1108 wird
2138 1053 2435 1127 genennet
2477 1049 2735 1108 Chochaf
2771 1050 2951 1107 Ham-

1672 1137 1890 1197 schiab:
1925 1135 2166 1213 utriqu'e
2200 1138 2512 1215 subjunxit
2540 1138 2949 1197 rudimentum

1672 1228 1929 1302 primum
1971 1229 2388 1303 grammaticae
2432 1228 2757 1289 hebraicae.
2790 1227 2952 1301 quod

1671 1320 1733 1374 et
1765 1317 2010 1375 seorsim
2030 1317 2251 1393 prodiit
2268 1317 2627 1392 inscriptum
2646 1317 2954 1375 Commen-

1670 1405 1823 1464 tatio
1866 1406 1936 1464 de
1968 1408 2189 1479 primis
2232 1408 2459 1483 linquae
2500 1407 2797 1465 hebraicae
2845 1408 2951 1463 ele-

1672 1497 1893 1572 πιεηιὲε,
1912 1513 2033 1554 cur.
2056 1495 2092 1553 S
2109 1514 2138 1553 c
2153 1496 2190 1554 h
2210 1515 2259 1554 w
2273 1515 2383 1554 arz
2401 1496 2549 1572 prof.
2570 1494 2953 1561 altdorfiensi,

1675 1584 1951 1643 Altdorfii
1982 1595 2167 1647 1764.
2203 1585 2530 1661 Utriusque
2563 1585 2759 1660 operis
2791 1584 2949 1660 frag-

1673 1677 1876 1732 menta
1923 1674 2126 1748 plures
2174 1674 2587 1743 exhibuerunt,
2635 1674 2700 1731 in
2744 1674 2958 1749 primis

1673 1762 1870 1821 Const.
1904 1764 1974 1821 de
1989 1763 2437 1822 Pawlikowski:
2471 1762 2731 1821 hundert
2748 1763 2952 1838 Bogen

1675 1869 1785 1910 aus
1812 1851 1981 1910 mehr
2010 1852 2093 1910 als
2125 1862 2246 1916 500
2278 1853 2440 1911 alten
2464 1851 2587 1910 und
2612 1870 2805 1909 neuen
2830 1852 2953 1909 Bii-

1674 1941 1852 1998 chern
1884 1942 2023 1999 iiber
2045 1942 2341 2000 dieJuden
2366 1942 2537 1999 neben
2547 1943 2655 1998 den
2669 1941 2951 2013 Chri-sien,

1675 2029 1954 2106 Friburgi
2010 2040 2192 2094 1859.
2246 2032 2290 2100 Ι,
2347 2040 2708 2093 614-645,
2775 2033 2953 2087 Anno

1680 2127 1847 2182 1478
1880 2120 1944 2177 in
1976 2119 2274 2178 academia
2288 2120 2735 2197 Ingolstadiana
2765 2120 2952 2177 inter-

1674 2210 1945 2282 pretatus
1978 2211 2071 2268 est
2100 2211 2366 2285 quinque
2411 2209 2729 2284 prophetas
2760 2208 2950 2266 mino-

1672 2314 1782 2355 res.
1817 2297 1961 2355 Inde
1992 2299 2054 2356 in
2074 2298 2443 2375 Hungariam
2478 2318 2514 2357 a
2543 2297 2794 2357 Matthia
2813 2298 2949 2356 Cor-

1673 2386 1813 2445 vino
1845 2405 1983 2463 rege
2014 2386 2433 2446 liberalissimo
2464 2386 2772 2445 literarum
2794 2388 2955 2444 Mae-

1674 2478 1878 2533 cenate
1955 2475 2244 2535 invitatus
2306 2475 2568 2552 praefuit
2627 2476 2949 2534 universali

1673 2564 1986 2640 gymnasio
1998 2564 2419 2640 philosophiae,
2436 2565 2770 2643 theologiae
2782 2584 2951 2623 sanc-

1673 2656 1891 2729 taeque
1924 2654 2264 2730 Scripturae
2296 2655 2370 2713 ab
2403 2654 2607 2713 eodem
2642 2673 2778 2732 rege
2811 2671 2947 2713 cou-

1674 2743 1798 2802 dito
1826 2762 2038 2820 regens
2061 2747 2121 2803 et
2151 2745 2452 2821 magister.
2496 2744 2591 2802 Ibi
2621 2744 2951 2820 composuit

1673 2852 1850 2891 suum
1911 2835 2169 2909 clypeum
2232 2834 2674 2909 flandritarum,
2723 2852 2842 2909 quo
2892 2833 2946 2894 b.

1672 2922 1927 2981 Thomae
1958 2925 2067 2997 Aq.
2112 2923 2474 3000 singularem
2515 2922 2946 2997 incomparabi-

1673 3011 1908 3087 lemque
1940 3012 2267 3070 doctrinam
2288 3011 2567 3071 adversus
2589 3013 2947 3088 impugnan-

1672 3103 1764 3158 tes
1814 3118 2084 3175 quosque
2132 3101 2444 3160 defendere
2497 3101 2745 3169 nititur-3
2810 3121 2949 3160 nam

1673 3189 1837 3247 illius
1871 3189 2159 3259 coelicam,
2194 3194 2263 3249 ut
2308 3210 2435 3249 eam
2481 3191 2764 3265 appellat,
2813 3191 2949 3249 doc-

1670 3278 1892 3336 trinam
1910 3279 2414 3354 complectendam
2435 3279 2508 3337 ab
2525 3280 2799 3337 omnibus
2818 3297 2955 3337 esse

1672 3370 1888 3425 censet.
1922 3367 2218 3442 Expendit
2262 3369 2635 3443 quaestiones
2668 3369 2785 3425 sere
2816 3368 2953 3443 phi·

1671 3455 2066 3537 Iosophicasl)
2112 3457 2354 3533 agitque
2394 3460 2601 3515 contra
2647 3456 2944 3520 Scotistas,

1669 3544 2079 3603 nominalistas
2128 3550 2190 3603 et
2234 3547 2315 3603 sic
2345 3546 2536 3603 dictos
2570 3545 2951 3603 Albertistas.

1671 3633 1897 3692 Prodiit
1957 3652 2104 3709 opus
2166 3634 2430 3693 Venetiis
2499 3642 2652 3697 1481
2678 3655 2691 3703 3
2763 3644 2946 3696 1504.

1672 3723 2002 3780 Decessisse
2017 3723 2255 3782 videtur
2266 3719 2316 3804 ²)
2336 3724 2495 3782 inter
2510 3743 2558 3781 a.
2587 3732 2880 3787 1481—8
2893 3734 2947 3784 4.

1763 3910 1907 3964 489.
1942 3901 2221 3960 Petrus
2254 3901 2325 3959 de
2356 3900 2631 3959 Brutis
2664 3902 2946 3970 Venetus,

1670 3991 1982 4065 episcopus
2044 3991 2339 4066 crojensi8‚
2393 3990 2533 4048 dein
2582 3991 2712 4048 cath
2721 3992 2946 4049 arensis

1673 4075 1732 4161 (†
1773 4088 1891 4140 149
1903 4074 1965 4160 3)
2001 4080 2242 4156 scripsit
2272 4081 2309 4137 l.
2359 4079 2639 4138 Victoriae
2670 4081 2955 4139 adversus·

1671 4169 1944 4245 Judaeos,
1969 4168 2267 4228 Vicentiae
2298 4178 2413 4232 148
2425 4179 2457 4231 9
2482 4170 2547 4227 in
2565 4169 2603 4231 f.
2620 4203 2706 4213 —-
2727 4170 2949 4228 Paulus

1670 4258 1727 4314 M
1745 4276 1778 4316 o
1792 4277 1824 4316 r
1840 4277 1872 4317 o
1887 4259 2040 4317 sini
2073 4258 2295 4334 pariter
2310 4258 2591 4328 Venetus,
2609 4260 2701 4317 vir
2715 4258 2947 4335 magnis

1669 4348 2021 4405 muneribus
2066 4349 2131 4405 in
2180 4347 2489 4423 republica
2519 4347 2762 4406 functus
2793 4352 2853 4407 et
2887 4349 2948 4406 in

332 4465 392 4516 et
439 4462 641 4517 Petrus
667 4463 1213 4533 metonomia,
1260 4480 1430 4532 quem
1477 4464 1617 4518 citat
1669 4436 2040 4512 gravissimis
2115 4437 2370 4514 negotiis
2433 4437 2947 4513 legationibusque

332 4532 562 4588 Eckius.
611 4534 834 4588 Reusch
859 4538 1051 4589 tamen
1075 4535 1137 4588 in
1165 4535 1315 4605 Allg.
1345 4535 1398 4589 d.
1424 4535 1612 4606 Biogr.

330 4608 417 4671 33,
444 4610 548 4663 247
594 4606 900 4676 distinguit
943 4607 1014 4659 ab
1059 4622 1124 4661 eo
1170 4606 1400 4660 Petrum
1446 4607 1615 4661 Geor-

330 4676 490 4747 gium
553 4677 589 4731 S
607 4694 635 4731 c
653 4678 692 4731 h
708 4694 760 4730 w
776 4694 810 4730 a
824 4695 853 4729 r
869 4696 896 4730 z
960 4680 1349 4742 coaetaneum,
1400 4680 1616 4747 pariter

1750 4682 1785 4746 ¹)
1815 4676 1897 4733 Cf.
1926 4677 2122 4733 Prantl
2149 4679 2485 4735 Geschichte
2531 4681 2631 4735 der
2656 4681 2840 4751 Logik
2866 4683 2947 4736 im

332 4749 395 4803 0.
422 4748 512 4802 Pr.
541 4751 598 4802 et
616 4749 863 4817 priorem
884 4752 1199 4803 conventus
1221 4749 1612 4813 eichstadium,
1667 4748 1906 4805 Abendl.
1936 4749 2167 4820 Leipzig
2191 4755 2332 4809 1870
2358 4769 2413 4821 p,
2441 4757 2541 4809 221
2575 4770 2643 4806 ss.

333 4819 435 4888 qui
457 4821 523 4873 in
551 4822 878 4887 quaestores
919 4820 1414 4891 indulgentiarum
1440 4820 1614 4874 nimis

331 4890 531 4946 avidos
557 4893 617 4946 et
639 4890 896 4946 sordidos
922 4891 1183 4946 invectus
1209 4894 1311 4949 est.

1744 4824 1784 4893 ²)
1813 4819 1896 4875 Cf.
1923 4821 1992 4874 de
2020 4837 2084 4875 eo
2112 4822 2365 4893 Morgott
2401 4824 2515 4879 KL.
2544 4823 2637 4889 IX,
2680 4827 2947 4888 388—93,

1669 4893 1769 4947 ubi
1796 4892 2153 4948 literaturam
2182 4896 2409 4948 uberem
2438 4895 2699 4964 reperies.
