3475 5364
523 352 636 405 101
657 353 688 404 5
1010 338 1380 399 1476—1500,
1408 333 1720 405 Theologia
1747 334 2041 404 polemica.
2070 334 2357 389 Marsilius
2380 334 2625 390 Fieinus.
2922 345 2929 353 ⁴
2959 353 2984 404 1
3000 351 3123 405 016

514 520 849 589 FicinuS‚
883 519 1010 577 Pici
1031 521 1269 590 amicuS,
1303 521 1512 580 medici
1543 521 1792 581 celebris
1848 518 2209 602 (Florentiae
2231 517 2456 601 1488);
2490 521 2734 579 Bremae
2759 493 2919 584 1317
2943 520 3007 578 in
3028 529 3126 583 12.

515 609 673 668 filius
733 611 912 667 natus
972 612 1066 667 est
1112 610 1448 669 Florentiae
1516 622 1611 676 18.
1665 612 1790 671 Oct.
1846 630 1986 671 cura
2015 610 2297 670 Ludovici
2331 610 2515 670 Crocii
2561 629 2696 668 cum
2727 609 3125 669 annotationi-

525 706 707 760 1433.
741 698 1064 756 Medicinae
1082 697 1252 774 prius
1272 718 1506 774 operam
1526 700 1791 771 dederat,
1844 701 1977 771 bue,
2013 701 2086 758 ab
2116 704 2356 759 auctore
2375 699 2571 758 italice
2591 717 2850 769 versum,
2884 700 3127 758 Floren-

512 806 584 845 ex
615 786 861 846 consilio
879 790 1083 847 tamen
1103 788 1294 847 Cosmi
1314 789 1386 848 de
1405 789 1664 860 Medicis,
1687 791 1794 866 qui
1845 790 1965 849 tiae
2003 799 2169 853 1568
2203 790 2269 847 in
2302 796 2375 858 8.,
2428 807 2577 865 opus
2626 788 3007 864 praeclarum,
3058 788 3125 847 in

516 894 651 934 eum
684 875 1097 935 liberalissime
1130 876 1309 951 juvit,
1360 879 1550 937 literis
1581 880 1793 939 huma·
1848 898 1965 955 quo
1997 879 2284 956 sagaciter
2316 878 2512 936 utitur
2543 878 2912 953 argumentis
2943 877 3127 935 inter-

513 965 782 1024 nioribus
841 967 903 1023 et
964 966 1310 1042 praeprimis
1386 969 1794 1044 philosophiae
1846 969 1960 1027 nis.
1992 969 2258 1044 Reperiri
2304 970 2501 1026 censet
2543 967 2701 1025 haud
2746 985 2936 1042 pauca
2964 984 3128 1042 mys-

516 1055 846 1129 platonicae
880 1056 1144 1114 animum
1178 1057 1489 1132 applicuit,
1523 1077 1700 1133 quam
1733 1063 1796 1117 et
1846 1058 2137 1117 teriorum
2152 1057 2290 1117 fidei
2306 1056 2657 1116 christianae
2675 1056 2930 1132 vestigia
2948 1074 3130 1131 penes

513 1144 750 1219 publice
780 1144 1112 1202 Florentiae
1144 1148 1236 1202 est
1266 1146 1571 1222 professus
1602 1147 1794 1207 factus
1848 1152 2075 1206 veteres
2136 1145 2537 1222 philosophos,
2602 1145 2665 1203 in
2714 1145 2920 1221 primis
2969 1143 3129 1221 apud

508 1234 766 1291 aCosmo
798 1251 1032 1308 praeses
1055 1234 1384 1294 academiae
1398 1235 1729 1312 platonicae
1746 1236 1793 1308 ¹)
1849 1238 2154 1296 Platonem
2203 1235 2491 1304 divinum,
2545 1233 2619 1292 ad
2668 1252 2843 1308 quem
2892 1233 3128 1309 plenius

513 1341 548 1379 a
579 1340 640 1380 se
656 1322 985 1381 institutae.
1017 1322 1169 1381 Hinc
1198 1342 1232 1381 a
1251 1323 1574 1384 Trithemio
1596 1324 1668 1383 de
1689 1325 1792 1384 SE.
1849 1326 2367 1401 interpretandum
2429 1323 2831 1399 neoplatonici
2873 1322 3131 1381 feliciter

510 1430 560 1468 c.
597 1418 720 1474 886
773 1411 992 1470 dicitur
1044 1413 1411 1489 ‚platonicae
1460 1415 1795 1491 theologiae
1847 1415 1941 1473 usi
1986 1415 2109 1473 sint
2162 1414 2365 1472 divino
2399 1412 2849 1471 christianorum
2900 1412 3130 1470 lumine

513 1500 758 1558 unicum
774 1500 1394 1569 decue,ornamentum
1426 1507 1489 1562 et
1520 1514 1785 1563 corona.‘
1848 1501 1921 1586 (c.
1960 1504 2082 1580 22).
2146 1502 2495 1579 Theologiae
2540 1501 2869 1577 platonicae
2920 1502 2989 1559 de
3019 1503 3126 1559 im-

514 1588 733 1647 Eodem
798 1590 943 1648 duce
1004 1590 1347 1666 impellente
1410 1593 1672 1652 Platonis
1733 1596 1795 1651 et
1850 1595 2195 1652 mortalitate
2243 1594 2477 1650 animae
2524 1592 2580 1652 ll.
2633 1592 2733 1667 18,
2797 1590 3128 1649 Florentiae

513 1678 1055 1754 neoplatonicorum
1087 1680 1329 1751 Plotini,
1380 1680 1694 1740 Jamblich‘
1734 1686 1796 1741 et
1857 1690 2052 1753 1488;
2092 1690 2292 1751 14893
2325 1680 2566 1738 Parisiis
2605 1689 2768 1743 1559
2805 1679 2869 1737 in
2904 1688 2960 1747 8,
3009 1697 3129 1754 quo

513 1767 1302 1842 Proelioperalatinevertit
1331 1772 1793 1830 commentariis·
1847 1772 1911 1831 in
1957 1790 2133 1847 opere
2180 1769 2481 1846 praeludit
2530 1769 2940 1845 ontologismo,
2989 1787 3129 1827 nam

515 1874 631 1931 que
664 1856 1009 1915 illustravit.
1043 1858 1223 1917 Totus
1255 1860 1470 1918 studiis
1502 1861 1668 1931 vixit,
1691 1861 1793 1919 sed
1841 1861 2016 1936 juxta
2046 1861 2244 1936 ipsum
2276 1859 2341 1917 in
2371 1859 2500 1934 ipso
2533 1859 2651 1916 Deo
2698 1858 3004 1916 intuemur
3033 1876 3129 1917 re-

511 1944 698 2004 nimia
727 1946 1118 2005 admiratione
1169 1953 1230 2006 et
1260 1968 1456 2008 amore
1489 1949 1796 2009 ferebatur
1847 1969 1981 2009 rum
2012 1950 2173 2008 ideas
2191 1946 2253 2029 ¹).
2288 1949 2377 2006 De
2408 1948 2626 2022 triplici
2655 1949 2772 2004 vita
2792 1947 2845 2009 ll.
2868 1947 2907 2005 3
2926 1967 2947 2004 .·
2985 1957 3036 2009 1.
3056 1947 3128 2004 de

512 2035 576 2092 in
609 2035 935 2105 Platonem,
971 2036 1128 2094 hunc
1160 2056 1348 2096 unum
1365 2038 1792 2107 admirabatur,
1849 2038 2254 2097 studiosorum
2274 2037 2528 2096 sanitate
2546 2035 2797 2106 tuenda3
2837 2045 2889 2098 2.
2912 2034 2984 2093 de
3005 2035 3131 2093 vita

515 2124 674 2182 hunc
707 2123 988 2199 sapiebat,
1022 2126 1179 2184 hunc
1200 2127 1478 2186 omnibus
1500 2146 1791 2187 commen·
1849 2128 2254 2203 producenda3
2310 2135 2365 2190 3.
2399 2126 2473 2185 de
2517 2125 2642 2184 vita
2685 2125 2939 2183 coelitus
2972 2143 3127 2183 com-

513 2212 695 2272 dabat
729 2214 889 2282 adeo,
937 2217 1010 2272 ut
1052 2217 1114 2273 et
1159 2217 1377 2275 amicos
1411 2217 1795 2293 ejusdemque
1849 2217 2137 2294 paranda;
2171 2218 2235 2275 in
2267 2235 2385 2291 quo
2415 2218 2618 2274 tamen
2648 2214 3003 2289 astrologiae
3033 2213 3128 2272 ni·

513 2303 765 2361 asseclas
826 2302 1116 2362 salutaret
1162 2304 1372 2364 fratres
1421 2306 1481 2364 in
1532 2306 1794 2366 Platone.
1851 2307 2035 2365 mium
2055 2306 2288 2377 tribuit,
2309 2304 2572 2364 Venetiis
2602 2303 3125 2380 14983Apoloyia,

511 2391 899 2451 Savonarolae
961 2392 1203 2452 fervidis
1281 2395 1795 2454 exhortationibus
1848 2397 1911 2453 in
1972 2415 2091 2471 qua
2139 2395 2211 2454 de
2262 2394 2567 2463 medicina,
2618 2392 2956 2469 astrologia,
3002 2392 3132 2452 vita

513 2480 796 2540 inductus
827 2483 932 2552 est,
964 2485 1036 2539 ut
1054 2483 1231 2541 etiam
1252 2484 1532 2560 religiose
1551 2486 1795 2544 viveret.
1852 2485 2074 2555 mundi,
2124 2484 2270 2542 item
2319 2483 2391 2542 de
2440 2481 2646 2558 magis,
2697 2481 2801 2556 qui
2834 2480 3131 2539 Christum

513 2573 686 2629 Anno
719 2570 930 2628 aetatis
966 2580 1064 2633 42.
1112 2572 1419 2631 ordinatus
1466 2577 1559 2632 est
1605 2592 1797 2633 sacer·
1853 2574 2058 2633 statim
2090 2576 2299 2632 natum
2322 2572 2752 2641 salutaverunt,
2771 2570 2925 2646 agit3
2960 2572 3129 2645 inep.

507 2659 618 2719 dos
650 2663 711 2719 et
741 2679 777 2719 a
804 2660 1121 2721 Laurentio
1152 2660 1223 2720 de
1243 2662 1480 2722 Medicis
1514 2680 1621 2723 suo
1641 2665 1796 2723 Mae·
1850 2664 1909 2722 d.
1943 2664 2117 2722 Pauli
2146 2661 2601 2721 commentarius
2646 2663 2706 2718 et
2750 2677 3027 2719 ascensus
3056 2658 3133 2719 ad

514 2753 715 2808 cenate
750 2749 1004 2808 donatus
1049 2751 1400 2810 canonicatu
1447 2753 1505 2810 in
1553 2753 1798 2812 ecclesia
1850 2753 2098 2811 tertium
2130 2753 2359 2811 coelum
2392 2751 2465 2809 ad
2497 2750 2749 2809 Paulum
2786 2750 3129 2826 intelligen-

509 2839 840 2897 cathedrali
875 2833 1120 2920 (1484).
1186 2841 1385 2898 Animi
1426 2845 1552 2900 erat
1584 2843 1794 2918 pacati,
1852 2843 2010 2912 dum,
2053 2842 2157 2916 qui
2187 2841 2403 2899 titulus
2433 2841 2571 2916 plus
2602 2839 2916 2915 promittit,
2950 2858 3127 2915 quam

513 2928 731 2986 indolis
794 2933 1155 2997 mansuetae,
1233 2930 1296 2988 in
1371 2932 1646 2990 omnibus
1691 2951 1792 2990 au·
1850 2931 1886 2988 l.
1921 2931 2202 2998 continet,
2236 2929 2481 3006 praebet
2498 2929 2654 2988 enim
2673 2930 2912 2986 tantum
2943 2927 3129 2986 trium

513 3036 671 3076 ream
704 3017 1039 3093 praeferens
1059 3018 1546 3079 mediocritatem.
1580 3021 1795 3078 Deces-
1850 3020 2119 3094 priorum
2150 3037 2229 3079 cc.
2275 3022 2337 3077 et
2380 3038 2448 3077 ex
2498 3019 2667 3093 parte
2711 3017 2911 3093 quarti
2942 3017 3007 3075 in
3037 3035 3128 3093 ep.

515 3106 597 3163 sit
669 3116 718 3167 1.
770 3105 896 3163 Oct.
955 3116 1119 3168 1499
1186 3108 1564 3184 publicisque
1626 3109 1794 3167 urbis
1849 3108 1923 3166 ad
1957 3109 2243 3183 Romanos
2260 3107 2706 3184 expositionem.
2729 3106 3129 3179 Epistolarum

514 3195 846 3253 Florentiae
875 3194 1161 3270 impensis
1193 3198 1467 3271 sepultus
1499 3201 1606 3256 est.
1649 3199 1794 3273 Ejus
1849 3199 1906 3261 ll.
1937 3197 2084 3256 XII.
2136 3197 2401 3256 Venetiis
2448 3205 2640 3266 14953
2702 3195 3131 3272 Norimbergae

507 3303 691 3359 opera
776 3284 1020 3342 collecta
1098 3285 1454 3359 prodierunt
1530 3287 1793 3346 Venetiis
1857 3297 2043 3357 1497,
2076 3306 2198 3346 non
2231 3305 2477 3363 magnae
2522 3284 2827 3354 utilitatiS,
2879 3301 3013 3343 cum
3064 3284 3130 3343 in

523 3383 716 3441 15163
764 3373 1026 3433 Basileae
1067 3384 1265 3446 15613
1309 3386 1506 3446 15763
1554 3377 1796 3436 Parisiis
1849 3376 1922 3434 iis
1954 3376 2310 3452 astrologiae
2353 3393 2460 3452 pro
2499 3392 2663 3432 more
2693 3373 3023 3432 multorum
3053 3372 3129 3431 il·

521 3472 679 3525 1641
721 3467 764 3520 t.
803 3473 836 3525 2
870 3463 933 3521 in
966 3463 1022 3534 f.,
1069 3483 1324 3540 quorum
1356 3466 1589 3541 potiora
1619 3471 1793 3525 sunt:
1848 3465 1962 3523 lius
1995 3466 2123 3525 aevi
2153 3466 2409 3525 nimium
2439 3464 2685 3532 tribuat,
2736 3465 2797 3520 et
2826 3462 3127 3538 quaestio-

514 3553 600 3611 De
659 3553 930 3630 reliyione
981 3550 1399 3635 Christiana²)‚
1454 3574 1498 3613 s.
1551 3557 1587 3613 l.
1639 3559 1701 3614 et
1746 3576 1794 3615 a.
1849 3573 1953 3613 nes
2016 3554 2453 3631 philosophicas
2514 3552 2831 3610 admodum
2880 3553 3129 3611 obscure

1849 3646 2082 3706 tractet.
2133 3643 2411 3702 Mercurii
2461 3641 2978 3717 'l'rismegisti
3029 3641 3129 3699 Pi-

589 3767 628 3824 ι)
657 3759 931 3829 (Ji-,hujus
949 3759 1273 3813 academiae
1290 3759 1681 3829 sociog'quiin
1701 3760 1796 3813 ad,
1852 3733 2096 3794 mander
2126 3735 2195 3791 de
2215 3738 2492 3806 potestate
2522 3737 2573 3788 et
2587 3732 2892 3806 sapientia,
2928 3730 3130 3789 Ficino

514 3832 817 3886 miratione
848 3830 1101 3885 Platonis
1128 3832 1244 3885 fere
1264 3830 1619 3902 deperibant,
1639 3832 1794 3902 apud
1849 3822 2193 3897 interprete,
2248 3824 2309 3880 et
2352 3823 2404 3879 A
2419 3840 2446 3879 s
2462 3840 2491 3879 c
2507 3821 2528 3877 l
2544 3838 2575 3877 e
2592 3839 2630 3895 p
2646 3820 2666 3876 i
2682 3840 2725 3878 ιι
2741 3837 2767 3877 s
2813 3821 2884 3877 de
2930 3821 3130 3878 volun-

509 3902 845 3958 Tiraboschi
865 3903 984 3967 VII,
1003 3907 1053 3966 1,
1073 3903 1152 3958 1.1
1181 3920 1227 3959 c.
1247 3907 1283 3958 4
1302 3920 1358 3957 ιι.
1385 3907 1449 3963 9;
1481 3903 1795 3958 Willmann
1848 3919 1960 3969 3023
2021 3912 2147 3981 Dei,
2210 3910 2391 3969 Lucio
2456 3910 2710 3984 Apulejo
2786 3909 3127 3984 interprete,

512 3991 611 4084 01³3
633 3974 724 4068 Cif‘·
753 3979 905 4054 P·.74
931 3991 1001 4055 ⁸⁵?-
1220 4046 1230 4056 .
1745 4045 1756 4056 .
1782 4045 1792 4055 .
1850 4020 1984 4058 cum
2016 3999 2457 4060 commentariis
2476 3997 2666 4056 Ficini
2685 4002 2793 4056 etc.
2844 3996 2969 4057 Hac
2987 4016 3127 4073 ope-

616 4053 632 4114 )
661 4044 874 4098 Mentio
904 4049 1074 4100 etiam
1113 4045 1235 4099 fieri
1274 4048 1464 4114 potest
1490 4047 1533 4100 G
1549 4064 1578 4100 e
1597 4063 1628 4099 o
1645 4062 1672 4097 ι·
1687 4065 1725 4115 g
1741 4064 1760 4097 1
1779 4065 1797 4098 1

515 4115 776 4170 Hermo
796 4117 994 4185 nymi
1044 4116 1161 4170 „ive
1207 4117 1591 4185 Charflonymi
1633 4117 1795 4184 Spar,
1848 4109 1983 4148 rum
2016 4089 2363 4150 collectione
2411 4105 2529 4146 non
2563 4088 2905 4146 continetur
2935 4086 3130 4146 versio

513 4187 688 4241 tiatae
732 4188 1013 4252 monachi,
1060 4188 1162 4256 qui
1208 4191 1339 4256 poet
1377 4190 1573 4241 urbem
1617 4187 1720 4243 ΟΡ.
1762 4204 1795 4240 a
1855 4179 2225 4248 PlatoniS,
2291 4196 2442 4254 quae
2511 4177 2737 4253 prodiit
2810 4176 3128 4235 admodum

511 4259 711 4313 Turcis
737 4263 1121 4331 expugnatam
1140 4259 1201 4313 in
1224 4258 1471 4313 Galliam
1497 4275 1554 4312 se
1581 4260 1799 4328 recepit
1849 4268 2127 4327 mendose
2164 4267 2497 4327 Florentiae
2529 4285 2571 4324 g,
2609 4287 2658 4325 a,
2696 4263 2859 4346 (gnte
2901 4261 3126 4345 1490);

512 4334 571 4384 et
597 4330 978 4412 intacademia
1005 4332 1305 4411 parisiensi
1345 4331 1535 4384 literas
1561 4348 1795 4413 graecas
1850 4358 2113 4416 venetiis
2143 4368 2166 4418 l
2185 4366 2298 4420 49l
2328 4379 2341 4392 ,
2375 4355 2567 4414 versio
2598 4355 2643 4412 p
2661 4355 2679 4412 ι
2696 4375 2730 4413 0
2747 4355 2900 4413 tini
2942 4367 2964 4418 1
2981 4364 3126 4416 492.

510 4403 726 4467 docuit,
755 4419 869 4471 quo
915 4405 1188 4473 magistro
1230 4407 1287 4456 et
1327 4401 1374 4455 R
1390 4419 1418 4454 e
1435 4420 1471 4455 ιι
1490 4419 1519 4454 c
1535 4402 1571 4454 h
1589 4402 1644 4456 11
1660 4421 1697 4455 n
1714 4420 1753 4454 u
1772 4420 1797 4456 s
2328 4401 2341 4428 '
3113 4399 3126 4425 '

514 4492 650 4527 usus
691 4476 792 4529 est.
845 4474 980 4528 Fuit
1020 4473 1177 4528 Sixto
1206 4474 1298 4528 [V.
1339 4472 1659 4539 familiaris,
1701 4474 1795 4528 cui
1850 4445 2065 4506 Plotini
2113 4464 2288 4520 ‘'Fer“
2349 4444 2752 4521 philosophica
2800 4462 3007 4520 graece
3068 4450 3130 4504 et

510 4546 685 4599 etiam
713 4546 773 4599 in
799 4545 1149 4615 gravissimis
1196 4544 1441 4615 negotiis
1479 4545 1795 4600 inservivit.
1850 4537 2031 4595 latine
2067 4554 2199 4594 cum
2222 4536 2297 4593 Μ.
2333 4534 2520 4593 Ficini
2550 4533 3045 4609 interpretatione
3068 4538 3130 4592 et

513 4617 651 4699 Ejuss
712 4623 1114 4698 (ῑθηῑοπθίναῖῐθ,
1149 4617 1574 4697 graffio-latina,
1638 4617 1795 4699 qussd
1849 4626 2360 4694 commentmione,
2423 4623 2689 4682 Basileae
2741 4633 2905 4686 1580
2956 4623 3019 4680 in
3073 4632 3126 4686 8.

511 4691 772 4743 Christus
814 4691 900 4743 est
926 4691 1028 4742 Dei
1055 4688 1233 4741 F111us
1274 4690 1332 4740 et
1375 4687 1525 4742 Deus
1562 4690 1793 4758 produt,

509 4779 638 4816 cum
677 4761 806 4814 aliis
852 4763 1102 4816 veterum
1146 4760 1457 4828 opusculis,
1499 4761 1795 4830 Augustae

512 4837 667 4890 1608.
718 4832 909 4886 Vertit
950 4831 1122 4884 etiam
1164 4832 1526 4899 quorundam
1571 4849 1795 4902 graeco·
1929 4836 1965 4898 ¹)
1996 4829 2078 4885 Cf.
2106 4823 2299 4883 stockl
2326 4828 2662 4883 Geschichte
2690 4828 2790 4882 der
2806 4827 3015 4883 Philos.
3033 4827 3131 4884 des

512 4923 638 4958 rum
666 4903 960 4973 opuscula.
1850 4901 1977 4958 MA.
2006 4902 2099 4964 111,
2127 4906 2227 4958 151
2258 4918 2358 4958 ss.:
2386 4901 2498 4954 KL.
2525 4899 2646 4967 IV³‚
2675 4906 2831 4958 1479.
