3475 5364
179 315 295 368 469
968 298 1350 353 Sententiarii.
1378 299 1755 369 Raymundus
1780 300 1999 360 LulluS,

2679 320 2803 372 470

177 483 273 558 qui
304 484 540 542 electus
560 484 1096 544 estinministrum
1129 486 1464 563 generalem
1520 492 1580 545 et
1625 487 1913 563 opulenta
1958 486 2180 544 familia
2224 486 2458 544 Palmae
2506 488 2569 545 in
2613 488 2812 546 insula

176 572 389 630 ordinis
431 582 626 643 1313,
682 573 783 631 sed
827 574 956 649 jam
1004 594 1158 634 anno
1192 576 1466 650 sequenti
1520 577 1894 651 majoricensi
1915 595 1961 634 c.
1983 596 2030 633 a.
2060 584 2247 644 1232,
2271 576 2446 650 juxta
2465 577 2611 634 alios
2641 587 2804 641 1234

176 661 436 720 decessit.
474 663 668 721 Plura
698 664 1031 739 composuit
1051 683 1259 740 opera3
1294 666 1465 740 prae'-
1520 666 1614 724 vel
1654 674 1837 728 1236.
1907 665 2284 724 Matrimonio
2323 666 2573 739 junctus
2618 685 2808 741 usque

174 758 258 809 ter
316 753 758 810 commentaria
804 753 873 811 in
918 754 979 810 ll.
1034 754 1465 812 sententiarum
1519 755 1592 813 ad
1624 775 1673 813 a.
1708 755 1920 812 aetatis
1946 765 2025 818 30
2059 754 2123 812 in
2147 754 2284 812 aula
2301 754 2458 829 regis
2479 756 2809 832 Aragoniae

174 841 474 898 Summam
504 842 928 915 quaestionum
950 860 993 901 s.
1014 843 1465 902 Bonaventurae
1521 845 1796 903 omnibus
1828 844 2010 902 seculi
2042 843 2204 902 vit-iis
2223 846 2284 901 et
2303 843 2674 902 vanitatibus
2708 844 2807 902 de·

176 932 227 986 in
246 930 362 990 411.
380 931 844 1000 sententiarum,
873 932 1247 1007 quaestiones
1273 933 1464 1007 quod·
1520 933 1682 991 ditus
1744 933 1929 991 vitam
1988 932 2297 1009 transegit,
2349 932 2531 990 donec
2581 932 2808 991 visione

174 1019 449 1085 libeticas,
487 1022 569 1077 tr.
603 1021 677 1077 de
708 1022 921 1090 usuriS,
965 1021 1037 1079 de
1068 1021 1464 1080 restitutioni·
1522 1022 1734 1081 Christi
1774 1021 2053 1090 crucifixi,
2080 1022 2172 1079 vel
2203 1025 2274 1079 ut
2293 1020 2392 1079 alii
2412 1021 2636 1091 dicunt,
2674 1042 2807 1098 per-

177 1109 295 1177 bus,
327 1108 611 1183 postillas
644 1113 752 1167 etc.
814 1109 1177 1169 Prodierunt
1224 1114 1464 1169 tantum
1520 1130 1696 1170 sonae
1730 1130 1936 1170 cancro
1969 1110 2303 1168 foedissime
2333 1110 2604 1181 infectae,
2626 1126 2809 1186 quam

176 1199 601 1256 commentaria
614 1198 682 1257 in
699 1197 758 1255 ll.
781 1198 1122 1259 Aristotelis
1155 1200 1223 1257 de
1242 1203 1464 1273 anima,
1521 1200 1749 1276 perdit-e
1784 1203 2100 1269 amaverat,
2152 1199 2402 1258 territus
2433 1200 2686 1275 resipuit
2717 1196 2808 1258 se'-

181 1286 428 1345 venetiis
471 1296 676 1357 15n23
709 1288 773 1345 in
792 1291 1240 1367 metaphys-icam
1262 1290 1465 1363 Aris·
1520 1309 1636 1365 que
1686 1290 1791 1348 Dei
1850 1288 2134 1364 obsequio
2195 1307 2530 1347 consecrare
2594 1291 2811 1348 statuit

180 1376 449 1434 totelis
506 1376 775 1434 Venetiis
831 1387 1015 1447 1572,
1065 1378 1166 1437 sed
1217 1379 1329 1437 sub
1360 1397 1465 1437 no·
1523 1376 1765 1459 (1266).
1816 1378 2022 1453 Coepit
2056 1398 2090 1435 a
2120 1378 2502 1455 grammatica
2532 1378 2717 1436 latina
2749 1382 2810 1436 et

184 1464 324 1522 mine
385 1466 831 1523 Alexandri
883 1466 1016 1525 Hal.
1080 1467 1150 1525 In
1200 1486 1329 1526 eam
1380 1468 1482 1525 ita.
1523 1467 1773 1527 astudio
1793 1468 2038 1539 linguae
2059 1466 2340 1535 arabicae,
2361 1470 2428 1524 ut
2453 1486 2513 1525 se
2530 1467 2808 1526 idoneum

184 1553 473 1611 subtiliter
506 1560 573 1612 et
605 1555 954 1613 notabiliter
985 1557 1287 1632 scripsisse
1319 1555 1461 1614 dici·
1519 1556 1792 1616 redderet
1867 1556 2486 1615 Mohammedanorum
2566 1574 2807 1614 conver.-

185 1646 290 1705 tur,
305 1647 373 1701 ut
387 1644 746 1702 excelluerit
761 1663 941 1720 supra
956 1645 1100 1704 alios
1115 1646 1383 1705 doctores
1400 1640 1464 1727 ¹).

189 1765 259 1774 -
288 1731 636 1790 Joannes
668 1734 742 1791 de
772 1732 1151 1804 Erfordia,
1185 1735 1256 1793 de
1290 1736 1465 1793 Saxo-

189 1821 291 1887 nia,
323 1821 487 1878 Alem
498 1841 698 1880 annus
723 1823 902 1881 etiam
924 1822 1138 1893 dictus,
1173 1824 1277 1899 qui
1292 1825 1468 1899 plura

193 1909 409 1984 reliquit
456 1929 645 1986 opera
679 1930 844 1969 mscr.
876 1912 1126 1989 Redegit
1170 1931 1465 1973 commen-

192 1999 384 2056 tarium
438 2019 484 2058 s.
519 2002 984 2059 Bonaventurae
1033 2004 1095 2059 in
1134 2021 1286 2079 mag.
1334 2022 1465 2060 sen-

197 2087 497 2146 tentiarum
548 2090 613 2146 in
679 2091 1112 2165 compendium,
1165 2096 1485 2166 praeterea

197 2178 511 2251 compilavit
546 2177 819 2237 tabulam
853 2180 1262 2256 originalium;
1310 2181 1464 2256 glos-

202 2266 393 2324 sarium
458 2287 571 2325 seu
634 2269 1086 2327 vocabularium
1143 2270 1464 2328 latinarum

200 2372 400 2425 vocum,
435 2376 594 2432 quae
627 2357 691 2414 in
711 2357 910 2416 bibliis
929 2358 1255 2428 habentur;
1290 2359 1464 2417 tabu-

203 2442 301 2499 lam
322 2446 470 2518 juris
517 2446 795 2505 canonici
838 2450 901 2505 et
931 2447 1138 2515 civilia,
1187 2467 1336 2522 opus
1369 2466 1462 2506 co-

205 2532 423 2605 piosum,
459 2527 753 2611 diligenS,
777 2536 958 2607 utile3
994 2536 1292 2595 Summam
1328 2555 1465 2596 con-

208 2619 461 2681 fessorum
491 2624 572 2682 de
610 2628 840 2699 septem
861 2626 922 2682 ll.
957 2626 1343 2686 decretalium
1363 2645 1465 2685 seu

211 2711 494 2791 casuum2).
546 2748 639 2758 —
692 2715 1157 2774 Franciscus
1215 2716 1288 2774 de
1340 2717 1465 2774 Bo-

211 2799 606 2862 nafortuna
650 2822 694 2861 S.
729 2804 1060 2880 theologiae
1093 2804 1315 2876 doctor,
1348 2804 1465 2863 for-

216 2905 300 2946 san
325 2892 663 2964 parisiensis
712 2896 773 2950 et
813 2892 1139 2968 discipulus
1173 2894 1345 2953 Scoti.
1380 2928 1463 2938 -—

217 2974 507 3038 lacobus
593 2982 1037 3041 Asculanus
1128 2984 1466 3059 provinciae

220 3069 492 3140 superioris
526 3072 881 3130 Germaniae
922 3072 1192 3130 minister
1222 3070 1463 3149 (1310),

221 3155 420 3229 reliquit
468 3164 781 3234 praeterea
827 3161 1169 3236 quodlibeta
1209 3162 1467 3237 plurima

227 3244 356 3302 valde
398 3248 712 3321 profunda,
764 3249 1029 3307 tabulam
1079 3270 1184 3308 seu
1214 3251 1464 3309 indicem

227 3336 532 3408 completum
579 3357 762 3412 super
806 3338 1132 3397 doctrinam
1165 3340 1257 3397 Jo.
1292 3339 1464 3399 Scoti.

228 3418 359 3480 falso
387 3431 577 3483 autem
613 3447 650 3485 a
682 3426 959 3503 pluribus
993 3427 1212 3486 dicitur
1228 3447 1273 3486 c.
1301 3439 1463 3491 1464

227 3508 407 3570 vixisse.
454 3548 541 3557 ——-
601 3516 949 3574 Jacobus
1000 3517 1382 3585 TrisantO,
1434 3539 1468 3578 a

230 3601 480 3660 nonnullis
510 3604 726 3662 beatus
757 3605 971 3674 dictuS,
1004 3606 1304 3681 epitomen
1338 3616 1373 3667 4
1407 3608 1463 3665 ll.

230 3691 611 3752 sententiarum
660 3713 733 3752 ex
782 3695 961 3752 variis
994 3697 1337 3754 auctoribus
1369 3716 1463 3755 ex-

234 3778 408 3851 cerpsit
434 3781 585 3840 intra
630 3791 990 3846 1308—23.

304 3962 427 4016 246.
453 3959 785 4038 Theologus
796 3959 847 4038 ³)
910 3962 1083 4037 plane
1148 3962 1467 4039 singularis

237 4037 325 4098 fuit
348 4044 824 4123 Raymundus
856 4051 1023 4109 Lull
1044 4071 1128 4109 us
1158 4051 1324 4111 tertii
1345 4052 1465 4109 ord.

239 4144 271 4182 s,
313 4131 482 4193 Franc.
538 4139 961 4214 MajoricensiS,
1025 4160 1143 4199 non
1204 4142 1467 4215 aequalis

241 4218 479 4290 opinionis
508 4229 661 4303 apud
697 4248 916 4287 omnes.
948 4230 1140 4288 Natus
1161 4234 1250 4287 est
1281 4230 1466 4288 nobili

244 4354 503 4373 κὴ

306 4427 334 4491 ¹)
357 4424 426 4505 cf.
449 4430 601 4485 reret
628 4435 720 4496 111,
748 4438 1014 4491 ses—67.

284 4499 334 4570 fl
360 4495 634 4572 Utriusque
674 4506 862 4575 operis
902 4505 1343 4574 descriptionem
1380 4524 1465 4559 ex-

251 4559 374 4616 hibet
394 4569 601 4629 Schulte
628 4577 694 4634 ΙΙ.
721 4581 987 4634 385-91.

308 4643 340 4699 ἣ
404 4639 505 4695 Den
564 4649 943 4701 sonderbaren
1008 4646 1464 4702 Wissenschafts-

254 4699 458 4765 kunstler
492 4715 548 4768 R.
575 4718 629 4771 L.
660 4760 672 4771 .
702 4761 714 4773 .
746 4759 758 4772 .
804 4718 959 4771 kann
1002 4737 1135 4772 man
1177 4720 1465 4773 natfirlich

1522 1646 1693 1715 sioni,
1748 1665 1900 1720 quae
1937 1646 2062 1720 jam
2096 1648 2243 1703 tunc
2292 1645 2405 1720 ipsi
2440 1645 2514 1703 ob
2547 1650 2808 1704 mentem

1521 1736 1871 1794 versabatur
1886 1744 1906 1793 ε’
1936 1735 2070 1792 hinc
2103 1733 2214 1793 sibi
2237 1753 2473 1792 servum
2506 1728 2808 1809 compara'-

1522 1825 1608 1883 vit
1656 1823 2224 1883 mohammedanum.
2288 1823 2431 1880 Cum
2483 1842 2622 1883 vero
2672 1843 2807 1881 eum

1521 1913 1841 1988 aliquando
1875 1914 1951 1971 ob
1987 1912 2380 1988 blasphemias
2412 1912 2475 1970 111
2506 1901 2804 1970 Christum

1522 2005 1781 2078 prolatas
1841 2001 2334 2077 reprehendisset,
2398 2001 2565 2077 gravi
2620 2002 2692 2059 ab
2739 2020 2806 2059 eo

1522 2092 1768 2150 vulnere
1789 2092 1904 2149 suit
1925 2108 2259 2166 percussus.
2293 2090 2436 2147 Post
2467 2090 2804 2149 studiorum

1521 2180 1870 2239 decennium
1906 2181 2283 2256 prolixasque
2334 2197 2536 2253 preces
2582 2179 2648 2237 in
2678 2179 2804 2237 loco

1522 2270 1786 2329 solitario
1818 2269 2032 2328 effusas
2063 2268 2387 2326 infidelium
2441 2268 2809 2327 conversioni

1522 2378 1582 2417 se
1615 2359 1880 2419 accinxit.
1945 2358 2118 2416 Hunc
2149 2358 2212 2414 in
2244 2357 2419 2414 finem
2451 2357 2810 2434 excogitavit

1521 2468 1686 2506 suam
1704 2448 1985 2506 famosam
2003 2451 2191 2504 artem
2208 2445 2600 2503 universalem
2618 2446 2804 2504 scien-

1521 2538 1759 2606 tiarum,
1795 2537 1853 2594 vi
1886 2538 2056 2611 cujus
2089 2540 2287 2611 posset
2306 2534 2570 2593 infideles
2592 2535 2686 2593 via
2705 2535 2805 2591 de-

1522 2646 1654 2685 mon
1664 2627 1969 2685 strationis
2003 2624 2310 2684 rationalis
2330 2624 2404 2681 ad
2424 2623 2596 2682 fidem
2618 2624 2804 2698 addu-

1522 2735 1665 2774 cere.
1704 2716 1796 2774 Ad
1819 2714 2206 2774 efformandos
2225 2705 2459 2772 mission
2470 2714 2622 2772 arios
2638 2713 2806 2789 aptos

1520 2806 1821 2881 persuasit
1880 2805 2100 2863 Jacobo
2151 2803 2479 2879 Aragoniae
2528 2804 2672 2879 regi,
2737 2806 2824 2866 ut,

1520 2895 1798 2952 fundaret
1859 2894 2168 2968 Majoricae
2215 2891 2638 2950 monasterium
2700 2911 2806 2968 pro

1521 2983 1805 3042 tredecim
1838 2982 2125 3041 fratribus
2160 2982 2223 3040 Ο.
2245 2982 2386 3039 Min.
2420 2980 2664 3039 Interim
2681 2981 2805 3056 ipse

1520 3074 1668 3130 alios
1701 3079 1879 3147 atque
1912 3072 2058 3131 alios
2092 3071 2480 3146 componebat
2512 3070 2695 3130 libros
2715 3089 2804 3127 se-

1522 3163 1784 3220 cundum
1818 3162 2089 3219 *theorias
2126 3181 2159 3218 a
2191 3179 2253 3218 se
2285 3163 2596 3234 conceptas
2642 3159 2805 3217 illius

1524 3252 1669 3310 artis
1719 3269 1985 3326 magnae,
2038 3268 2286 3323 eamque
2336 3248 2561 3317 docere,
2596 3268 2805 3323 propa·

1521 3360 1661 3417 gare
1682 3340 1934 3413 aliisque
1954 3339 2283 3414 patefacere
2306 3338 2618 3413 satagebat
2640 3339 2803 3394 Mon-

1519 3429 1827 3504 tepesuliS,
1844 3428 2101 3496 Parisiis),
2122 3428 2374 3486 Genuae.
2411 3427 2650 3483 Romam
2674 3446 2806 3501 pro-

1522 3517 1710 3577 fectus
1744 3520 1837 3576 est
1870 3513 2096 3598 (1287)
2131 3517 2204 3574 ad
2239 3515 2565 3573 Honorium
2585 3514 2701 3584 IV„
2736 3519 2806 3573 ut

1522 3626 1792 3665 summus
1829 3605 2094 3680 pontifex
2139 3625 2246 3663 sua
2290 3603 2535 3662 consilia
2566 3622 2804 3678 promo-

1522 3703 1687 3755 veret
1719 3715 2008 3770 suamque
2054 3695 2414 3770 approbaret
2444 3698 2649 3762 artem,
2703 3693 2802 3750 sed

1521 3786 1692 3845 nullo
1724 3803 2016 3843 successu.
2051 3784 2130 3841 Ut
2162 3802 2301 3859 ergo
2322 3782 2495 3840 factis
2527 3782 2805 3857 probaret

1520 3873 1838 3933 efficaciam
1882 3874 2064 3948 hujus
2088 3873 2253 3940 artis,
2289 3871 2590 3929 Tunisiam
2626 3871 2807 3928 solvit

1523 3960 1751 4043 (1291)
1803 3963 2005 4037 ibique
2056 3962 2245 4036 coepit
2300 3961 2608 4036 disputare
2670 3979 2804 4017 cum

1521 4050 2045 4121 Mohammedanis,
2099 4051 2199 4109 sed
2264 4051 2419 4108 vitae
2470 4050 2801 4125 periculum

1519 4142 1772 4199 incurrit
1789 4146 1848 4198 et
1859 4140 2291 4216 demumarege
2309 4141 2365 4197 vi
2379 4139 2802 4213 fuitexpulsus.

1520 4230 1721 4288 Rediit
1770 4231 1832 4287 in
1881 4230 2135 4299 Italiam,
2182 4230 2384 4304 plures
2429 4230 2699 4304 regiones
2746 4230 2806 4285 et

1522 4320 1697 4377 urbes
1728 4319 2082 4394 peragravit,
2131 4321 2201 4376 ut
2246 4338 2410 4376 suam
2444 4318 2678 4375 doceret
2711 4337 2803 4374 ar-

1520 4413 1639 4465 tem
1703 4427 2052 4483 erroresque
2113 4407 2493 4483 impugnaret
2543 4406 2801 4481 philoso-

1519 4498 1690 4572 phiae
1723 4497 2001 4555 arabicae.
2036 4496 2182 4555 Dein
2216 4497 2280 4554 in
2313 4495 2610 4555 Orientem
2638 4495 2801 4560 abiit,

1522 4605 1654 4644 cum
1687 4586 1741 4643 N
1746 4586 2060 4645 estorianis
2082 4587 2143 4643 et
2161 4585 2452 4643 Jacobitis
2473 4584 2805 4658 disputavit

1518 4694 1639 4734 non
1671 4675 1798 4733 sine
1831 4675 1986 4734 vitae
2018 4674 2372 4732 discrimine.
2407 4674 2661 4731 Africam
2691 4673 2800 4730 ite-

260 4772 381 4830 nicht
420 4790 568 4840 unte,-
613 4791 704 4843 die
750 4789 1098 4843 klaggjschen
1140 4791 1465 4862 Theologen
1519 4784 1651 4822 rum
1686 4763 1834 4821 adiit
1865 4763 2023 4822 haud
2057 4762 2305 4821 feliciori
2335 4764 2553 4820 fructu.
2588 4762 2658 4818 In
2678 4779 2803 4819 car-

261 4847 466 4907 rechnen.
491 4857 761 4915 Scheeben
790 4861 826 4918 l.
855 4868 881 4918 1
915 4880 968 4915 11.
996 4867 1136 4918 1053
1163 4866 1357 4916 annot.

1488 4867 1707 4934 'cerem
1743 4853 2044 4928 conjectus
2080 4873 2112 4910 a
2143 4852 2570 4910 mercatoribus
2616 4869 2801 4926 genu-
