3475 5364
671 435 788 488 491
1064 419 1437 473 1301—1325.
1471 415 1665 470 Theol.
1692 414 1810 485 pol.
1837 414 2167 479 Porchetue,
2195 412 2524 467 Mat-thaeus
2550 411 2619 465 de
2646 412 2900 480 Aquasp.
3182 426 3292 480 492

671 600 763 659 dit
823 620 1061 676 quoque
1112 601 1620 678 Propuynaculum
1665 602 1802 674 fidei
1850 600 1953 658 ad-

668 708 876 748 versus
908 689 1213 748 mendacia
1255 693 1317 748 et
1360 690 1751 749 deliramenta
1783 690 1953 748 Sara—

670 798 948 839 cenorum
968 779 1260 848 Alcorani‚
1294 778 1525 854 adjecta
1556 784 1646 837 est
1669 780 1955 854 Panoplia

2008 604 2224 669 torum,
2277 617 2427 675 quos
2459 597 2713 657 Hebraei
2760 596 3088 673 recipiunt,
3141 615 3298 654 mon·

668 869 1076 927 catholicorum
1124 873 1329 927 contra
1360 869 1679 927 haereticos
1713 872 1953 928 auctore
2017 877 2182 931 1520
2217 868 2280 926 in
2318 878 2392 936 4.,
2426 885 2575 942 opus
2609 884 2828 924 rarum.
2872 865 3090 923 Utitur
3119 864 3300 941 pluri·

668 958 892 1016 Renato
953 958 1271 1016 B‘enedicto
1340 953 1439 1038 (cf.
1501 958 1553 1016 N
1560 959 1805 1016 omencl.
1866 958 1950 1027 12,
2007 976 2172 1015 mum
2234 957 2434 1031 Raym.
2488 956 2730 1014 Martini
2781 949 2861 1034 (p.
2917 951 3102 1031 400),
3158 955 3303 1011 sicut

675 1043 844 1127 199),
880 1046 1144 1105 Venetiis
1187 1056 1368 1108 1609.
1401 1046 1569 1105 Hanc
1588 1065 1798 1123 graece
1817 1065 1950 1104 ver·
2009 1046 2318 1105 Galatinus
2371 1045 2561 1103 multa
2607 1064 2676 1102 ex
2705 1045 2835 1119 ipso
2868 1043 3192 1102 derivavit.
3224 1077 3302 1085 —

665 1139 824 1194 terat
902 1136 1235 1194 Demetrius
1314 1135 1609 1212 Cydonius
1689 1130 1772 1218 (fl.
1842 1155 1950 1194 sec.
2009 1135 2453 1194 Matthaeus
2530 1134 2601 1192 de
2663 1136 3169 1208 Aquasparta
3245 1132 3301 1189 Ο.

666 1220 845 1304 XIV),
912 1224 1171 1283 Basileae
1240 1233 1426 1294 1543,
1504 1228 1565 1282 et
1628 1225 1694 1283 in
1754 1224 1951 1302 Migne
2007 1224 2147 1282 Min.
2184 1223 2568 1291 Tudertinus»,
2616 1223 2825 1282 doctor
2873 1222 3164 1299 insignis.
3199 1220 3302 1278 lec-

666 1313 882 1372 Patrol.
915 1332 1000 1389 gr.
1034 1313 1221 1381 CLIV,
1265 1323 1430 1377 1035
1468 1332 1574 1383 ss.;
1625 1333 1694 1372 ex
1741 1332 1951 1391 graeco
2005 1317 2101 1373 tor
2134 1332 2177 1372 s.
2215 1312 2445 1382 Palatii,
2494 1311 2708 1370 deinde
2753 1310 2984 1370 ordinis
3031 1310 3303 1368 minister

564 1424 565 1427 ¹
665 1403 727 1460 in
789 1402 1125 1461 nitidiorem
1187 1403 1394 1461 stilum
1454 1402 1655 1461 Barth.
1702 1403 1952 1461 Picenus
2006 1401 2314 1478 generalia.
2348 1407 2399 1459 A
2429 1401 2740 1460 nonnullis
2772 1404 3117 1469 accusatur,
3151 1398 3302 1474 quod

665 1492 737 1550 de
758 1491 959 1550 Monte
989 1492 1191 1561 ardu0,
1213 1492 1442 1551 <Romae
1473 1502 1633 1555 1506
1659 1514 1672 1561 ;
1705 1492 1950 1550 Parisiis
2007 1491 2150 1550 dum
2183 1490 2390 1549 mitius
2425 1494 2486 1549 et
2514 1490 2702 1549 laxius
2737 1494 2960 1566 ageret,
3008 1489 3299 1564 paulatim

673 1590 873 1650 15093
914 1591 1072 1643 1511
1100 1601 1114 1650 3
1143 1591 1343 1651 15133
1377 1580 1603 1656 Hispali
1632 1590 1796 1645 1550
1823 1584 1950 1647 etc.;
2007 1580 2413 1639 attenuaverit
2457 1579 2792 1656 regularem
2840 1578 3300 1637 observantiam.
3387 1592 3389 1631 ;

669 1672 731 1728 et
761 1669 915 1729 forte
926 1671 1054 1745 jam
1085 1679 1247 1733 1520
1283 1671 1570 1746 inscripta
1591 1669 1951 1744 Improbatio
2007 1671 2222 1729 Postea
2253 1670 2573 1729 cardinalis
2607 1663 2835 1749 (1288)
2871 1674 2965 1725 est
2987 1670 3229 1726 creatus
3247 1672 3300 1724 et

666 1759 1254 1830 Alcorani,·Basileae
1274 1759 1745 1835 graeceetlatine
1765 1771 1787 1822 1
1807 1769 1949 1823 550.
2007 1760 2317 1834 episcopus
2369 1758 2711 1834 portuensis
2761 1752 3015 1836 (1291),
3065 1756 3298 1833 legatus

666 1848 1034 1906 Christianae
1080 1848 1215 1922 fidei
1262 1851 1539 1924 confessio
1584 1849 1743 1907 facta
1775 1848 1950 1907 Sara·
2007 1848 2359 1923 apostolicus
2421 1848 2485 1906 in
2533 1846 2915 1907 Romandiola
2979 1849 3043 1904 et
3113 1850 3298 1903 rector

666 1937 840 2006 cenis,
891 1955 1042 2012 quae
1093 1937 1386 2012 reperitur
1435 1955 1571 1995 cum
1616 1938 1811 2013 priore
1858 1956 1948 2012 op.
2008 1937 2546 2011 Lombardiaetquo
2563 1955 2808 1994 munere
2823 1935 3093 2012 fungens
3112 1933 3299 1992 multa

662 2027 727 2083 in
773 2025 1123 2084 collectione
1167 2027 1689 2084 mahometicorum
1736 2026 1949 2084 Theod.
2009 2027 2135 2084 loca
2168 2046 2202 2084 a
2233 2027 2506 2102 tyrannis
2556 2028 2844 2100 occupata
2890 2025 3170 2083 restituit
3199 2022 3293 2080 Ec-

665 2114 994 2173 Bibliandri
1024 2116 1098 2174 11.
1144 2124 1422 2178 184-192
1459 2116 1723 2174 Basileae
1767 2124 1951 2185 15433
2008 2115 2220 2173 clesiae
2254 2111 2315 2195 (†
2353 2112 2564 2192 1302).
2630 2113 2974 2190 Disputavit
3012 2113 3295 2171 adversus

676 2214 840 2267 1550
876 2222 920 2262 s,
955 2205 991 2262 l.
1023 2203 1140 2280 ipsi
1170 2223 1408 2279 quoque
1456 2204 1753 2263 tribuitur
1767 2199 1830 2285 1).
1866 2238 1949 2248 -—
2010 2204 2258 2262 Graecos
2291 2205 2361 2262 de
2391 2211 2624 2262 aeterna
2672 2203 2936 2278 Spiritus
2967 2223 3017 2263 8.
3065 2218 3290 2277 proces·

665 2293 1094 2352 Porchetus
1156 2293 1604 2353 Salvaticus
1669 2290 1768 2377 (de
1820 2293 1949 2369 Syl·
2008 2296 2165 2352 sione
2227 2312 2294 2351 ex
2358 2293 2532 2350 Patre
2583 2292 2874 2368 Filioque,
2940 2310 3100 2366 quae
3164 2290 3291 2347 diss,

665 2376 899 2463 vaticis)
934 2381 996 2440 Ο.
1019 2382 1215 2440 Carth.
1237 2382 1563 2440 Genuensis
1600 2378 1663 2465 (†
1682 2401 1727 2441 c.
1755 2378 1949 2465 1320)
1977 2376 1982 2477 ζ
2007 2387 2217 2441 nostra
2246 2383 2483 2440 demum
2508 2386 2703 2441 aetate
2735 2380 2962 2458 prodiit
2996 2380 3076 2439 ad
3101 2382 3291 2454 Aquas

665 2471 996 2546 composuit
1027 2471 1083 2538 1.,
1135 2490 1309 2545 quem
1343 2471 1649 2547 inscripsit
1692 2472 1953 2530 Victoria
2009 2472 2194 2530 claras
2212 2467 2584 2550 (Quaracchi)
2612 2480 2796 2534 1895.
2833 2470 3068 2528 Pariter
3101 2470 3167 2528 in
3185 2468 3289 2527 ool·

666 2560 942 2618 adversus
972 2561 1180 2634 impios
1211 2559 1525 2635 Hebraeos,
1574 2561 1636 2618 in
1670 2580 1790 2635 qua
1819 2563 1951 2618 tum
2008 2560 2263 2619 lectione
2294 2561 2365 2618 de
2393 2561 2732 2635 coynitionis
2748 2560 3041 2618 humanae
3079 2560 3291 2617 ratione

667 2668 736 2707 ex
769 2667 842 2708 ss.
878 2648 1067 2708 literis
1116 2653 1245 2707 tum
1297 2668 1365 2707 ex
1399 2649 1572 2708 dictis
1604 2649 1854 2709 Talmud
1886 2668 1953 2709 ac
2007 2649 2295 2709 anecdota
2326 2648 2633 2725 quaedam,
2667 2649 2746 2707 ib.
2776 2657 2963 2718 1884,
2998 2649 3287 2707 habentur

667 2737 1133 2796 Cabbalistarum
1167 2742 1227 2796 et
1257 2739 1507 2798 aliorum
1528 2740 1790 2798 omnium
1813 2758 1950 2798 auc·
2008 2739 2275 2814 quinque
2308 2739 2572 2815 ejusdem
2604 2741 2916 2798 tractatus.
2962 2739 3162 2797 Multa
3189 2736 3289 2793 alia

2004 2832 2128 2886 tam
2160 2847 2339 2904 super
2370 2828 2695 2886 sententias
2727 2847 2910 2903 quam
2931 2828 3286 2904 scripturam

1977 2899 1980 3006 ἰ
2008 2913 2412 2996 (Psalterium,
2426 2916 2465 2975 J
2469 2917 2563 2986 ob,
2580 2916 2897 2989 Danielem,
2911 2917 3286 2975 Matthaeum,

747 3035 783 3103 ¹)
811 3031 893 3087 Of.
937 3031 1137 3096 Quetif
1156 3032 1199 3096 1,
1225 3036 1359 3092 504:
1410 3033 1708 3087 Fabricius
1735 3039 1787 3098 ὅ,
1814 3038 1915 3091 391
1938 3055 1950 3092 z
1975 3059 1980 3155 Ι
2007 3025 2095 3081 ep·
2159 3007 2233 3064 ad
2310 3007 2622 3107 quanPS'
2688 3005 3140 3085 Apocalylffiim)
3190 3012 3284 3061 etc·

668 3102 832 3157 Esaer
856 3102 997 3156 KLv.
1023 3104 1087 3169 X,
1116 3108 1274 3161 1196.
2006 3101 2355 3153 manserunt
2387 3094 2623 3154 medita.

913 3392 1024 3492 ΙΙ.
1091 3391 1657 3512 Disciplinae
1726 3391 1843 3490 ad
1911 3419 2026 3492 ss,
2091 3391 2422 3490 literas
2487 3395 3029 3512 spectantes.

757 3638 901 3693 256.
965 3629 1101 3687 Non
1148 3628 1467 3687 deFuerunt
1511 3627 1617 3704 qui
1659 3629 1837 3687 sacris
1871 3628 1945 3685 li·
2001 3628 2142 3687 boll.
2178 3629 2317 3688 VIII
2352 3623 2603 3710 (1889),
2642 3638 3014 3691 365—369.
3067 3629 3142 3687 In
3171 3627 3274 3686 uti-

663 3721 812 3778 teris
875 3718 1305 3787 incumberent,
1360 3717 1461 3776 sed
1522 3718 1946 3793 plerorumque
2001 3718 2230 3776 litatem
2283 3737 2420 3777 vero
2467 3718 2947 3777 concionatorum
2995 3718 3276 3776 Summam

660 3809 894 3866 labores
926 3809 1278 3866 manserunt
1307 3807 1537 3865 inediti.
1584 3839 1669 3850 -
1717 3806 1757 3865 J
1774 3826 1944 3866 oan-
2001 3808 2071 3864 de
2086 3808 2360 3882 exemplis
2377 3814 2428 3864 et
2447 3826 2646 3867 rerum
2661 3808 3165 3883 similitudinibus,
3183 3805 3273 3863 Ve-

662 3915 794 3955 nes
841 3896 911 3954 de
958 3899 1240 3956 Sancto
1275 3896 1726 3954 Geminiano
1758 3896 1946 3954 aloco
2001 3897 2407 3966 netii814973
2453 3895 3272 3972 1577;1582;Antverpiae
3387 3925 3389 3934 >

663 3986 865 4054 natali,
919 3985 1195 4058 Gorini
1225 4004 1260 4043 a
1289 3985 1509 4042 familia
1541 3989 1944 4060 nuncupatuS,
2010 3995 2214 4056 15833
2260 3994 2457 4062 16293
2491 3985 2767 4043 Coloniae
2810 3995 2976 4048 1665
3015 3989 3124 4044 etc.
3186 3983 3268 4043 Di·

2011 692 2242 748 stratur
2286 690 2505 747 veritas
2553 686 2690 746 fidei
2736 686 3083 754 catholicae,
3133 706 3297 762 quem
3387 716 3388 721 κ

2009 778 2195 837 edidit
2255 780 2507 854 August.
2580 777 2980 845 Justinianus,
3071 775 3300 833 Parisiis
3373 841 3378 853 ι

666 4075 729 4133 Ο.
764 4074 966 4132 Praed.
1002 4074 1310 4143 Etruscus,
1360 4074 1590 4132 celeber
1634 4074 1946 4134 conciona-
2004 4075 2162 4132 citur
2181 4075 2398 4133 obiisse
2423 4074 2788 4150 1323,quod
2810 4074 3058 4134 omnino
3078 4075 3270 4133 falsum
3387 4071 3388 4114 ἶ

662 4167 775 4232 tor,
810 4163 1057 4239 reliquit
1090 4163 1447 4237 opusculum
1491 4164 1559 4221 de
1603 4164 1948 4239 quibusdam
2004 4182 2131 4221 esse
2181 4168 2425 4222 censent
2457 4166 2607 4221 Ann.
2651 4164 2791 4222 boll.
2841 4163 2878 4219 l.
2914 4182 2959 4220 c.
2994 4185 3050 4239 p.
3089 4174 3205 4226 359
3235 4178 3268 4218 s.

664 4254 925 4311 materiis
947 4252 1455 4325 praedicabilibus,
1491 4252 1611 4311 scil.
1645 4252 1718 4310 de
1751 4252 1946 4324 operi·
2007 4252 2257 4311 Videtur
2288 4253 2445 4311 enim
2477 4252 2670 4311 adhuc
2724 4253 2946 4310 vixisse
2987 4264 3173 4316 1364.
3201 4282 3269 4296 --
3387 4263 3388 4316 ξ

663 4343 776 4400 bus
822 4360 921 4400 sex
971 4341 1217 4399 dierum.
1252 4341 1493 4399 Parisiis
1547 4351 1709 4404 1512
1760 4342 1824 4400 in
1852 4351 1947 4411 ,43
2007 4342 2263 4400 Simon
2314 4342 2386 4400 de
2433 4342 2757 4416 Corbeja
2808 4341 2873 4398 0.
2927 4343 3116 4400 Carm.
3167 4360 3267 4401 ma·

668 4449 956 4489 sermones
1001 4430 1532 4508 quadraqesimales
1566 4430 1628 4489 in
1661 4432 1948 4506 epistolas
2005 4431 2191 4507 gister
2221 4431 2577 4506 parisiensis,
2624 4429 3011 4506 provincialis
3042 4435 3105 4490 et
3137 4432 3267 4491 vica-

670 4523 731 4579 et
763 4520 1081 4596 evangelia,
1117 4520 1194 4578 ib.
1227 4530 1381 4583 1511
1410 4542 1424 4589 3
1458 4524 1519 4578 et
1549 4520 1679 4577 aliis
1713 4521 1949 4578 omissis
2004 4521 2132 4579 rius
2194 4519 2489 4596 generalis
2549 4521 2614 4578 in
2674 4519 2949 4595 partibus
3013 4520 3266 4579 Franciae

668 4611 844 4667 vitam
877 4628 924 4667 s.
963 4608 1145 4666 Finae
1194 4606 1254 4686 (†
1296 4607 1487 4691 1253)
1539 4609 1603 4666 in
1653 4609 1800 4667 actis
1852 4609 1947 4667 SS.
2007 4603 2254 4691 (1319),
2288 4609 2505 4667 claruit
2533 4608 2843 4685 sapientia,
2878 4609 3167 4680 doctrina,
3186 4606 3263 4667 sd·

674 4708 769 4760 1‘2.
802 4698 973 4757 Mart.
1025 4698 1100 4767 ΙΙ,
1158 4707 1492 4767 236—42;
1544 4698 1870 4775 Leqendam
1901 4699 1950 4759 h.
2008 4698 2262 4756 mirabili
2312 4699 2605 4766 facundia,
2658 4697 3019 4773 scripsitque
3069 4700 3265 4775 glossas

671 4789 827 4847 Petri
845 4789 914 4846 de
936 4786 1212 4862 Fuzyineo
1233 4785 1294 4865 (†
1324 4787 1539 4866 1323),
1561 4789 1732 4862 cujus
1754 4788 1951 4863 priora
2007 4788 2070 4845 in
2102 4792 2430 4863 utrumque
2461 4787 2520 4845 Τ.
2574 4820 2661 4829 —-
2707 4786 2760 4844 N
2778 4786 3021 4846 icolai
3073 4789 3112 4846 S
3132 4794 3262 4845 tau-

666 4895 744 4936 cc.
774 4871 871 4959 (8)
919 4876 1099 4934 habes
1148 4877 1210 4935 in
1244 4879 1371 4936 Act.
1419 4876 1516 4934 SS.
1566 4887 1661 4938 19.
1693 4876 1816 4934 Jul.
1850 4875 1948 4945 lv,
2009 4876 2218 4934 sordi
2252 4877 2315 4935 Ο.
2339 4877 2418 4936 ci.
2453 4876 2532 4956 (fl.
2567 4894 2614 4934 c.
2657 4873 2852 4954 1310)
2887 4877 3071 4953 Angli
3098 4894 3262 4935 mora·

669 4975 1050 5034 6365—6683
1102 4966 1335 5041 reliqua
1387 4985 1421 5022 a
1470 4983 1515 5022 c.
1571 4976 1623 5026 9.
1669 4965 1733 5022 in
1781 4965 1949 5022 Anal.
1977 4913 1982 5016 i
2007 4965 2204 5024 litates
2234 4965 2300 5023 in
2334 4965 2606 5024 Genesim
2643 4961 2916 5046 (argutae
2936 4970 3000 5024 et
3019 4957 3260 5040 solidae),
