3475 5364
155 361 260 412 531
538 340 627 393 J0.
657 339 729 393 de
757 338 927 405 Beka,
958 338 1156 393 Petrus
1183 337 1254 394 de
1281 340 1480 406 Dusb„
1511 341 1797 409 Hoeneke‚
1826 341 2149 399 Bernardus
2176 344 2313 399 Nor.
2340 347 2445 401 etc.
2681 365 2805 420 532

157 548 283 586 cum
303 527 590 586 secunda
607 528 739 602 ejus
759 531 926 603 parte
958 528 1278 600 earefemt,
1314 547 1460 603 quo·
1518 549 1566 586 a.
1611 537 1797 598 1325,
1843 531 2113 589 oculatus
2157 520 2489 591 multorum
2530 552 2682 608 quae
2713 554 2805 594 re-

156 636 278 674 rum
312 617 449 692 ipse
502 617 630 676 fuit
658 617 848 687 testie,
897 616 1015 675 imo
1048 619 1110 675 et
1139 636 1294 693 pars.
1342 618 1460 675 Ne·
1518 618 1663 676 tulit
1695 619 1900 677 testis:
1945 619 2100 678 illud
2132 639 2463 697 anonymus
2495 623 2802 683 continua-

162 726 268 781 que
307 706 513 765 solum
569 724 665 764 res
712 705 1043 765 leodienses
1088 711 1307 778 narrat,
1358 706 1462 766 sed
1519 706 1605 765 vit
1654 706 1728 765 ad
1779 726 1827 765 a.
1891 726 2082 784 usque
2140 718 2324 773 1426.
2391 710 2619 769 Prodiit
2665 731 2807 772 cura

159 803 215 852 et
259 795 595 871 regionum
646 795 898 853 aliarum
961 794 1115 853 facta
1178 797 1458 873 attingit:
1517 795 1921 871 christophori
1983 797 2369 858 Hartknochii
2434 800 2807 861 Francofurti

164 884 332 943 stilus
383 889 482 942 est·
539 890 836 959 comptus,
896 883 1039 942 ordo
1090 888 1291 943 tamen
1339 904 1462 944 non
1517 888 1577 942 et
1622 885 1854 960 Lipsiae
1902 883 2106 968 (etiam
2137 886 2347 965 Jenae)
2406 898 2566 953 1679
2615 890 2678 948 in
2727 902 2803 960 4.‚

163 992 381 1049 semper
428 973 587 1031 satis
633 977 906 1032 servatus
921 972 984 1050 ¹).
1048 973 1256 1033 Edidit
1295 975 1460 1033 illam
1518 974 1623 1049 qui
1655 974 1874 1050 adjecit
1920 979 2092 1034 notas
2138 980 2316 1051 atque
2347 976 2485 1036 diss.
2526 989 2603 1043 19
2651 980 2802 1039 anti-

166 1062 542 1138 Chapeaville
596 1063 658 1120 in
710 1063 836 1121 suis
881 1063 1064 1138 gestis
1111 1064 1457 1138 pontificum
1516 1064 1779 1138 quitates
1810 1065 2103 1139 prussieas
2123 1066 2528 1136 illustrantes;
2561 1067 2633 1126 ed
2652 1088 2801 1138 rara,

169 1152 612 1228 tungrensium,
646 1152 1094 1226 trajectensium
1115 1155 1178 1210 et
1196 1153 1457 1211 leodien-

169 1241 328 1312 sium,
363 1240 923 1309 Leodii1613.11‚
961 1250 1329 1304 273-514,
1373 1275 1460 1285 -

173 1330 503 1388 Joannes
559 1329 636 1388 de
687 1331 920 1400 Beka,
985 1331 1266 1400 Becanus,
1318 1333 1460 1390 Bra-

170 1419 439 1477 bantinus
490 1415 562 1498 (†
597 1437 644 1477 c.
686 1429 851 1482 1346
897 1420 988 1479 vel
1033 1415 1241 1500 1350),
1290 1439 1459 1479 cano-

176 1509 328 1566 nicus
359 1528 483 1585 reg.
521 1527 574 1568 s.
611 1508 854 1567 Martini
896 1510 1241 1567 monasterii
1273 1509 1460 1568 ultra-

1518 1150 1621 1209 sed
1647 1152 1965 1212 admodum
1992 1154 2301 1224 mendosa3
2336 1155 2579 1231 Toppen
2600 1159 2664 1216 in
2683 1158 2802 1216 Scr.

1516 1260 1627 1299 rer.
1670 1242 1872 1300 Pruss.
1906 1242 2139 1318 Lipsiae
2168 1253 2326 1307 1861
2359 1245 2401 1313 Ι,
2428 1253 2693 1309 21-213.
2715 1281 2802 1291 -

1517 1330 1608 1387 Ad
1629 1330 1897 1405 ejusdem
1931 1331 2159 1391 ordinis
2178 1334 2467 1392 teutonici
2496 1335 2801 1394 historiam

1518 1422 1750 1494 spectat
1776 1420 1822 1477 L
1842 1420 1912 1479 iv
1933 1422 1954 1478 1
1974 1429 2067 1479 sn
2087 1421 2162 1479 di
2182 1421 2358 1481 sche
2404 1422 2802 1485 Reimchro-

1517 1508 1657 1566 nik
1685 1504 2120 1590 (1315-1348)
2155 1511 2590 1571 Bartholomaei
2622 1514 2801 1573 Hoe-

169 1597 361 1671 jectini
427 1596 688 1672 scripsit
757 1601 1030 1657 accurate
1091 1597 1461 1657 documentis
1514 1597 1884 1657 nekeillius
1903 1598 2475 1659 ordinissacerdotis.
2497 1601 2800 1662 Ealauda-

180 1686 418 1756 innixus‚
470 1688 789 1745 chronicon
836 1688 906 1745 de
954 1689 1235 1763 episcopis
1273 1689 1460 1746 ultra·
1514 1691 1617 1745 tur
1638 1687 2039 1745 anotitiarum
2056 1689 2661 1763 copiaetnarratiouis
2680 1692 2798 1750 sin·

169 1777 379 1848 jectinis
442 1772 973 1856 (690-1346),
1034 1776 1208 1836 modo
1270 1776 1462 1836 adhuc

185 1865 362 1939 magni
411 1865 617 1939 pretii,
669 1866 832 1939 quod
885 1884 1219 1942 anonymus
1271 1866 1458 1924 conti-

185 1954 442 2029 nuavit2)
494 1954 572 2011 ad
622 1972 677 2010 a.
722 1964 905 2016 1393.
958 1953 1045 2032 (et
1091 1954 1245 2014 alius
1291 1955 1365 2013 ad
1410 1975 1445 2014 a

193 2037 400 2121 1425),
463 2047 610 2118 post
661 2044 751 2102 ed.
801 2044 976 2105 Bern.
1029 2043 1322 2103 Furmerii
1371 2045 1459 2103 vi-

188 2130 539 2189 tiosissimam
605 2131 973 2191 Franckerae
1046 2142 1209 2196 1612
1274 2134 1339 2192 in
1401 2144 1459 2204 4,

188 2218 390 2277 editum
422 2220 645 2279 melius
691 2241 728 2280 a
759 2220 917 2280 Gisb.
949 2221 1189 2296 Lappen
1231 2223 1338 2281 hac
1370 2223 1459 2281 in·

1517 1776 1783 1846 ceritate‚
1832 1775 1975 1835 adeo
2021 1780 2092 1835 ut
2135 1779 2470 1853 praecipuis
2530 1780 2800 1839 fontibus

1516 1883 1624 1939 pro
1668 1865 1916 1925 historia
1959 1866 2140 1940 hujus
2184 1867 2448 1945 regionis
2498 1869 2799 1928 habeatur.

1517 1953 1748 2012 Prodiit
1779 1972 1922 2013 cura
1953 1955 2149 2013 Const.
2178 1956 2533 2027 Hohlbaum,
2565 1956 2800 2033 Lipsiae

1525 2051 1709 2105 1872.
1756 2064 1845 2087 ²—
1889 2044 2087 2102 Bern
2106 2044 2337 2105 ardus
2383 2045 2540 2106 OSB.
2590 2048 2799 2106 cremi-

1515 2131 1777 2191 fanensis
1825 2133 2147 2192 monachus
2213 2134 2261 2191 N
2282 2153 2316 2192 o
2333 2154 2362 2191 r
2378 2134 2444 2193 ic
2458 2155 2501 2194 u
2517 2154 2544 2193 s
2604 2135 2800 2195 dictus

1517 2220 1885 2296 aliquamdiu
1902 2222 2064 2297 prior
2082 2219 2141 2303 (†
2169 2235 2193 2284 1
2210 2232 2244 2285 3
2256 2232 2287 2283 2
2301 2218 2362 2303 7)
2382 2224 2619 2300 scripsit
2632 2244 2799 2301 prae-

191 2308 512 2383 scriptione:
536 2309 595 2368 J.
619 2311 815 2372 Beka.
842 2359 855 2372 .
875 2357 890 2373 .
922 2317 983 2368 et
1001 2311 1175 2369 Wilh.
1195 2307 1458 2393 Hedass)
1516 2315 1609 2368 ter
1646 2310 1761 2369 alia
1798 2312 1867 2368 de
1903 2312 2105 2369 ordine
2133 2314 2535 2390 episcoporum
2565 2315 2798 2373 laurea-

193 2401 545 2473 praepositus
598 2399 1013 2458 arnhemensis
1063 2400 1132 2458 de
1182 2402 1463 2476 episcopis
1515 2401 1765 2458 censium
1783 2396 1966 2481 (inter
1985 2400 2138 2458 Pezii
2160 2401 2370 2475 Script.
2404 2421 2513 2460 rer.
2546 2406 2729 2461 austr.
2751 2404 2795 2473 1,

199 2484 549 2564 ultrajectinis
569 2488 871 2565 recogniti
900 2493 962 2547 et
980 2488 1140 2547 notis
1161 2489 1462 2548 historicis
1524 2500 1545 2550 l
1566 2498 1707 2557 296,
1744 2488 1847 2547 sed
1879 2490 2079 2547 minus
2099 2485 2424 2569 accurate);
2457 2491 2526 2548 de
2543 2493 2797 2569 cataloyo

199 2575 455 2634 illustrati
484 2577 561 2634 ab
582 2582 734 2641 Arn.
755 2578 1036 2636 Buchelio
1069 2578 1305 2654 (optimi
1324 2598 1460 2637 auc-

200 2665 324 2723 toris
351 2665 604 2742 pessimo
628 2667 968 2735 scholiasta,
997 2667 1195 2742 inquit
1226 2662 1457 2749 Schiiz)‚

1517 2577 1789 2636 abbatum
1840 2573 1944 2658 (ib.
1994 2579 2069 2646 11,
2125 2587 2202 2641 58
2225 2622 2238 2648 ‚
2303 2580 2458 2638 haud
2518 2577 2796 2661 integre),

1517 2686 1692 2742 quem
1726 2667 1930 2743 plures
1963 2667 2392 2727 continuarunt
2422 2669 2493 2727 ad
2525 2690 2570 2729 a.
2604 2679 2796 2741 14883

203 2751 480 2830 Ultrajecti
505 2766 714 2827 16433
749 2756 975 2832 prodiit
1003 2761 1065 2815 et
1093 2758 1209 2816 iam
1235 2759 1460 2833 belgice
1515 2759 1788 2815 narratio
1830 2758 1900 2815 de
1946 2759 2177 2815 ecclesia
2204 2759 2795 2837 chremmunstrensi,

206 2860 411 2902 versum
454 2864 588 2904 cum
623 2846 791 2905 notis
840 2850 901 2905 et
947 2847 1461 2906 observationibus

1517 2864 1667 2920 quae
1717 2849 1811 2903 est
1856 2865 1995 2922 pars
2044 2846 2079 2909 l.
2131 2848 2200 2905 de
2249 2849 2487 2923 oriyine·
2518 2856 2569 2906 et
2616 2851 2800 2908 ruina

204 2930 275 2987 ed.
311 2936 371 2989 A.
401 2934 685 2994 Matthaei
720 2935 848 2998 vet.
896 2936 1022 2994 aevi
1069 2937 1264 2995 annal.
1314 2936 1458 3011 111³,
1514 2937 1851 2993 monasterii
1868 2937 2302 3010 cremifanensis
2317 2933 2521 3018 (quam
2538 2932 2797 3017 exhibet)

217 3029 454 3085 1-407,
494 3058 578 3067 —
615 3025 690 3082 In
721 3022 1038 3083 collectione
1064 3026 1459 3098 formularum

209 3102 614 3193 (Formelbuch)
661 3113 996 3171 Arnoldi
1028 3114 1100 3173 de
1131 3115 1458 3174 Protzan

212 3200 435 3257 canonici
463 3202 954 3261 wratislaviensis
986 3199 1047 3283 (†
1078 3202 1269 3280 1338)
1301 3204 1461 3263 edita

211 3303 238 3340 a
264 3284 622 3349 wattenbach
673 3292 734 3348 in
782 3292 978 3350 codice
1019 3291 1261 3367 diplom.
1313 3292 1457 3350 Sile-

215 3373 328 3443 siae,
373 3376 788 3439 wratislaviae
843 3390 1005 3445 1862
1062 3381 1123 3438 in
1176 3392 1231 3442 4.
1280 3382 1458 3440 docu-

216 3472 380 3522 menta
413 3469 667 3541 pretiosa
705 3469 1089 3543 reperiuntur
1128 3489 1234 3545 pro
1273 3471 1459 3529 histo·

216 3550 287 3608 ria
313 3552 598 3616 Nanker
647 3559 918 3633 episcopi
971 3559 1458 3618 wratislaviensis

220 3636 268 3715 (†
301 3640 486 3725 1341).
543 3681 615 3691 -
675 3647 956 3706 Petrus
994 3647 1066 3706 de
1099 3647 1461 3726 Dusburg

219 3725 269 3784 Ο.
297 3728 442 3790 Teut.
474 3737 751 3795 sacerdos
799 3742 861 3796 et
904 3737 996 3795 vir
1042 3738 1177 3812 pius
1224 3738 1462 3813 scripsit

223 3816 478 3880 chronicon
523 3825 740 3884 Terrae
775 3825 1067 3896 Pru-seiae,
1115 3827 1180 3885 in
1213 3845 1332 3901 quo
1365 3846 1460 3885 or-

223 3903 347 3964 dinis
372 3914 647 3973 teutonici
682 3915 851 3993 origo
880 3918 941 3973 et
971 3934 1061 3974 res
1091 3919 1292 3992 gestae
1322 3933 1460 3974 con-

227 3992 507 4071 tinentius)
553 4005 625 4063 ab
661 4025 715 4063 a.
758 4013 921 4066 1226
973 4004 1353 4078 potissimum
1387 4005 1463 4064 ad

232 4184 613 4315 3923'OEfflurth
634 4192 828 4260 Biogr.
855 4194 971 4247 nat.
990 4192 1058 4247 de
1075 4192 1349 4262 Belgique
1369 4194 1462 4258 IX,

289 4325 417 4392 ²1qu.
440 4329 690 4404 Janning
731 4333 792 4386 in
835 4336 960 4388 Act.
989 4335 1081 4390 SS.
1107 4336 1148 4389 t.
1177 4335 1300 4390 VH.
1327 4335 1461 4395 Jun,

236 4398 325 4471 1²22
347 4414 400 4449 su
441 4402 512 4470 pl.
538 4403 596 4456 in
623 4404 904 4475 peculiari
942 4405 1179 4475 disquis.
1205 4405 1267 4459 in
1295 4407 1462 4461 Chro-

238 4478 370 4518 mcou
426 4489 472 4524 o.
496 4474 560 4528 de
586 4475 762 4530 Beka.

1516 3042 1651 3082 cum
1698 3024 1963 3102 catalogo
2012 3025 2209 3084 Bauch
2255 3026 2415 3084 inter
2457 3045 2569 3085 rer.
2614 3030 2798 3085 austr.

1517 3112 1614 3171 SS.
1649 3113 1722 3182 11,
1763 3122 2130 3183 381-428,
2180 3133 2331 3188 quae
2376 3116 2633 3190 reperies
2665 3134 2799 3174 cum

1516 3202 1649 3260 aliis
1691 3202 1950 3261 auctoris
1991 3203 2181 3261 nostri
2229 3199 2376 3284 (scil.
2413 3204 2497 3263 de
2530 3205 2800 3264 ordine

1516 3290 1788 3349 ducum
1840 3291 2256 3350 Wawariae
2307 3293 2432 3351 sive
2481 3313 2691 3370 regum
2741 3298 2802 3352 et

1517 3380 1745 3457 origine
1792 3385 1853 3438 et
1898 3380 2104 3440 ordine
2148 3380 2368 3440 ducum
2402 3378 2703 3463 Austriae)
2737 3382 2801 3444 iu

1518 3469 1643 3527 ΜΘ.
1678 3469 1775 3527 SS.
1811 3470 1984 3539 XXV,
2037 3479 2384 3533 638-678
2420 3470 2493 3528 ed
2526 3471 2797 3541 Waitz,

1517 3558 1622 3616 ubi
1655 3558 1830 3617 etiam
1867 3577 1924 3633 p.
1962 3568 2261 3621 617—22
2312 3560 2555 3617 historia
2587 3563 2799 3637 episco-

1517 3764 1595 3817 cis
1623 3763 1879 3819 reddidit
1907 3765 2162 3817 versibus
2181 3768 2415 3835 (27738),
2444 3782 2589 3833 quae
2618 3766 2801 3821 versio

1517 3852 1550 3888 a
1595 3835 1904 3906 philologis
1947 3837 2143 3907 magni
2186 3837 2524 3890 aestimatur
2573 3839 2645 3890 ob
2676 3838 2799 3893 *lin-

1516 3924 1706 3977 guam.
1740 3905 1953 3961 Prodiit
1973 3924 2107 3960 cura.
2124 3908 2385 3961 Strehlke
2402 3907 2627 3978 Lipsiae
2645 3912 2802 3971 1861;

1516 3979 1575 4031 in
1588 3978 1847 4047 Beitrzige
1861 3996 1959 4031 zur
1972 3979 2171 4033 Gesch.
2190 3978 2288 4032 der
2309 3980 2802 4035 mitteldeutschen

1518 4049 1766 4119 Sprache
1815 4068 1867 4103 u.
1913 4049 2016 4103 Lit.
2060 4049 2144 4104 ed.
2188 4049 2416 4104 Pfeiffer
2466 4052 2801 4120 fragmenta,

1520 4122 1808 4189 Stuttgart
1847 4123 2003 4177 1854.
2051 4120 2132 4175 Cf.
2162 4121 2423 4176 Potthast
2450 4141 2503 4191 p.
2531 4126 2652 4179 646.
2672 4128 2802 4179 916.

1520 4189 1733 4246 Montio
1785 4192 1877 4245 hic
1923 4193 2048 4273 fieri
2095 4196 2285 4262 posset
2332 4198 2389 4247 et
2436 4199 2667 4262 fontfum
2704 4199 2803 4279 'oli-

1517 4283 1768 4388 0‘2'513'15?
1787 4264 2803 4390 03331f5r2ffiff0ssssssstssiufffi'gad‘‘1³⁷2

1519 4406 1748 4459 Prussia
1768 4427 1778 4463 z
1798 4410 2102 4461 chronicam
2120 4412 2391 4461 olivensem
2405 4414 2523 4479 (seu
2537 4408 2604 4461 de
2622 4407 2801 4477 prima

1520 4477 1860 4531 fundatione
1908 4478 2236 4531 monasterii
2275 4478 2471 4533 Olivae
2521 4496 2571 4531 a.
2613 4482 2803 4551 1170);

295 4538 522 4615 ''fQGniL
559 4547 760 4601 Heda
801 4548 916 4601 fuit
953 4546 1228 4630 Philippo
1257 4550 1297 4604 I.
1324 4565 1358 4602 a
1385 4565 1463 4602 se·
1520 4552 1728 4602 tabulas
1791 4548 2164 4603 fundatorum
2201 4620 2212 4631 ⁶
2241 4554 2300 4603 et
2358 4550 2802 4632 benefactorum,

243 4610 385 4683 ὓζθῧὸ,
407 4619 748 4685 praepositus
774 4619 1164 4673 arnhemensis
1203 4622 1263 4673 et
1302 4637 1464 4674 cano·
1520 4622 1750 4674 auctore
1770 4621 1975 4674 abbate
2003 4621 2037 4674 S
2056 4623 2181 4673 tan
2197 4639 2218 4674 1
2236 4640 2259 4673 s
2276 4621 2297 4674 l
2313 4639 2346 4673 a.
2363 4640 2412 4687 o,
2441 4622 2651 4689 qulbus
2678 4624 2803 4676 sub-

246 4689 372 4732 mcus
408 4684 805 4758 ultrajectensis
858 4693 904 4755 (†
950 4694 1127 4763 1525),
1175 4691 1274 4759 qui
1321 4709 1466 4762 opus
1517 4690 1800 4760 jiciuntur
1842 4696 2076 4746 Annales
2115 4691 2394 4745 olivenses
2434 4697 2802 4757 1356—1545‚

249 4751 545 4812 continuavit
567 4760 637 4814 ad
662 4778 712 4817 a.
743 4766 901 4819 1521.

1522 4780 1668 4831 quse
1709 4762 1905 4817 omnia
1945 4763 2284 4829 prodierunt
2323 4764 2383 4817 in
2422 4764 2573 4817 Mon.
2614 4763 2806 4818 Polon.

266 4885 274 4893 ,
302 4825 334 4885 ⁴)
356 4821 686 4886 Nicolaus
738 4832 808 4887 de
859 4831 891 4885 J
905 4834 1258 4887 eroschin
1307 4834 1466 4887 soda-
1524 4838 1563 4890 t.
1595 4835 1685 4891 Vl.
1727 4852 1864 4888 curs
1892 4834 1981 4888 W.
2024 4834 2380 4903 Ketrzynski.
2435 4835 2516 4890 Cf.
2546 4834 2807 4888 Potthast

249 4882 301 4938 ¹¹⁸
320 4907 356 4944 0·
377 4900 625 4959 1335—41
655 4903 983 4957 chronicam
1019 4905 1164 4958 hanc
1188 4905 1466 4975 germani·
1524 4924 1578 4975 p.
1604 4911 1709 4963 453
1737 4924 1778 4962 a.

2374 4997 2474 5050 19*
