3475 5364
1350 308 1477 358 1451
1495 309 1716 360 —14752
1748 305 2037 374 Scriptura
2058 321 2231 357 sacra.

489 320 603 373 911
2970 319 3090 372 2⁵12

485 487 614 563 ipso
646 491 816 554 teste,
836 492 1151 562 antequam
1168 488 1365 563 coepit
1384 488 1761 563 frequentare
1816 494 1879 549 et
1907 490 2155 565 quidem
2167 490 2240 548 de
2254 488 2623 566 argumentis
2640 487 2828 548 omnis
2843 489 3095 563 generis.

487 578 736 644 scholas,
771 576 1093 636 custodivit
1125 579 1186 635 et
1206 577 1374 651 pavit
1392 596 1530 636 oves
1550 597 1760 654 paren·
1819 579 2055 655 Legisse
2105 598 2242 638 vero
2292 596 2354 636 se
2404 581 2664 637 testatur
2715 577 2839 651 ipse
2872 577 3095 650 praeci-

483 668 613 724 tum
649 684 911 724 suorum.
945 666 1192 726 Maximo
1223 665 1359 725 dein
1391 666 1595 726 ardore
1629 686 1760 726 coe-

484 757 577 829 pit
609 754 825 813 studiis
858 754 1214 823 incumbere,
1249 759 1319 813 ut
1338 755 1409 814 de
1430 774 1493 815 se
1512 755 1757 815 referat:

487 844 755 911 ,Tantus
787 844 932 902 mihi
963 842 1153 903 adhuc
1184 843 1246 903 in
1281 844 1620 920 primordiis
1638 845 1759 903 dis-

483 932 732 1008 ciplinae
765 932 958 992 inerat
988 933 1300 991 literarum
1319 953 1499 1003 amor,
1533 938 1605 993 ut
1620 953 1759 993 noc·

480 1023 679 1080 turnis
712 1021 1100 1096 temporibus,
1133 1022 1464 1081 dumlunae
1481 1041 1542 1084 se
1559 1025 1760 1099 splen—

480 1111 590 1171 dor
649 1110 993 1169 diffundens
1056 1129 1162 1186 per
1223 1112 1515 1170 fenestrae
1576 1113 1759 1171 rimas

480 1199 774 1268 emicaret,
809 1200 1092 1259 diurnum
1139 1204 1358 1275 putans
1403 1201 1633 1260 radiare
1657 1202 1758 1277 ju·

480 1288 604 1357 bar,
657 1307 787 1347 mox
839 1289 1229 1364 intempestae
1280 1291 1469 1350 noctis
1520 1289 1757 1349 silentio

480 1396 751 1455 surgens,
787 1378 901 1437 nisi
933 1378 1086 1439 fores
1115 1379 1352 1438 clausae
1381 1380 1652 1448 fuissent,
1685 1379 1760 1438 ad

483 1467 711 1525 scholas
759 1485 1164 1542 properassem
1182 1465 1243 1536 ¹).
1263 1474 1289 1505 ‘
1355 1467 1517 1537 Quae
1578 1467 1762 1527 semel

482 1556 707 1633 legerat
740 1558 1022 1615 memoria
1051 1556 1307 1618 tenebat.
1343 1560 1512 1616 Anno
1546 1559 1760 1617 aetatis

488 1653 582 1706 13.
616 1645 680 1703 in
711 1645 1091 1705 distantiores
1135 1646 1405 1721 regiones
1439 1643 1614 1726 (forte
1644 1647 1755 1707 De-

482 1731 800 1812 ventriam)
834 1733 1111 1793 studendi
1129 1735 1359 1794 ratione
1390 1735 1509 1793 fuit
1541 1735 1758 1795 deduc·

482 1828 581 1881 tus
644 1823 955 1898 coepitque
1018 1823 1257 1882 studere
1336 1825 1757 1900 philosophiae,

479 1924 658 1987 atque
690 1913 1026 1989 religiosam
1061 1913 1377 1971 instituere
1413 1915 1625 1973 vitam:
1673 1913 1756 1971 ibi

480 2002 609 2077 ejus
640 2021 769 2060 cum
821 2002 1037 2060 celebri
1070 2002 1309 2062 Nicolao
1342 2002 1571 2062 Cusano
1613 2007 1761 2061 tunc

1818 685 2073 743 puorum
2117 667 2527 744 theologorum
2579 666 3001 725 commentaria
3034 666 3096 726 in

1819 758 2167 833 magistrum
2201 755 2653 824 sententiarum,
2701 772 2879 829 opera
2924 754 3093 814 illus·

1815 847 2004 905 trium
2050 865 2124 905 ss.
2177 846 2287 906 PP.
2323 844 2586 906 Orientis
2633 847 2695 902 et
2742 843 3093 910 Occidentis,

1816 954 1992 1010 quam
2039 935 2298 1010 plurima
2343 934 2403 992 in
2451 952 2497 996 s,
2531 932 2894 1008 Scripturam
2939 951 3096 991 com·

1818 1025 2103 1084 mentaria
2134 1027 2195 1082 et
2225 1024 2399 1083 etiam
2435 1022 2820 1098 philosophos
2852 1040 2971 1082 non
3003 1041 3095 1080 so-

1816 1113 1938 1171 lum
2001 1114 2257 1189 gentiles
2308 1111 2412 1171 sed
2460 1116 2522 1172 et-
2571 1111 2795 1182 arabeS,
2846 1110 3094 1186 opulen-

1816 1202 2101 1261 tissimam
2148 1201 2615 1278 suppellectilem
2664 1200 2858 1262 omnis
2904 1200 3094 1262 scien-

1814 1291 1934 1349 tiae
1966 1292 2103 1349 inde
2136 1291 2248 1350 sibi
2282 1290 2567 1366 colligens
2614 1293 2673 1347 et
2713 1287 2992 1348 derivans
3032 1291 3095 1350 in

1817 1399 1928 1439 sua
1972 1399 2163 1456 opera.
2228 1381 2359 1439 Non
2428 1383 2629 1439 tamen
2692 1396 2927 1452 semper
2978 1378 3098 1451 ipsi

1816 1470 1988 1528 licuit
2018 1471 2137 1528 frui
2184 1469 2382 1543 quiete
2430 1473 2486 1526 et
2535 1467 2732 1527 studio
2774 1467 3092 1543 impertur-

1814 1559 1973 1628 bato,
2010 1579 2146 1617 nam
2184 1558 2522 1634 injunctum
2565 1556 2683 1631 ipsi
2727 1555 2843 1614 fuit
2873 1575 3094 1615 munus

1815 1648 2215 1723 procuratoris
2276 1645 2652 1712 monasterii3
2720 1645 3095 1718 postmodum

1815 1737 2085 1795 fundatio
2119 1756 2303 1795 novae
2323 1735 2681 1800 carthusiae,
2716 1751 2866 1807 quae
2885 1733 3095 1810 ingen-

1814 1829 1906 1883 tes
1956 1825 2011 1885 ei
2044 1826 2275 1885 labores
2327 1826 2402 1883 ob
2453 1823 2761 1900 angustias
2813 1823 2896 1882 rei
2943 1826 3094 1882 tem-

1817 1915 2036 1990 poralis
2077 1914 2462 1973 difficultates
2509 1912 2753 1987 peperit.
2818 1912 3094 1971 Nicolaus

1815 2004 2100 2072 cusanus,
2135 2003 2276 2063 dum
2311 2004 2546 2079 legatus
2568 2001 2931 2076 apostolicus
2949 2001 3094 2060 visi-

481 2090 886 2165 condiscipulo
919 2090 1156 2149 videtur
1188 2092 1449 2166 coepisse
1481 2092 1757 2151 amicitia.
1814 2097 1969 2151 taret
1982 2093 2354 2152 Germaniam
2381 2096 2442 2150 et
2459 2090 2750 2167 Belgium,
2781 2090 2911 2165 ejus
2926 2109 3094 2149 sanc-

481 2180 730 2238 Juvenis
787 2188 863 2242 18
912 2199 962 2237 a.
1009 2180 1192 2238 sensit
1242 2199 1304 2238 se
1356 2185 1630 2239 vocatum
1683 2182 1758 2240 ad
1814 2182 2008 2251 titate‚
2042 2182 2184 2251 zelo,
2219 2180 2551 2240 eruditione
2584 2184 2795 2254 captus
2827 2198 2965 2238 eum
2997 2197 3094 2237 so-

482 2268 870 2340 Carthusiam,
905 2269 1005 2327 sed
1027 2288 1159 2328 cum
1183 2270 1277 2328 hic
1296 2270 1437 2329 ordo
1460 2271 1757 2330 neminem
1814 2271 1970 2329 cium
2003 2270 2216 2330 laboris
2265 2268 2575 2345 apostolici
2631 2286 2828 2327 secum
2879 2268 3095 2328 habere

483 2359 769 2434 reciperet
790 2361 997 2417 antea.
1024 2367 1141 2429 20„
1176 2377 1238 2416 se
1259 2359 1482 2433 recepit
1513 2359 1757 2418 interim
1814 2360 2020 2419 voluit.
2086 2361 2157 2418 In
2207 2359 2388 2435 legati
2441 2357 2757 2418 utilitatem
2821 2357 3093 2431 scripsit:

480 2447 780 2506 Coloniam
843 2447 1062 2505 studiis
1125 2447 1435 2506 altioribus
1504 2448 1757 2507 daturus
1816 2448 1904 2506 De
1954 2468 2187 2507 munere
2236 2456 2287 2505 et
2338 2447 2613 2524 reyimine
2662 2448 2849 2522 leyati,
2904 2446 3009 2521 qui
3056 2447 3094 2507 l.

481 2554 736 2612 operam,
786 2541 966 2611 atque
1006 2536 1150 2594 adeo
1184 2537 1247 2595 in
1281 2554 1326 2597 s,
1359 2535 1666 2612 Scriptura
1697 2545 1760 2596 et
1813 2541 2012 2597 tamen
2033 2538 2238 2613 periit3
2273 2539 2343 2594 de
2375 2530 2788 2613 reformatione
2806 2536 3092 2594 claustra-

480 2625 782 2703 theologia
811 2624 1079 2702 profecit,
1117 2629 1186 2685 ut
1217 2646 1265 2685 a.
1300 2630 1480 2685 natus
1516 2636 1585 2689 21
1632 2647 1756 2687 ma·

1815 2627 1958 2687 lium
1974 2648 2001 2699 ,·
2032 2627 2101 2686 de
2121 2628 2529 2702 reformatione
2550 2625 2891 2686 monialium
2906 2645 2934 2696 ,·
2960 2642 3094 2684 con-

480 2716 793 2792 gisterium
812 2715 876 2774 in
892 2714 1642 2790 philosophiapromeritus
1662 2717 1756 2775 sit.
1814 2725 1911 2776 tra
1959 2718 2097 2775 vitia
2145 2717 2588 2792 superstitionis.
2652 2713 2926 2789 Undique
2977 2712 3097 2775 fuit

481 2804 787 2863 Vocationi
812 2805 936 2880 jam
970 2804 1299 2879 obsequens
1334 2805 1598 2864 ordinem
1622 2806 1758 2864 Car-

479 2894 892 2952 thusianorum
912 2893 1314 2952 Rurimundae
1335 2897 1422 2951 est
1441 2895 1756 2971 ingressus.

1815 2807 2125 2865 consultus
2179 2825 2213 2864 a
2262 2804 2540 2880 praelatis
2593 2807 2655 2863 at
2703 2802 3093 2879 principibu,

1815 2894 2101 2972 religiosis
2132 2898 2193 2953 et
2224 2894 2402 2953 laicis.
2466 2892 2711 2968 Scriptis
2744 2892 2870 2951 suis
2903 2893 3094 2952 omni-

481 2984 549 3041 In
583 2983 713 3057 ipso
739 2983 862 3056 jam
914 2983 1189 3058 ingressu
1220 2983 1475 3041 virtutes
1509 2983 1756 3058 perfecti
1813 2986 1927 3043 bus
1945 2982 2222 3060 prodesse
2243 2982 2447 3043 voluit.
2488 2981 2748 3043 Instruit
2780 2986 2840 3039 et
2875 2979 2951 3039 ad
2971 3000 3094 3041 mo·

481 3070 747 3148 religiosi
779 3088 918 3145 prae
952 3088 1013 3129 se
1046 3070 1206 3139 tulit,
1253 3071 1393 3130 hinc
1427 3073 1513 3130 vel
1549 3093 1582 3130 n
1613 3072 1755 3131 tiro-

480 3160 634 3218 cinio
683 3160 953 3235 raptibus
999 3161 1059 3218 et
1102 3160 1609 3220 illustrationibus
1657 3180 1757 3220 su-

480 3248 681 3325 pernis
713 3248 931 3307 mirum
966 3249 1027 3307 in
1047 3248 1290 3308 modum
1321 3249 1610 3309 divinitus
1645 3251 1761 3310 fuit

481 3341 710 3399 auctus.
773 3339 917 3396 Post
966 3338 1257 3414 prolixam
1306 3340 1637 3399 orationem
1699 3344 1761 3399 et

1815 3093 1948 3132 rum
1999 3072 2477 3149 reformationem
2529 3071 2762 3140 excitat,
2817 3073 3004 3128 terret
3035 3073 3097 3129 et

1816 3162 2044 3220 solatur
2119 3162 2309 3221 omnis
2386 3159 2739 3219 conditionis
2816 3159 3093 3218 homiues.

1816 3251 2059 3321 Studiis,
2078 3248 2380 3309 laboribus
2399 3254 2459 3308 et
2474 3248 2929 3308 austeritatibus
2945 3248 3092 3306 frac-

1816 3345 1943 3398 tum
1979 3359 2223 3399 munere
2257 3339 2502 3398 rectoris
2524 3338 2746 3397 levavit
2765 3337 3096 3412 capitulum

480 3427 1031 3503 contemplat-ionem
1066 3428 1362 3503 reliquum
1380 3430 1758 3504 tempuslec-
1816 3430 2037 3488 ordinis
2088 3429 2361 3505 generale
2412 3449 2459 3487 a.
2505 3437 2686 3490 1469.
2750 3425 2822 3485 Se
2872 3427 3097 3501 recepit

482 3516 632 3575 tioni
662 3519 723 3575 et
743 3517 1054 3592 scriptioni
1075 3517 1254 3575 dabat
1269 3518 1457 3576 somni
1479 3519 1756 3578 aliorum·
1815 3519 2034 3577 iterum
2065 3517 2525 3586 Buremundam,
2560 3515 2666 3575 ubi
2699 3520 2896 3574 sancte
2929 3534 2991 3574 se
3023 3515 3093 3574 ad

480 3625 596 3682 que
646 3606 907 3682 corporis
958 3605 1317 3665 levaminum
1358 3607 1477 3666 fere
1524 3608 1757 3667 oblitus,
1816 3612 2065 3667 mortem
2100 3608 2350 3683 paravit,
2386 3606 2520 3667 hinc
2551 3606 2646 3664 vel
2678 3606 2902 3666 calamo
2936 3604 3095 3664 vale·

489 3695 1027 3770 ,contemplationi
1060 3698 1119 3753 et
1151 3696 1402 3755 orationi
1435 3714 1568 3755 cum
1589 3700 1760 3755 tanto
1816 3695 1968 3755 dixit
1996 3696 2218 3772 triplici
2266 3695 2611 3770 praesertim
2660 3695 2816 3753 dicto
2865 3712 2970 3752 seu
3001 3694 3095 3751 lu-

481 3785 708 3843 fervore
740 3784 1023 3855 instabat,
1059 3789 1126 3842 ut
1158 3803 1293 3843 eum
1324 3784 1472 3844 nihil
1504 3786 1761 3845 scribere
1817 3786 1972 3844 mine
2006 3785 2332 3845 identidem
2365 3803 2426 3843 se
2459 3801 2763 3853 recreans3
2801 3782 2969 3851 ,Lux
3000 3801 3095 3841 ae·

482 3874 750 3949 potuisse
797 3893 1060 3950 unquam
1108 3877 1361 3950 putares.
1429 3876 1655 3934 Rursus
1697 3876 1761 3933 in
1816 3878 1986 3933 terna
2022 3876 2216 3933 luceat
2245 3876 2350 3937 eis.
2386 3874 2664 3942 Domine;
2713 3871 2896 3930 Maria
2925 3872 3097 3930 unxit

482 3963 790 4021 scribendo
823 3980 889 4020 ac
921 3962 1171 4039 legendo
1203 3968 1324 4022 tam
1348 3964 1592 4023 sedulus
1614 3968 1758 4033 erat,
1818 3965 1994 4040 pedes
2040 3963 2205 4031 Jesu,
2270 3969 2341 4022 ut
2394 3963 2516 4025 scil.
2579 3962 2641 4020 in
2704 3980 2765 4020 se
2816 3961 3098 4020 excitaret

482 4058 552 4110 ut
583 4069 691 4109 nec
723 4070 888 4109 orare
906 4054 1418 4128 neccontemplari
1438 4073 1570 4112 eum
1592 4073 1760 4129 posse
1818 4053 2286 4129 compunctionis
2347 4052 2661 4127 spiritum;
2726 4051 2938 4119 Sancti,
2993 4050 3094 4125 qui

482 4158 748 4216 unquam
780 4140 1184 4204 aestimares.⁴1
1221 4142 1315 4200 Ita
1335 4143 1405 4201 de
1428 4162 1495 4201 eo
1527 4143 1758 4202 Trithe·
1818 4146 2061 4216 sperant
2093 4143 2155 4201 in
2189 4141 2452 4208 Domino,
2503 4141 2824 4199 mutabunt
2855 4137 3093 4197 fortitu-

482 4225 719 4312 miusss).
767 4227 914 4288 Vere
947 4229 1279 4289 mirandum
1324 4235 1433 4295 est,
1468 4232 1761 4307 quomodo
1817 4231 2077 4290 dinem.‘
2144 4231 2406 4290 Decessit
2464 4239 2557 4294 12.
2605 4230 2772 4287 Mart.
2836 4238 2986 4291 1471
3046 4247 3096 4289 a.

481 4319 749 4394 potuerit
797 4321 887 4377 tot
938 4338 1114 4395 opera
1163 4321 1376 4397 legere,
1432 4325 1526 4378 tot
1578 4321 1762 4379 libros
1818 4322 2028 4379 aetatis
2084 4331 2181 4383 69.
2237 4321 2301 4378 in
2350 4321 2526 4379 odore
2572 4317 2922 4383 sanctitatis,
2957 4317 3096 4375 hinc

481 4427 848 4484 componere,
914 4408 1007 4466 vix
1073 4410 1228 4468 enim
1292 4410 1354 4468 in
1399 4409 1761 4484 antiquitate
1819 4410 2256 4486 martyrologiis
2299 4409 2417 4467 fuit
2445 4409 2723 4477 insertus,
2757 4408 2968 4465 beatus
3001 4407 3095 4464 vel

483 4518 679 4574 parem
715 4498 911 4569 habet,
960 4499 1063 4573 qui
1110 4502 1202 4556 tot
1245 4499 1546 4574 scripserit
1580 4498 1762 4558 libros
1817 4498 2167 4557 venerabilis
2202 4498 2514 4558 salutatus,
2550 4502 2620 4555 ut
2650 4518 2683 4555 a
2715 4515 2757 4555 s.
2790 4496 3095 4554 Francisco

1820 4588 2042 4646 Salesio
2089 4593 2149 4645 et
2190 4608 2222 4646 a
2270 4607 2313 4649 s.
2349 4586 2521 4663 Alph.
2570 4586 2800 4662 Ligorio
2846 4586 3096 4661 aliisque

1820 4676 2214 4735 venerationis
2266 4677 2453 4752 signis
2507 4677 2843 4734 honoratus.
2908 4676 3097 4732 Causa

560 4803 594 4851 r,
627 4795 702 4847 1)e
735 4793 1126 4847 munificentia
1156 4791 1257 4846 Dei
1287 4811 1334 4847 a·
1364 4798 1448 4849 215.
1819 4765 2270 4825 beatificationis
2318 4773 2524 4839 coepta
2572 4765 2685 4823 fuit
2735 4764 2807 4821 ab
2840 4763 3095 4821 Henrico

557 4880 594 4919 εἰ
630 4867 703 4918 De
734 4886 754 4918 s
793 4869 923 4935 ript.
954 4864 1145 4919 eccles.
1165 4864 1251 4919 ed.
1271 4865 1372 4919 col.
1395 4870 1548 4921 1546.
1569 4869 1761 4935 patu.
1819 4854 2017 4931 Cuyck
2051 4855 2323 4930 episcopo
2343 4854 2773 4913 ruremondano
2793 4850 2852 4931 (†
2886 4848 3093 4935 lens),
