3475 5364
500 342 655 396 1131
793 326 1165 381 1501—1520.
1191 321 1563 393 Philosophia
1587 326 1645 377 et
1668 340 1712 379 s.
1737 321 2051 393 Scriptura.
2076 320 2431 386 Leontorius‚
2458 319 2685 375 Brunus
2710 323 2812 375 etc.
2959 339 2979 389 1
3003 337 3126 392 132

492 510 712 584 ceptor,
762 509 1004 567 Parisiis
1055 509 1487 585 philosophiam
1537 507 1780 584 profite-
1835 507 1993 566 viam
2024 507 2293 566 Realium
2342 509 2404 565 et
2434 506 2844 566 Nominalium
2877 507 2932 564 h.
2964 526 3012 566 e.
3047 507 3128 566 ad

490 598 672 657 batur
715 602 895 673 atque
939 596 1260 657 medullam
1319 597 1649 656 dialectices
1699 597 1777 655 ib.
1835 596 2151 673 Porphyrii
2183 594 2600 671 praedicabilia
2631 598 2692 654 et
2711 596 3050 655 Aristotelis
3085 598 3126 654 l.

504 697 666 750 1500
712 687 777 744 in
823 686 860 744 f.
906 687 1195 763 vulgavit.
1246 719 1333 730 —-—
1382 686 1780 745 Antonius
1834 684 2458 761 praedicamentorum,
2493 685 3123 756 Parisiisl509300m-

492 770 881 856 Coronen)
929 775 1322 853 SegobiensiS,
1369 786 1529 834 unus
1571 793 1639 834 ex
1683 777 1781 833 tot
1836 774 1995 850 pluti
2037 784 2201 837 1540
2235 775 2301 832 in
2330 774 2368 831 f.
2401 806 2490 819 —-
2522 774 2907 851 Georgius
2940 775 3130 833 Bru·

492 864 792 941 Hispania
870 865 975 940 qui
1054 864 1487 940 philosophiam
1540 862 1779 923 Parisiis
1834 863 2222 922 rellensis
2267 863 2331 921 in
2381 862 2772 923 universitate
2803 862 3126 939 parisiensi

491 952 935 1030 profitebantur
978 954 1306 1029 plurimum
1343 955 1470 1029 jam
1511 953 1584 1011 ab
1619 953 1777 1011 anti·
1834 951 2279 1011 dialecticorum
2326 951 2624 1028 interpres
2676 952 2817 1013 stilo
2865 952 3123 1011 barbaro

493 1061 611 1119 quo
672 1042 983 1118 splendore
1044 1045 1106 1101 et
1154 1043 1412 1101 sanitate
1462 1041 1776 1118 delapsam.
1833 1040 2122 1116 quaedam
2153 1042 2576 1101 commentaria
2619 1041 2684 1098 in
2729 1041 2861 1100 Ari
2879 1043 3118 1100 stote·

490 1132 674 1189 Plura
705 1131 950 1208 reliquit
978 1150 1156 1208 opera
1172 1130 1581 1207 philosophica
1602 1131 1777 1190 modo
1833 1130 1935 1188 lis
1997 1133 2060 1189 et
2120 1130 2334 1189 Petri
2398 1130 2648 1206 Hispani
2713 1130 2932 1206 scripta
2980 1130 3124 1188 reli·

490 1220 818 1296 antiquata,
845 1223 918 1278 ut
933 1227 1005 1280 tr.
1034 1221 1508 1298 sylloqismorum,
1533 1219 1777 1280 Parisiis
1835 1219 1970 1294 quit
1983 1215 2048 1299 1).
2127 1253 2213 1263 —
2289 1218 2330 1278 J
2345 1237 2631 1279 oannes
2694 1219 3123 1279 Dullardus

496 1317 661 1372 1517
688 1331 700 1378 ;
733 1317 804 1367 tr.
838 1310 1265 1386 exponibilium,
1299 1310 1377 1367 ib.
1420 1320 1576 1373 1511
1607 1310 1672 1367 in
1704 1307 1774 1379 f.;
1835 1308 2256 1378 GandavensiS,
2289 1307 2539 1367 Joannis
2560 1308 2747 1384 Major
2766 1308 3124 1383 discipulus,

490 1398 808 1457 Rosarium
853 1398 1110 1476 Mystes,
1155 1399 1233 1458 ib.
1289 1408 1452 1461 1517
1475 1419 1490 1470 ς
1541 1400 1604 1456 in
1634 1397 1776 1456 Pos—
1832 1397 1993 1456 haud
2051 1397 2351 1456 inceleber
2410 1396 2814 1473 philosophiae
2876 1397 3121 1456 Parisiis

489 1489 706 1545 teriora
753 1488 1087 1547 Aristotelis
1131 1488 1566 1557 commentaria,
1614 1487 1776 1563 Lug·
1834 1486 2150 1562 professor,
2197 1486 2448 1562 reliquit
2493 1485 2553 1544 in
2600 1486 2796 1546 varios
2830 1486 3118 1546 Aristote-

488 1576 636 1634 duni
678 1576 922 1639 1529in
953 1576 1022 1646 f.;
1055 1596 1138 1653 qq.
1171 1578 1433 1654 loqicales
1447 1575 1794 1635 secundum
1833 1575 1905 1634 lis
1935 1575 2122 1634 libros
2156 1576 2594 1634 commentaria.
2656 1575 2803 1650 Ejus
2836 1577 3120 1651 quaestio·

721 1726 732 1738 ‚
1831 1683 1930 1722 nes
1989 1665 2054 1724 in
2113 1664 2153 1723 l.
2223 1663 2724 1723 Praedicabilium
2802 1664 3115 1741 Porphyrii

570 1732 606 1800 ¹)
645 1728 807 1780 Al¹u⁸
856 1727 929 1782 ab
978 1744 1043 1781 ‘³⁰
1094 1729 1181 1781 θεὴ
1229 1726 1510 1781 Ρ“’“Ῑ“8
1572 1729 1775 1782 ΟΜΟ·
1832 1753 2104 1830 vulgavit
2134 1751 2450 1812 Joannes
2478 1753 2782 1812 Drabbe
2817 1750 3118 1834 (Bonicol-

490 1817 529 1853 n
550 1799 619 1853 el
661 1798 987 1868 linguarum
1030 1815 1263 1869 graecae
1290 1801 1346 1851 et
1371 1798 1668 1853 hebraicae
1692 1799 1776 1851 in·
1859 1842 1870 1854 .
2619 1841 2630 1853 .
2794 1841 2805 1854 .

489 1870 732 1952 siggim.
765 1886 979 1940 gnarus
1018 1873 1077 1924 et
1119 1869 1380 1924 doctrina
1425 1872 1548 1940 ejus
1591 1869 1774 1939 parti„
1831 1842 1968 1911 lius,
2004 1837 2311 1925 Goethals)
2339 1841 3114 1917 Gandensis,philosophus‚

488 1957 748 2005 maxime,
776 1958 949 2010 quam
978 1959 1018 1995 s.
1048 1941 1335 2010 Scriptura
1370 1941 1477 1996 sibi
1499 1940 1773 2006 vindicat,
1833 1931 1938 2005 qui
1997 1931 2244 1990 Parisiis
2294 1930 2563 2007 degebat,
2614 1931 2742 2006 ejus
2789 1931 3116 1995 familiaris⁹

489 2014 742 2076 ornatus,
763 2029 910 2081 quae
926 2012 1118 2066 studia
1137 2028 1168 2066 e
1188 2012 1457 2067 cathedra.
1472 2012 1769 2083 profiteba-
1830 2019 2053 2078 addjtig
2084 2021 2514 2097 quaestionibug
2557 2039 2624 2079 ηρ
2655 2018 3122 2078 difficustatibug

488 2087 612 2167 ¹²⁰¹ss
657 2084 793 2166 ,hinc
830 2100 888 2165 ΡΘ
915 2086 1004 2138 Fr·
1029 2083 1306 2165 XimeniO.
1336 2083 1774 2165 commendavit,
1832 2109 1954 2167 suis
1986 2110 2233 2169 asterico
2253 2110 2473 2168 notatis
2512 2109 2754 2167 Parisiis
2781 2119 2940 2172 1521
2981 2109 3042 2166 in
3074 2108 3115 2166 f.

489 2172 592 2225 qui
619 2172 668 2224 eJ
679 2172 743 2208 us
768 2157 939 2210 etiam
961 2171 1135 2225 opera
1155 2155 1507 2223 consilioque
1529 2172 1665 2209 usus
1690 2158 1776 2209 est
2476 2154 2489 2177 ⁹

485 2227 548 2368 {p
564 2225 824 2371 leffindis
858 2225 1236 2281 celeberrimis
1275 2227 1392 2280 suis
1432 2226 1806 2363 polyglottis1

599 2318 632 2355 ο
730 2338 741 2350 .

1912 2301 1946 2369 ¹)
1975 2297 2059 2351 Cf.
2086 2297 2349 2369 Foppens
2379 2299 2417 2362 1,
2443 2302 2565 2354 332.

1389 2585 1493 2679 ΙΙ.
1563 2583 1643 2682 S.
1713 2582 2214 2705 Scriptura.

585 2831 727 2885 538.
781 2820 977 2879 Studii
1036 2820 1243 2879 biblici
1304 2821 1534 2880 fructus
1596 2822 1771 2897 pauci
1825 2821 1926 2880 tiis
1964 2832 2166 2890 14903
2207 2831 2406 2892 14943
2448 2832 2647 2892 15013
2689 2832 2888 2891 1519;
2951 2822 3114 2898 Lug·

487 2911 647 2986 typis
665 2909 1033 2985 prodierunt.
1060 2910 1429 2968 conradus
1463 2910 1769 2970 deLeon-
1825 2909 1973 2969 duni
2003 2921 2190 2974 1513.
2228 2943 2314 2953 —
2344 2911 2626 2970 Petrus
2659 2912 3006 2987 Angelus
3038 2911 3116 2970 de

484 2999 672 3075 berg
704 2993 1103 3079 (Leontorius)
1127 2998 1191 3056 O.
1213 2998 1349 3057 Cist.
1382 2999 1443 3056 in
1476 3002 1773 3059 monaste·
1825 2999 2080 3058 Monte
2129 2999 2341 3059 Ulmo
2385 3000 2448 3060 Ο.
2482 3001 2621 3059 Min.
2668 3000 3006 3060 emendavit
3050 3004 3118 3058 et

487 3088 575 3147 rio
608 3086 1016 3146 mulbronensi
1060 3087 1123 3145 in
1166 3086 1397 3158 Suevia,
1431 3107 1465 3146 a
1495 3088 1770 3147 Trithe-
1826 3089 2076 3147 correxit
2090 3088 3109 3165 Biblialatinaadjecitquetabulam

486 3196 542 3234 m
565 3176 636 3235 io
681 3175 980 3246 laudatm,
1027 3176 1213 3235 edidit
1260 3179 1488 3236 textum
1540 3177 1771 3237 Bibliae
1824 3177 2256 3253 alphabeticam
2309 3196 2443 3237 cum
2500 3178 2757 3256 singulis
2798 3178 2922 3237 suis
2963 3179 3115 3237 locis

485 3282 620 3324 cum
666 3265 863 3342 glossa
906 3264 1031 3325 Nic.
1063 3264 1136 3324 de
1181 3266 1389 3341 Lyra,
1433 3266 1678 3341 postilla
1709 3270 1770 3326 et
1823 3265 2338 3337 concordantibus,
2386 3267 2648 3326 Venetiis
2690 3277 2887 3337 14923
2937 3278 3098 3331 1501

486 3354 925 3414 moralitatibus
987 3354 1274 3431 ejusdem,
1338 3356 1559 3414 Pauli
1621 3355 1767 3414 bur·
1823 3355 1910 3414 ed.
1944 3375 2082 3414 rara
2112 3359 2174 3415 et
2214 3357 2496 3431 quaesita
2530 3390 2616 3400 ——
2649 3357 3003 3432 Paganus
3034 3357 3110 3414 de

482 3445 679 3521 gensis
712 3443 1117 3503 additionibus
1164 3447 1225 3502 et
1269 3445 1556 3504 Matthiae
1587 3446 1766 3504 Doe-
1822 3445 2139 3522 Paganinis
2172 3445 2361 3504 edidit
2390 3447 2426 3504 l.
2458 3448 2610 3504 vitae
2627 3446 2664 3504 i.
2683 3463 2731 3503 e.
2753 3444 2950 3504 Biblia
2970 3464 3104 3504 cum

484 3534 659 3611 ring
687 3532 940 3609 repliciS,
974 3534 1239 3592 Basileae
1280 3543 1573 3598 1506-8
1606 3553 1701 3610 pp.
1728 3545 1763 3597 6
1821 3533 2035 3610 glossis
2081 3534 2380 3593 ordinaria
2423 3535 2487 3593 et
2529 3534 2920 3600 interlineari,
2970 3552 3107 3593 cum

481 3622 546 3681 in
577 3622 615 3680 f.
650 3618 752 3705 (m.
792 3618 962 3704 100).
1001 3623 1429 3682 —Gabriel
1461 3625 1768 3683 Brunus
1820 3623 2181 3699 expositione
2227 3624 2298 3680 N.
2330 3623 2402 3681 de
2434 3623 2623 3700 Lyra
2667 3626 2793 3692 etc„
2841 3623 3112 3683 Venetiis

484 3713 545 3771 Ο.
581 3712 722 3770 Min.
756 3713 930 3771 Conv.
964 3711 1294 3789 theologiae
1312 3712 1611 3788 magister,
1630 3712 1768 3770 fidei
1827 3721 1992 3776 1495
2027 3731 2123 3787 pp.
2159 3722 2196 3774 4
2229 3713 2293 3770 in
2331 3723 2362 3776 5
2398 3732 2452 3771 v.

480 3801 806 3876 inquisitor
837 3805 898 3860 et
928 3802 1243 3860 Romaniae
1276 3819 1381 3859 seu
1403 3801 1679 3860 Graeciae
1700 3821 1767 3860 ac

480 3891 892 3966 Peloponnesii
942 3887 1188 3970 (1508),
1235 3893 1296 3948 et
1345 3890 1521 3948 etiam
1572 3894 1765 3949 terrae
1912 3900 2054 3954 539.
2090 3890 2770 3967 Splendidissimioperis
2782 3892 2907 3967 jam
2940 3911 3110 3949 men-

484 3983 723 4038 sanctae
753 3979 1028 4037 minister
1058 3979 1458 4053 provincialis,
1492 3979 1766 4055 vulgavit
1819 3979 1905 4038 tio
1936 3983 2029 4038 est
2059 3979 2347 4052 facienda,
2380 3980 2540 4056 quod
2572 3980 2979 4040 nobilissimus
3010 3991 3108 4039 est

482 4068 653 4125 biblia
684 4086 859 4126 sat-ra
903 4088 936 4125 a
982 4085 1043 4124 se
1077 4068 1380 4142 castigata,
1415 4087 1668 4143 quorum
1701 4069 1763 4127 in
1817 4068 2050 4127 fructus
2081 4069 2511 4128 reflorescentis
2544 4069 2734 4127 studii
2754 4069 2974 4128 biblici.
3001 4069 3104 4128 In·

481 4156 686 4215 limine
735 4156 861 4232 agit
906 4156 1139 4215 erudite
1182 4156 1253 4214 de
1284 4175 1487 4215 eorum
1518 4157 1761 4234 origine,
1819 4158 2019 4217 notuit
2079 4159 2191 4217 sub
2254 4159 2491 4217 nomine
2543 4158 2736 4216 Biblia
2789 4159 3104 4236 polyylotta

481 4245 953 4322 expositionibus
973 4247 1152 4320 atque
1172 4245 1536 4304 editionibus
1567 4246 1761 4304 diver·
1817 4248 2250 4324 complutensia,
2327 4266 2480 4322 quae
2542 4247 2891 4323 prodierunt
2966 4251 3104 4323 post

479 4335 560 4393 sis
624 4334 697 4393 ab
759 4353 915 4393 anno
981 4344 1099 4398 341
1178 4338 1316 4394 ante
1361 4335 1573 4394 Christi
1656 4335 1762 4395 ad·
1818 4336 2766 4413 diuturnastudiapraeparatoria
2782 4337 2854 4395 ab
2866 4357 2913 4394 a.
2936 4347 3100 4400 1502

479 4427 727 4482 ventum
758 4427 1024 4499 tempore
1044 4424 1366 4484 Ptolomaei
1386 4425 1761 4502 Philadelphi
1817 4428 1876 4483 et
1937 4428 2254 4501 postquam
2306 4428 2436 4503 jam
2511 4426 2803 4502 impressa
2863 4425 3103 4485 fuerant

477 4532 669 4588 usque
717 4513 791 4572 ad
841 4532 882 4572 s.
918 4513 1215 4573 Ambrosii
1265 4518 1532 4590 tempora
1580 4514 1760 4574 variis
1824 4524 2254 4577 1514—1517
2310 4515 2607 4590 Compluti
2653 4515 2892 4574 nonnisi
2933 4524 3097 4577 1521»

476 4602 719 4680 linguis,
754 4602 897 4661 locis
944 4606 1124 4678 atque
1168 4604 1536 4679 temporibus
1571 4603 1758 4672 factiS,
1815 4607 1860 4666 t.
1895 4614 1929 4665 6
1967 4604 2029 4662 in
2060 4604 2117 4672 f„
2153 4605 2407 4680 primum
2456 4623 2607 4679 opus
2653 4604 2833 4679 hujus
2865 4605 3102 4680 generis

475 4711 705 4752 necnon
751 4694 813 4751 et
860 4690 933 4749 de
977 4692 1167 4750 modis
1216 4692 1436 4766 quibus
1467 4692 1760 4768 interpre-
1818 4689 1916 4773 (m.
1956 4689 2168 4768 2400).
2229 4693 2653 4769 complectitur
2683 4693 2834 4751 illud
2867 4696 3102 4768 praeter

476 4782 655 4841 tanda
689 4783 861 4840 sunt:
899 4780 1114 4855 adjecit
1145 4780 1397 4838 indicem
1428 4781 1759 4856 alphabeti·
1815 4782 2144 4858 vulgatam,
2161 4782 2223 4841 in
2242 4783 2520 4859 pluribus
2539 4786 2739 4841 tamen
2754 4783 2898 4841 locis
2913 4782 3098 4841 refor-

475 4889 609 4929 cum
644 4889 750 4929 seu
787 4869 1046 4927 tabulam
1089 4888 1159 4927 ss.
1193 4869 1534 4938 bibliorum,
1570 4870 1759 4928 Vene-
1815 4874 2053 4939 matam,
2104 4875 2335 4930 textum
2383 4871 2724 4930 hebraicum
2783 4889 2917 4930 cum
2966 4890 3100 4930 ver-
