3475 5364
629 376 742 430 59]
1045 357 1420 414 1326-1350.
1454 349 1704 410 Historia
1731 354 1851 411 ord.
1881 356 2029 426 Ang.
2057 356 2127 410 de
2154 355 2408 420 Clareno‚
2435 355 2827 423 Raymundus,
3135 370 3251 423 5⁹2
3372 423 3373 432 ἵ

624 549 893 612 fratrum,
943 544 1047 619 qui
1097 544 1305 602 laxiori
1355 543 1767 600 observantiae
1802 543 1903 600 ad·
1962 543 2119 600 dinis
2185 549 2551 617 procurator,
2618 543 2720 615 qui
2789 539 2949 622 (cum
3019 533 3255 598 Bona·

625 634 962 702 haerebant,
1002 633 1406 691 vexationibus
1456 636 1690 690 coaetus
1722 635 1812 689 est
1844 632 1905 689 in
1961 631 2226 708 gratia
2286 632 2358 689 de
2408 619 2723 710 Bergamo)
2789 631 3036 688 nomine
3103 643 3259 686 com·
3372 605 3373 650 1

625 725 878 798 patriam
943 731 1219 781 remeare.
1284 720 1392 779 Vix
1455 723 1651 779 autem
1706 721 1903 779 sedem
1963 719 2278 778 munitatis
2312 720 2596 778 Clementi
2620 719 2682 776 V.
2717 719 2949 777 obtulit
2980 718 3258 776 libellum

627 813 901 870 stabilem
966 811 1186 886 reperit
1260 810 1680 885 turbatamque
1760 810 1905 868 satis
1963 799 2350 868 accusationis
2385 813 2590 867 contra
2639 808 3004 884 spirituales,
3039 808 3107 865 in
3142 808 3261 882 pri-

624 901 808 959 vitam
869 901 1050 976 degit.
1122 900 1484 957 Atenionem
1537 918 1599 957 se
1651 900 1909 958 contulit
1963 899 2076 957 mis
2141 899 2421 958 adversus
2483 889 2725 955 Petrum
2780 897 3037 955 «Ioannis
3108 897 3264 955 olivi

628 990 773 1070 (131
801 995 852 1068 1)
878 990 991 1047 sub
1009 988 1417 1047 tutelaJacobi
1441 989 1757 1047 Columnae
1779 1009 1902 1047 car·
1966 987 2047 1069 (1.
2082 987 2283 1047 Martii
2328 983 2537 1068 1311),
2592 999 2769 1062 quern
2801 987 3051 1045 exhibet
3084 975 3267 1043 Ehrle

625 1079 838 1137 'dinalis
901 1098 1006 1154 pro
1082 1078 1307 1136 tuenda
1385 1081 1526 1135 s‘uae
1593 1078 1906 1136 fractionis
1964 1078 1999 1135 l.
2022 1093 2068 1136 c.
2091 1077 2165 1148 Π,
2194 1085 2560 1140 365-374.
2596 1077 2729 1134 Mox
2762 1075 3257 1151 ,responsionem

624 1171 797 1226 caiisa
829 1183 1022 1226 coram
1067 1167 1357 1243 pontifice.
1420 1167 1618 1225 Rediit
1645 1169 1904 1242 postmo-
1962 1167 2035 1225 ad
2068 1167 2434 1243 praedictum
2458 1164 2721 1224 libellum
2746 1165 3257 1223 diffamatorium‘

624 1258 765 1315 dum
828 1258 893 1314 in
951 1252 1184 1315 Italiam
1243 1257 1592 1330 mutataque
1655 1255 1907 1314 subinde
1963 1273 2099 1314 sane
2152 1269 2420 1333 sagacem
2471 1259 2534 1313 et
2582 1258 2916 1312 accuratam
2951 1253 3259 1311 Uberti-

625 1345 760 1405 sede
794 1354 969 1404 senex
1007 1356 1105 1408 15.
1139 1343 1280 1404 Jun.
1311 1354 1473 1408 1337
1512 1341 1750 1403 demum·
1773 1355 1908 1404 cum
1966 1361 2101 1404 nus
2138 1343 2239 1427 (de
2271 1341 2407 1415 Ilia)
2443 1344 2516 1403 de
2549 1343 2808 1403 Casali
2843 1343 3265 1418 spiritualium

623 1435 776 1493 fama
808 1434 1142 1494 sanctitatis
1190 1434 1341 1492 obiit
1385 1435 1766 1509 quietemque
1813 1447 1906 1492 re·
1963 1435 2082 1493 dux
2115 1439 2176 1493 et
2206 1417 2407 1494 oratoi‘·
2438 1452 2471 1492 o
2515 1432 2732 1509 posuit,
2780 1434 2841 1489 in
2876 1447 3004 1507 qua
3037 1451 3152 1506 pro
3182 1431 3267 1488 vi·

623 1519 855 1605 perit-¹).
891 1524 978 1583 Ob
1025 1525 1154 1598 ejus
1200 1524 1457 1581 virtutes
1504 1526 1565 1581 et
1597 1524 1909 1600 religiosae
1964 1524 2131 1582 ribus
2178 1526 2423 1583 Petrum
2496 1541 2546 1581 o.
2581 1521 2735 1580 Oliv'i
2784 1518 2998 1579 tuetur
3027 1521 3135 1578 vel
3168 1529 3263 1576 ex·

623 1613 1003 1690 perfectionis
1051 1611 1316 1670 studium·
1367 1615 1565 1671 actum
1612 1615 1704 1671 est
1735 1613 1808 1671 de
1841 1622 1909 1673 eo
1966 1617 2149 1672 cusat.
2185 1614 2331 1671 Eam
2352 1612 2580 1687 primus
2604 1610 3108 1669 annotationibus
3128 1609 3260 1666 doc·

625 1702 783 1760 inter
816 1703 1019 1761 beatos
1051 1699 1375 1772 referendo,
1400 1702 1506 1759 sed
1527 1693 1655 1761 sine
1675 1702 1906 1760 effectu.
1965 1703 2043 1761 tis
2103 1702 2472 1760 illustratam
2535 1700 2772 1758 exhibet
2819 1699 3003 1757 Ehrle
3053 1698 3138 1755 ib.
3191 1697 3262 1757 11.

625 1793 741 1849 Pro
804 1791 1052 1849 historia
1114 1789 1654 1850 controversiarum
1705 1792 1907 1868 magni
1970 1800 2093 1855 377
2113 1799 2340 1854 -416,
2405 1790 2590 1847 Porro
2654 1781 2984 1847 Uberfinus
3050 1803 3115 1845 n.
3179 1791 3265 1844 aet

626 1881 906 1939 momenti
954 1882 1043 1939 est
1087 1869 1216 1955 ejus
1264 1882 1500 1955 epistola
1547 1883 1911 1938 excusatoria
1966 1883 2121 1940 circa
2154 1900 2203 1939 a.
2245 1887 2408 1943 1258
2458 1873 2555 1937 vel
2607 1887 2771 1940 1259
2819 1882 2882 1936 et
2913 1877 3033 1936 sub
3069 1894 3120 1933 s.
3154 1872 3263 1934 Bo-

625 1971 694 2027 ad
727 1981 939 2045 papam
974 1969 1045 2027 de
1064 1968 1215 2028 falso‘
1235 1969 1528 2045 impositis
1561 1971 1622 2027 et
1653 1970 1908 2028 fratrum
1966 1974 2301 2029 naventura
2330 1969 2639 2045 ingressus
2669 1967 2937 2025 ordinem
2956 1966 3263 2024 Minorum

625 2058 933 2117 calumniis
956 2054 1206 2139 (1317),
1231 2073 1406 2132 quam
1425 2059 1682 2135 primum
1701 2058 1906 2128 edidit,
1974 2066 2158 2122 1273.
2212 2057 2316 2117 Vir
2345 2059 2473 2116 erat
2503 2057 2641 2132 pius
2672 2055 2736 2114 et
2764 2056 2996 2124 doctus,
3046 2055 3261 2113 acerri-

626 2148 725 2206 sed
760 2148 902 2206 satis
935 2147 1289 2224 imperfecte,
1338 2141 1662 2206 Flaminius
1695 2148 1770 2205 da
1801 2148 1905 2205 Lu·
1966 2163 2117 2216 mus,
2184 2157 2357 2222 saepe
2405 2149 2468 2205 et
2517 2143 2816 2204 fanaticus
2879 2143 3262 2219 paupertatis

623 2241 755 2296 tera
786 2237 844 2295 ih
880 2247 985 2295 suo
1019 2235 1431 2312 supplemento
1476 2237 1549 2295 ad
1582 2236 1911 2295 bullarium
1967 2240 2394 2314 propugnator,
2432 2235 2733 2294 familiaris
2767 2233 2927 2291 Petri
2961 2233 3063 2291 «10.
3089 2232 3260 2292 Olivi.

624 2325 1074 2385 franciscanum:
1122 2313 1441 2388 admodum
1490 2333 1760 2385 accurate
1805 2337 1908 2384 an·
1968 2327 2182 2385 Missus
2234 2325 2533 2384 Lutetiam
2587 2322 2944 2381 Parisiorum
3000 2323 3166 2399 legit
3206 2325 3263 2379 et

624 2417 1037 2474 notationibus
1070 2414 1289 2474 criticis
1321 2418 1383 2473 et
1401 2415 1700 2473 historicis
1733 2416 1905 2474 illus·
1965 2416 2168 2474 docuit
2200 2429 2306 2490 per
2336 2421 2523 2472 annos
2544 2419 2772 2478 novem,
2808 2410 2913 2469 sed
2931 2412 3022 2468 ita
3042 2411 3260 2470 laxans

623 2503 842 2563 tratum
889 2501 1063 2562 Ehrle
1113 2504 1179 2562 in
1212 2501 1430 2563 Archiv
1480 2505 1577 2562 fiir
1609 2501 1912 2562 Literatur
1970 2497 2212 2563 habenis
2245 2507 2306 2562 et
2336 2501 2596 2561 dimissis
2639 2498 3062 2577 spiritualibus
3098 2515 3258 2559 exer·

627 2591 913 2652 und-KG·
973 2593 1155 2656 1885.
1204 2591 1249 2663 I,
1302 2597 1624 2662 521-33,
1677 2594 1784 2669 qui
1832 2592 1908 2651 ib.
1968 2594 2142 2663 uitiis,
2177 2596 2248 2652 ut
2279 2594 2333 2652 ei
2364 2601 2471 2667 per
2518 2589 2811 2650 somnium
2847 2588 3130 2648 Christus
3162 2603 3257 2664 ap·

630 2693 931 2746 533-70
983 2682 1128 2741 alias
1173 2684 1438 2758 ejusdem
1481 2682 1764 2759 epistolas
1820 2684 1909 2741 vel
1966 2682 2203 2761 pareret
2232 2682 2303 2741 ad
2338 2680 2747 2757 perfectiorem
2797 2680 2982 2737 vitam
3018 2688 3259 2737 revoca-

626 2780 828 2830 earuffl
861 2772 1194 2849 fragmenta
1239 2772 1310 2830 ad
1345 2773 1451 2830 has
1483 2773 1911 2831 controversias
1966 2775 2159 2831 turus.
2225 2773 2545 2850 Regressus
2609 2770 2671 2828 in
2720 2768 2958 2827 Italiam
3024 2768 3260 2845 scripsit

626 2858 960 2936 spectantes
979 2852 1042 2919 in
1064 2860 1362 2936 publicam
1383 2862 1573 2920 lucem
1598 2860 1908 2936 protrahit.
1969 2878 2017 2920 a.
2060 2870 2226 2925 1305
2262 2861 2447 2919 trium
2484 2859 2773 2918 mensium
2797 2863 2859 2916 et
2877 2860 3117 2933 septem
3139 2856 3256 2915 die-

625 2950 748 3026 lpsi
772 2950 993 3026 parIter
1011 2942 1303 3008 tribuitur
1323 2952 1384 3009 et
1406 2950 1615 3009 merito
1651 2949 1909 3025 quidem,
1966 2968 2100 3009 rum
2119 2950 2313 3026 spatio
2331 2951 2393 3008 in
2416 2952 2615 3007 monte
2635 2947 2951 3006 Alverniae
2971 2945 3256 3006 devotum

626 3043 699 3098 ut
760 3039 1022 3096 ostendit
1073 3034 1333 3118 Ehrless),
1398 3040 1641 3098 historia
1703 3047 1913 3114 septem
1967 3042 2030 3099 et
2062 3040 2375 3115 prolixum,
2410 3030 2719 3112 aliquanto
2743 3040 2943 3094 tamen
2964 3036 3258 3111 proillius

627 3129 1067 3186 tribulationum
1104 3127 1243 3185 Ord.
1279 3118 1446 3203 Min„
1482 3140 1634 3202 quae
1669 3128 1742 3186 ad
1775 3144 1911 3186 eon·
1968 3129 2255 3203 temporis
2289 3127 2522 3187 ratione
2542 3127 2908 3204 indigestum
2934 3129 2995 3183 et
3015 3126 3258 3184 minime

627 3212 760 3275 dem
794 3212 1257 3275 controversiam
1293 3221 1524 3294 spectat
1556 3230 1617 3275 et
1648 3218 1910 3292 primum
1968 3219 2039 3276 ad
2073 3218 2349 3276 incudem
2394 3216 2698 3275 rsdactum
2745 3224 2895 3291 opus
2944 3209 3142 3294 (nune
3170 3230 3255 3273 ra-

628 3292 787 3367 edita
818 3300 935 3364 fuit
966 3306 1219 3365 maxima
1258 3326 1324 3364 ex
1375 3311 1543 3382 parte
1585 3304 1658 3364 ab
1707 3306 1911 3365 eodem
1968 3303 2150 3389 rum),
2216 3306 2374 3382 quod
2425 3306 2690 3364 arborem
2741 3306 2888 3362 vitae
2947 3305 3260 3380 crucifixae

627 3396 822 3466 Ehrle,
888 3395 1162 3471 quamvis
1227 3396 1339 3454 alio
1402 3396 1605 3455 ordine
1669 3397 1703 3452 l.
1757 3412 1801 3453 c.
1857 3415 1911 3471 p.
1969 3396 2110 3477 Jesu
2141 3395 2465 3472 inscripsit.
2514 3395 2577 3453 ll.
2629 3403 2685 3461 5,
2740 3390 3039 3473 (Venetiis
3096 3400 3254 3456 1485

639 3492 932 3548 125—55
990 3482 1111 3565 (cui
1140 3485 1353 3543 inserit
1385 3486 1479 3543 hic
1510 3504 1564 3561 p.
1611 3490 1908 3548 156-64
1966 3486 2029 3543 in
2065 3480 2134 3554 43
2189 3485 2384 3543 italice
2435 3494 2542 3560 per
2591 3483 2761 3541 Laut.
2814 3482 2887 3541 de
2918 3482 3154 3541 Tosano
3185 3481 3256 3538 ib.

627 3570 887 3651 quatuor
906 3564 1257 3632 documenta
1277 3573 1457 3635 utilia
1489 3573 1562 3633 ad
1595 3574 1909 3633 historiam
1978 3570 2192 3656 1504),
2227 3575 2290 3632 in
2337 3591 2455 3647 qno
2502 3573 2677 3648 p'lura
2708 3571 2782 3629 ad
2814 3571 3069 3630 verbum
3104 3570 3255 3629 deri-

629 3658 780 3723 hanss
811 3658 1288 3742 illustrandam)3
1331 3656 1406 3735 11,
1445 3672 1748 3726 256-327.
1782 3664 1912 3722 Duo
1971 3660 2132 3722 vavit
2181 3681 2248 3721 ex
2284 3681 2327 3721 s.
2365 3660 2813 3722 Bonaventurae
2858 3654 3254 3736 Breviloquio.

630 3753 827 3829 capita
859 3756 1055 3811 sextae
1086 3753 1498 3811 tribulationis
1532 3753 1774 3812 exhibet
1806 3752 1912 3810 Fe·
1972 3752 2181 3811 Merito
2202 3771 2341 3811 vero
2361 3753 2561 3827 aliqua
2590 3753 2764 3809 caute
2784 3749 3043 3826 legenda
3062 3754 3253 3807 monet

628 3843 737 3900 lice
755 3842 938 3901 'rocco
970 3843 1032 3899 in
1053 3842 1329 3900 Archivio
1365 3843 1578 3901 stoi-ico
1595 3842 1731 3900 Ital.
1752 3840 1913 3901 XVII
1968 3842 2059 3901 Jo.
2096 3836 2315 3900 Gerson
2348 3838 2529 3899 tacito
2560 3840 2819 3898 auctoris
2852 3839 3100 3897 nomine
3130 3838 3191 3897 in
3222 3837 3253 3894 l.

630 3930 683 4011 (1
705 3927 853 4011 886)
899 3932 1171 3993 12-36.
1970 3932 2041 3989 de
2076 3930 2451 4007 susceptione
2484 3926 2875 3987 humanitatis
2892 3928 3131 3996 Christi,
3163 3944 3252 3985 eo·

1970 4034 2085 4096 que
2118 4034 2397 4096 expresso
2443 4019 2505 4076 in
2537 4021 2612 4076 tr.
2662 4017 2735 4076 de
2784 4022 2963 4075 caute
2996 4015 3255 4094 legendis

720 4118 863 4170 305.
899 4108 1010 4165 Pro
1027 4108 1449 4166 communitate
1467 4109 1687 4167 Quin.
1707 4111 1916 4167 contra
1974 4110 2351 4184 quorundam
2384 4107 2581 4166 libris:
2615 4103 2795 4165 nimis
2812 4096 2972 4164 eniffl
3005 4117 3255 4183 propen-

629 4200 875 4256 couutus
911 4196 1312 4271 spiritualium
1347 4198 1517 4255 stetit
1549 4188 1911 4273 Raymun·
1973 4198 2077 4257 det
2108 4199 2172 4257 in
2204 4197 2498 4257 Joachimi
2544 4196 2868 4272 opiniones.
2940 4184 3026 4252 De
3055 4203 3252 4271 septem

630 4280 768 4343 dus
802 4280 872 4344 de
907 4285 1232 4345 Fronsac
1267 4283 1364 4367 (de
1398 4278 1780 4367 Fronciacho)
1817 4306 1910 4345 or·
1969 4285 2216 4347 statibus
2263 4288 2550 4345 Ecclesiae
2584 4285 2765 4361 juxta
2809 4287 3037 4359 septeni
3085 4285 3253 4343 visio-

1972 4390 2079 4435 nes
2137 4378 2587 4453 Apocalypseos‚
2652 4378 2747 4433 est
2793 4374 3053 4449 epitome
3101 4371 3252 4432 initii

710 4498 743 4553 ι)
775 4488 910 4562 Ejus
940 4492 1215 4547 miracula
1241 4497 1436 4547 narrat
1479 4490 1915 4562 Philippus,
1971 4466 2182 4541 prioris
2214 4466 2422 4563 weris,
2470 4467 2533 4561 et
2569 4463 2794 4540 prodiit
2841 4464 3107 4522 insertus
3142 4462 3251 4521 R·

629 4564 751 4633 ejus
778 4563 1091 4630 familiaria,
1138 4582 1309 4634 quam
1350 4566 1526 4619 habes
1566 4563 1627 4617 in
1668 4567 1794 4617 Act.
1822 4563 1915 4619 SS.
1965 4558 2247 4631 positioni
2280 4572 2480 4632 maym
2502 4553 2821 4632 prophetae
2841 4553 3109 4611 Joachim
3143 4554 3200 4610 in
3220 4552 3250 4608 L

630 4642 712 4692 15.
741 4636 874 4690 Jun.
903 4634 971 4699 11,
995 4635 1365 4699 noo—1102.
1387 4644 1516 4690 oum
1541 4635 1915 4705 Papebrochii
1973 4645 2180 4720 cyrilli
2229 4646 2299 4702 de
2344 4646 2570 4722 ''⁸⁰9²'ss
2614 4632 3083 4701 fabulationibus
3127 4658 3251 4700 cum

630 4706 1033 4818 Cossnmenuirio
1067 4712 1433 4801 ¹s>'91,‘1100,·
1562 4779 1571 4788 .
1644 4776 1655 4789 .
1681 4786 1687 4793 ,
1975 4733 2398 4809 compilatione
2430 4720 2786 4811 ‘Telesphori
2838 4730 2911 4788 de
2967 4731 3250 4790 Cusen'tia.

718 4784 743 4866 )
773 4778 980 4833 Archiv
1003 4778 1197 4844 11‚10e
1227 4797 1296 4843 ss,
1325 4796 1458 4849 prae
1485 4792 1688 4849 primis
1716 4781 1917 4833 contra

629 4852 755 4905 asto
785 4852 915 4905 Vita
943 4852 1003 4904 di
1033 4852 1175 4905 frate
1207 4842 1333 4904 Elia,
1350 4850 1584 4904 Parmae
1603 4853 1813 4921 17831).
1831 4854 1916 4907 18:
1975 4818 2135 4923 Nam
2190 4823 2316 4897 ipse
2367 4821 2691 4922 Ubertinnus
2740 4820 2888 4879 hanc
2944 4816 3251 4923 confecerit

630 4926 688 4976 et
712 4923 916 4976 iterum
947 4923 1023 4977 ib.
1057 4924 1119 4987 11,
1147 4928 1362 4980 406-ss
1402 4925 1600 4976 contra
1627 4924 1685 4976 F.
1715 4920 1916 4976 Tocco,
1975 4914 2293 4987 epitomen,
2346 4916 2439 4970 est
2483 4910 2747 4969 dubium.
2810 4900 3042 4968 Produt
3073 4909 3251 4967 Vene-
