3475 5364
549 379 627 434 35
1037 366 1406 418 1109—1141.
1437 360 1690 415 Historia
1716 364 1910 417 eccles.
1939 361 2266 425 Ekkehard‚
2294 363 2463 432 Hugo
2492 362 2668 426 Flav„
3088 381 3165 434 3ss

546 546 1010 624 bambergensis,
1059 547 1132 606 ab
1166 548 1384 606 Ottone
1414 547 1690 624 episcopo
1722 548 1825 605 ab·
1882 566 2048 606 mum
2079 565 2223 606 cura
2242 549 2305 607 G.
2339 548 2580 606 Waitz
2609 548 2765 607 inter
2783 551 3172 607 monumenta

546 638 651 697 bas
685 637 1047 695 constitutus
1093 636 1437 695 monasterii
1482 636 1555 694 ab
1602 637 1730 711 ipso
1764 637 1828 695 iu
1885 638 2231 696 Germaniae
2262 640 2307 694 t.
2330 636 2424 698 VI.
2471 646 2719 699 1--267
2759 632 2891 719 (ubi
2923 638 3165 713 subjici·

546 727 791 802 praedio
838 744 945 784 suo
979 725 1235 801 Uraugia
1269 719 1505 806 (Aura),
1549 726 1688 785 hinc
1718 726 1828 784 Ur·
1884 729 1987 784 tur
2019 729 2149 801 ejus
2174 726 2626 801 Hierosolymita
2657 744 2762 785 seu
2780 727 3170 785 brevissimus

544 814 847 893 augiensis
879 815 1093 873 dictuS.
1142 814 1285 889 Ejus
1317 816 1599 873 memoria
1628 814 1702 873 ad
1733 834 1827 873 re·
1886 814 2014 875 l.de
2031 814 2433 892 oppressione,
2455 816 2806 874 liberatione
2840 835 2907 874 ac
2939 820 3168 875 restau-

545 906 864 963 centiorem
897 913 1089 980 usque
1120 907 1371 961 aetatem
1395 903 1691 962 oblivione
1706 904 1828 963 fere
1885 904 2113 963 ratione
2146 924 2192 962 s.
2225 904 2723 980 hierosymitanae
2747 905 3031 964 ecclesiae
3064 923 3170 964 seu

547 995 762 1053 obruta
793 993 1031 1064 mansit,
1066 991 1336 1067 quamvis
1366 991 1559 1068 ipsius
1593 994 1827 1052 chroni-
1885 993 2409 1071 deexpugnatione
2423 993 2947 1069 hierosolymitana
2972 1005 3168 1057 1096·

548 1102 655 1143 con
678 1074 975 1157 quondam
994 1081 1177 1140 fuerit
1195 1081 1693 1159 vulgatissimum.
1727 1081 1826 1140 Ul·
1891 1094 1919 1145 l
1940 1079 2108 1162 104),
2131 1087 2192 1141 et
2211 1082 2349 1141 inde
2368 1086 2672 1158 receptum
2691 1084 2754 1141 in
2776 1083 3168 1160 patrologiam

546 1172 708 1231 timis
758 1171 942 1231 seculi
1001 1170 1095 1229 XI.
1145 1170 1318 1229 annis
1369 1170 1521 1229 illud
1571 1171 1828 1230 scribere
1885 1171 2084 1248 Migne
2114 1174 2157 1232 t.
2191 1171 2376 1241 CLIV,
2424 1181 2774 1235 459-1060.
2826 1174 3168 1248 Anonymo·

548 1279 865 1338 aggressus
898 1262 1005 1329 est,
1042 1263 1223 1335 atque
1256 1259 1330 1317 ab
1363 1278 1413 1321 ο.
1446 1278 1494 1317 c.
1526 1278 1720 1335 usque
1755 1259 1828 1318 ad
1887 1280 2018 1319 rum
2074 1260 2552 1319 continuationes
2616 1260 2779 1319 dedit
2831 1262 3058 1320 Pertz
3107 1262 3169 1319 in

548 1369 656 1409 sua
673 1354 941 1427 tempora
960 1368 1138 1424 quam
1165 1348 1596 1424 amplissimam
1628 1368 1829 1408 rerum
1888 1349 2014 1407 ΜΘ.
2048 1350 2147 1412 SS.
2181 1349 2331 1419 XVI,
2362 1359 2607 1420 1-123
2641 1349 2820 1419 XVII,
2848 1360 3167 1414 360—65.

546 1443 848 1517 gestarum
896 1438 1169 1497 notitiam
1216 1438 1469 1505 exhibet,
1516 1457 1695 1512 quam
1735 1438 1829 1497 in·

547 1529 775 1587 defessa
807 1527 1124 1587 sedulitate
1169 1546 1239 1585 ex
1280 1526 1452 1585 libris
1484 1530 1607 1585 tam
1640 1527 1828 1586 histo·
1984 1539 2082 1590 17.
2114 1527 2344 1587 Ibidem
2377 1527 2674 1603 reperitur
2696 1529 2919 1603 pariter
2937 1530 3166 1587 chroni-

546 1618 685 1676 ricis
732 1636 911 1695 quam
955 1616 1193 1675 biblicis
1234 1615 1702 1692 theologicisque
1735 1616 1833 1674 vel
1887 1635 1992 1675 con
2023 1617 2333 1694 Hugoni
2359 1635 2386 1675 s
2433 1616 2666 1676 abbatis
2712 1618 3167 1687 flaviniacensis,

548 1706 804 1765 aliorum
854 1705 1094 1781 scriptis
1147 1704 1403 1781 collegit.
1467 1704 1622 1763 Hinc
1671 1706 1831 1763 inter
1886 1706 2026 1764 hinc
2055 1706 2470 1765 flaviniacense
2504 1701 2603 1788 (ab
2624 1707 2754 1781 ejus
2778 1707 2972 1783 patria
2990 1707 3168 1765 etiam

546 1796 737 1854 varias
772 1813 884 1854 sec.
918 1794 1016 1855 XI.
1048 1798 1108 1852 et
1129 1793 1256 1855 XII.
1288 1794 1566 1852 historias
1587 1794 1829 1853 univer·
1887 1790 2312 1877 virodunense)
2375 1794 2621 1870 dictum,
2686 1796 3006 1870 prolixum,
3068 1796 3168 1855 sed

547 1885 700 1943 sales
732 1884 967 1959 primus
999 1884 1052 1941 ei
1087 1884 1255 1940 locus
1287 1881 1644 1942 tribuendus
1667 1883 1831 1941 vide-
1886 1903 2086 1942 rerum
2107 1884 2180 1942 ad
2202 1884 2508 1944 historiam
2543 1902 2653 1947 sec.
2686 1884 2783 1942 XI.
2820 1885 3165 1944 facientium

545 1978 664 2033 tur.
726 1972 886 2031 Illud
922 1973 1273 2049 prosecutus
1305 1974 1399 2031 est
1430 1971 1504 2029 ad
1537 1991 1586 2032 a.
1631 1983 1829 2041 11163
1890 1973 2059 2049 copia
2073 1973 2324 2050 insigne.
2356 1974 2549 2032 Natus
2565 1973 2845 2050 estHugo
2861 1993 2932 2032 ex
2947 1974 3171 2033 familia

496 2107 499 2110 <
546 2062 683 2121 dein
698 2056 1829 2143 iteratisvicibuscontinuavit(-1125)
1887 2081 2039 2137 quae
2085 2063 2181 2121 vel
2225 2063 2654 2138 imperatorum
2702 2063 2940 2122 Ottonis
2972 2062 3079 2121 111.
3111 2067 3171 2123 et

545 2155 606 2210 et
637 2151 817 2211 etiam
849 2150 1198 2209 retractavit
1229 2145 1286 2224 (†
1318 2169 1375 2225 p.
1423 2147 1633 2231 1125).
1681 2149 1828 2207 Con·
1886 2150 2137 2210 conradi
2168 2150 2242 2209 II.
2297 2152 2705 2228 cognationem
2739 2152 3067 2224 affectabat,
3119 2174 3168 2215 a.

546 2240 910 2299 tinuationes
943 2240 1051 2297 hae
1082 2238 1368 2297 maximae
1401 2242 1545 2297 sunt
1567 2238 1827 2298 auctori·
1894 2251 2059 2303 1065
2098 2239 2388 2299 Viroduni
2420 2243 2526 2299 aut
2556 2240 2621 2298 in
2653 2240 2873 2299 vicinia
2903 2242 3034 2317 ejus
3068 2260 3167 2301 ur·

546 2330 687 2387 tatis
702 2332 880 2403 atque
896 2328 1129 2402 reliquo
1144 2328 1309 2402 operi
1324 2328 1497 2403 louge
1511 2330 1828 2404 praestant.
1885 2328 2012 2387 bis:
2044 2328 2252 2405 ibique
2273 2348 2422 2405 puer
2439 2329 2505 2387 in
2526 2331 2879 2389 monasterio
2900 2349 2944 2393 s,
2964 2330 3166 2390 Vitoni

546 2419 696 2476 Nam
748 2437 899 2493 quae
946 2420 1154 2476 auctor
1198 2416 1323 2491 ipse
1372 2417 1600 2475 viderat
1631 2417 1724 2475 vel
1757 2416 1830 2474 ab
1886 2418 2080 2477 literis
2113 2422 2206 2476 est
2227 2418 2516 2488 imbutus,
2541 2437 2673 2477 mox
2693 2422 2755 2478 et
2773 2419 3172 2479 obedientiam

545 2507 894 2583 aequalibus
940 2506 1207 2565 audierat
1253 2508 1525 2564 accurata
1571 2508 1632 2563 et
1680 2505 1829 2565 satis
1888 2508 2208 2582 professus,
2272 2508 2413 2566 Post
2442 2508 2627 2566 vitam
2660 2512 2753 2567 sat
2783 2509 3063 2585 agitatam
3097 2509 3171 2569 ob

544 2598 744 2671 ampla
775 2595 1114 2654 narratione
1134 2595 1427 2669 exposuit,
1464 2596 1647 2654 etiam
1680 2594 1828 2653 alio·
1887 2597 2096 2656 turbas
2118 2596 2289 2656 illius
2305 2597 2589 2673 temporis
2610 2598 2836 2656 electus
2870 2598 3046 2656 estin
3066 2597 3167 2657 ab·

544 2704 675 2744 rum
730 2686 1087 2761 scriptorum
1140 2703 1317 2760 opera
1378 2703 1498 2742 non
1546 2685 1827 2762 neglexit,
1886 2687 2085 2746 batem
2101 2687 2452 2746 monasterii
2467 2687 2898 2746 flaviniacensis
2921 2682 3170 2772 (1096);

544 2774 824 2850 epistolas
857 2792 995 2832 vero
1028 2774 1262 2849 aliaque
1282 2772 1653 2844 documenta,
1679 2792 1828 2848 quo·
1887 2777 1989 2834 sed
2023 2779 2162 2851 post
2191 2775 2523 2835 triennium
2555 2777 2682 2834 loco
2711 2776 2916 2835 cedere
2935 2781 3172 2836 coactus

543 2883 677 2922 rum
725 2879 962 2939 compos
998 2863 1187 2922 factus
1222 2866 1330 2934 est,
1377 2864 1704 2921 narrationi
1735 2863 1826 2920 in·
1887 2867 1980 2924 est
1994 2868 2055 2923 et
2070 2865 2212 2924 licet
2225 2865 2289 2924 in
2304 2865 2552 2925 concilio
2565 2865 2954 2938 valentino(a.
2976 2878 2996 2928 1
3022 2861 3170 2948 100)

545 2952 737 3012 seruit
767 2952 862 3012 vel
891 2952 1097 3027 paucis
1129 2951 1368 3011 exhibet
1380 2954 1443 3025 ¹).
1480 2951 1707 3011 Prodiit
1725 2952 1827 3009 de·
1886 2955 2303 3029 praesentibus
2336 2955 2547 3032 legatis
2562 2955 2881 3029 pontificiis
2900 2955 3171 3014 abbatiae

1886 3043 2075 3101 fuerit
2103 3043 2445 3114 restitutus,
2467 3044 2542 3101 ob
2563 3043 2857 3103 offensum
2876 3045 3170 3104 sodalium

546 3139 698 3210 poris
737 3139 875 3198 hist.
916 3140 1092 3194 medii
1133 3138 1262 3193 aevi
1289 3141 1355 3203 11,
1385 3144 1627 3201 1—374;
1669 3155 1832 3193 accu·
1886 3132 2153 3190 animum
2187 3151 2314 3190 eam
2346 3132 2579 3208 pacifice
2625 3135 2882 3193 retinere
2913 3152 3036 3192 non
3066 3151 3170 3209 po·-

544 3214 665 3266 rate
691 3210 723 3263 J
740 3211 899 3265 affe
927 3211 989 3265 in
1016 3210 1372 3266 Bibliotheca
1397 3211 1461 3275 V,
1489 3214 1716 3268 1-469,
1748 3211 1830 3266 cf.
1888 3221 2027 3280 tuit,
2093 3222 2400 3298 Temporis
2435 3223 2612 3297 lapsu
2639 3222 2920 3299 refriguit
2951 3223 3014 3281 in
3045 3223 3169 3281 2010

545 3282 922 3337 Dilmmler
961 3283 1084 3344 NA.
1126 3282 1255 3338 xlx
1296 3285 1475 3354 (1894)
1518 3287 1621 3339 222
1649 3301 1719 3343 88,
1767 3315 1828 3325 -
2409 3311 2421 3322 -
2507 3311 2519 3321 -
2744 3311 2755 3323 ·
2885 3312 2895 3323 .

545 3353 802 3410 Heimo
848 3354 1155 3410 canonicus
1198 3353 1619 3425 bambergensis
1660 3357 1705 3425 (ψ
1746 3359 1831 3411 31.
1889 3329 1995 3385 pro
2042 3327 2217 3369 causa
2254 3311 2562 3386 ponnficm
2610 3311 3050 3386 damnantque
3096 3311 3170 3370 ad

543 3425 839 3498 Juli1139)
867 3425 1233 3480 concinnavit
1248 3428 1750 3494 chronoyraphiam,
1766 3442 1832 3480 ex
1889 3401 2086 3498 Partes
2129 3400 2625 3471 adversariommv
2655 3401 2774 3457 imo
2819 3402 3173 3476 aliquandiu

545 3514 660 3567 qua.
713 3500 978 3569 excerpta
1028 3498 1203 3552 habes
1253 3496 1312 3550 in
1366 3497 1435 3554 Μ,
1490 3495 1557 3552 G,
1617 3496 1710 3557 SS,
1765 3497 1831 3561 X,
1889 3493 2163 3548 intrusus
2214 3488 2332 3547 fuit
2381 3489 2561 3547 abbas
2612 3489 2968 3566 illegitimus
3015 3491 3079 3549 in
3124 3508 3169 3548 8.

546 3574 715 3628 1-4;
743 3570 995 3642 Migne
1022 3568 1313 3632 CLXXIII,
1354 3571 1603 3625 1365·68·
1660 3570 1736 3623 De
1766 3585 1832 3623 0⁰»
1889 3577 2093 3637 Vitoni
2126 3579 2569 3642 monasterium.
2634 3580 2861 3637 Vixisse
2908 3579 3171 3638 creditur

542 3639 1833 3782 gaergggejgeffezefe?(aberatffihgngzsspfigstlgss
1888 3666 1962 3725 ad
1994 3686 2043 3725 ⁸⁹
2084 3678 2248 3730 ¹¹4⁰
2297 3666 2418 3727 imo
2463 3668 2535 3726 ad
2581 3688 2631 3726 δ’
2681 3677 2864 3731 1053’
2927 3668 3169 3727 Librum

544 3783 673 3837 sind
701 3783 866 3837 darin
910 3800 1013 3837 aus
1054 3782 1301 3836 Bernold
1339 3783 1456 3836 und
1498 3781 1609 3836 den
1636 3782 1831 3836 W’ilrz·
1889 3774 2064 3814 suum
2111 3775 2218 3831 Per
2260 3774 2417 3815 *¹⁰⁸⁸
2460 3775 2683 3833 Pasmm
2746 3758 2915 3816 nuno
2966 3757 3170 3816 ordme

545 3857 653 3909 bur
695 3870 755 3907 er
818 3855 1081 3908 Annalen
1155 3857 1555 3912 entnommen:
1633 3854 1832 3924 eigene

544 3926 667 3980 Nac
739 3926 936 3980 ichten
976 3943 1046 3979 zu
1087 3927 1270 3995 geben
1312 3942 1430 3978 war
1469 3925 1590 3978 sein
1632 3924 1833 3980 Zweck
1887 3926 2243 3981 namentlich
2267 3927 2358 3980 fiir
2374 3927 2485 3980 deu
2501 3927 3169 3982 NordenDeutschlands

544 3997 725 4060 nicht,
753 3997 1000 4051 sondern
1042 4015 1154 4051 nur
1173 3997 1264 4051 die
1290 3996 1671 4067 Chronologie
1699 3997 1828 4052 fest-
1888 3998 1980 4052 dic
2055 3998 2387 4067 Grundlage
2458 3999 2602 4052 aller
2683 3998 3169 4069 geschichtlichen

543 4069 838 4125 zustellen.
890 4069 1004 4123 Fur
1043 4087 1153 4122 uns
1193 4069 1268 4123 ist
1306 4069 1484 4123 daher
1523 4067 1625 4121 das
1652 4067 1830 4123 Werk
1888 4069 2217 4135 Keuntniss‚
2258 4068 2365 4122 wie
2408 4070 2669 4140 Siegbert
2707 4069 2799 4123 fiir
2837 4070 2950 4123 den
2991 4069 3171 4123 Nord-

544 4139 657 4194 fast
684 4142 952 4195 werthlos
992 4140 1111 4195 und
1154 4158 1263 4194 nur
1303 4141 1385 4194 als
1426 4140 1521 4193 ein
1552 4139 1833 4194 Denkmal
1891 4142 2254 4208 westen‚und
2271 4141 2591 4194 Herrmann
2608 4141 2708 4195 der
2723 4141 2935 4194 Lahme
2952 4143 3044 4194 fiir
3059 4141 3169 4194 den

544 4213 643 4265 der
682 4230 742 4267 so
784 4212 1009 4266 lebhaft
1046 4212 1109 4264 iu
1134 4212 1417 4283 Bamberg
1460 4211 1830 4266 betriebenen
1888 4213 2109 4272 Siidenz
2157 4229 2323 4284 sogar
2367 4212 2428 4266 in
2469 4213 2580 4266 den
2625 4213 3012 4267 islandischen
3057 4215 3170 4265 An-

544 4283 790 4338 Studien
818 4283 1073 4354 wichtig.
1888 4285 2058 4339 nalen
2086 4284 2162 4339 ist
2187 4301 2245 4338 es
2275 4286 2524 4338 benutzt.
2554 4285 2720 4340 Auch
2744 4300 2819 4338 an
2847 4283 2969 4338 sein
2991 4282 3170 4337 Werk

659 4357 694 4426 ¹)
723 4355 804 4412 Of.
833 4355 906 4408 W
924 4354 1078 4409 aitz
1118 4353 1179 4407 in
1221 4353 1513 4423 prooemio
1542 4354 1627 4408 ed.
1660 4370 1830 4416 suae;
1888 4356 2171 4411 schlossen
2199 4356 2321 4409 sich
2351 4356 2799 4427 Fortsetzungen
2825 4371 2918 4418 an,
2954 4354 3048 4408 die
3074 4353 3171 4407 Er·

541 4425 615 4478 W
633 4443 666 4480 a
685 4429 792 4481 tte
810 4445 847 4479 n
866 4429 900 4482 b
917 4443 949 4479 a
967 4445 996 4481 c
1013 4428 1050 4481 h
1079 4428 1121 4484 t.
1146 4431 1195 4481 2.
1225 4425 1302 4479 IV
1329 4434 1356 4492 g·
1382 4429 1468 4489 26,
1512 4427 1612 4494 qui
1653 4426 1722 4480 de
1763 4442 1829 4480 eo
1889 4428 2070 4481 furter
2086 4427 2205 4481 und
2222 4427 2611 4498 Wilrzburger
2627 4427 2911 4491 Annalem
2931 4425 3025 4480 die
3042 4425 3169 4480 Urs-

544 4497 769 4551 scribit:
822 4497 1128 4551 Ekkhards
1178 4496 1580 4551 Weltchronik
1624 4497 1829 4551 durfeu
1887 4515 2092 4569 perger
2119 4498 2390 4559 Chronik‚
2433 4499 2676 4563 Andere,
2704 4498 2811 4552 wie
2838 4499 2939 4552 der
2964 4498 3172 4552 sachsi-

543 4568 648 4622 wir
674 4570 828 4624 wohl
856 4569 1181 4640 unbedingt
1207 4571 1300 4622 fiir
1319 4568 1420 4621 da5
1453 4568 1830 4623 vollendetste
1886 4572 2018 4625 eche
2047 4571 2333 4632 Annalist,
2361 4571 2462 4624 der
2489 4571 2771 4624 Poehlder
2796 4570 2916 4624 und
2945 4570 3170 4641 Magde·

544 4639 722 4695 Werk
756 4641 942 4696 dieser
969 4643 1076 4695 Art
1114 4641 1395 4696 erklaren.
1449 4641 1551 4695 Die
1579 4641 1830 4711 Sprache
1887 4643 2097 4712 burget
2138 4643 2570 4713 Chronograph‚
2614 4641 2815 4696 Albert
2839 4659 2953 4696 von
2979 4640 3166 4704 Stade,

543 4711 620 4766 ist
644 4714 766 4767 rein
794 4712 913 4766 und
943 4712 1188 4778 einfach‚
1228 4712 1319 4766 die
1348 4711 1675 4782 Erzahluug
1700 4711 1831 4765 klar
1885 4712 1986 4767 der
2002 4714 2241 4767 Coelner
2256 4716 2525 4768 Annalist
2541 4713 3001 4768 fiberarbeiteten
3022 4713 3169 4767 auch

544 4785 664 4838 und
708 4784 1133 4848 iibersichtlich,
1174 4783 1266 4838 die
1310 4782 1664 4853 Auffassung
1711 4800 1830 4836 ver·
1885 4784 2224 4839 Ekkehards
2249 4785 2425 4839 Werk
2455 4785 2574 4839 und
2603 4785 2836 4839 fllhrten
2872 4800 2930 4838 es
2960 4784 3170 4841 weiter.

542 4857 772 4927 standig
813 4855 933 4909 und
974 4855 1288 4927 gemassigt
1326 4896 1339 4908 .
1381 4901 1391 4912 .
1435 4898 1446 4910 .
1502 4855 1574 4908 Es
1616 4855 1828 4909 bildete
1886 4857 1969 4913 cf.
1997 4855 2262 4911 Potthast
2286 4875 2341 4926 p.
2368 4862 2476 4914 400
2500 4875 2574 4916 s.:
2602 4856 2879 4910 Altmanu
2906 4855 3169 4911 Realenc.

542 4927 713 4998 lange
775 4927 897 4982 Zeit
959 4929 1052 4981 fiir
1114 4927 1282 4982 einen
1344 4944 1577 4996 grossen
1643 4927 1828 4992 Thon,
1884 4931 1962 4993 5²,
1989 4932 2112 4986 286.
