3475 5364
598 322 723 376 359
908 307 1276 360 1251—1275.
1305 301 1716 373 Hagiographi.
1745 300 2082 367 Richardus‚
2118 299 2472 366 Vincentius,
2501 300 2771 355 Silvester
2798 305 2902 355 etc.
3150 316 3302 369 360

591 509 745 567 quae
795 489 975 549 simul
1023 500 1159 548 cum
1207 488 1330 548 illa‘
1358 488 1595 565 prodiit.
1642 522 1729 531 -—
1761 487 1875 545 Ri-
1932 486 2724 563 WojcKetrzynskiinMon.
2739 487 2854 562 pol.
2871 487 3042 545 hist.
3072 493 3292 549 1884.

594 579 923 639 chardus
969 578 1033 637 Ο.
1067 578 1203 636 Cist.
1249 577 1314 636 in
1362 577 1722 637 monasterio
1754 576 1875 635 Ad·
1931 572 2027 644 IV,
2066 584 2373 640 362-438.
2409 608 2498 619 —-
2525 575 3042 636 B.Silvester
3084 592 3294 633 mno-

595 669 754 728 werd
814 663 1147 750 (Aldwerd)
1206 667 1540 744 theologiae
1590 666 1877 744 magister
1929 664 2097 725 nicus
2128 664 2298 741 prius
2330 664 2751 733 maximianus,
2779 664 2926 724 dein
2965 664 3292 723 sanctio·

594 757 937 839 parisiensis
988 753 1050 838 (†
1090 752 1300 835 1266),
1344 754 1596 832 Anglus,
1642 757 1875 832 praeter
1927 754 2013 813 ris
2043 755 2206 814 vitae
2231 753 2531 813 desiderio
2562 755 2808 813 eremita
2837 757 2900 813 et
2932 753 3298 812 fundator

590 847 827 923 aliquot
858 846 1150 905 sodalium
1182 848 1352 922 gesto
1383 845 1694 921 scripsisse
1723 843 1873 903 dici-
1926 841 2048 902 ord.
2081 840 2157 902 de
2188 842 2390 903 Honte
2419 843 2577 903 Fano
2595 861 2701 902 sou
2719 844 3290 903 Silvestrinorum

594 941 699 995 tur
757 936 942 995 vitam
1004 944 1048 993 s.
1111 933 1398 994 Bonifatii
1459 932 1549 1012 (in
1595 935 1721 993 Act.
1776 933 1870 992 88.
1927 932 2001 990 ab
2052 932 2183 1009 ipso
2233 932 2378 992 dicti
2429 929 2512 1015 (n.
2554 941 2750 1002 11773
2802 931 2837 1001 †
2889 952 2939 991 c.
3018 945 3048 995 1
3074 930 3286 1008 267).

604 1034 694 1089 19.
757 1020 923 1083 Febr.
973 1024 1077 1093 111,
1153 1020 1522 1104 152—155)
1597 1022 1874 1099 magistri
1926 1021 2168 1097 scripsit
2196 1023 2374 1080 viram
2405 1022 2455 1081 b.
2488 1022 2730 1097 Bonfilii
2758 1034 2848 1098 ep.
2870 1021 3286 1099 Fulginatis

595 1113 890 1190 quondam
950 1113 1306 1189 parisiensis,
1357 1112 1462 1187 qni
1520 1112 1595 1170 ‘ad
1644 1111 1873 1171 scholas
1928 1108 1991 1186 (†
2020 1126 2078 1185 p.
2120 1107 2333 1193 1115),
2366 1111 2429 1169 in
2462 1110 2625 1170 Actis
2655 1112 2756 1170 88.
2782 1113 2873 1174 2⁶7.
2897 1110 3092 1186 Sept.
3125 1110 3276 1180 VII,

595 1203 882 1281 regendas
915 1220 1160 1261 munere
1194 1201 1526 1261 scholastici
1574 1201 1870 1260 Coloniam
1931 1208 2192 1262 519-27.
2220 1232 2301 1243 —
2336 1199 2525 1258 Vitam
2539 1200 2818 1264 &Graece
2852 1199 2912 1258 V.
2934 1203 3018 1257 ut.
3038 1199 3284 1258 fertur

593 1296 851 1363 vocatus,
885 1291 1024 1350 dei-n
1060 1286 1285 1371 (1231)
1317 1291 1389 1349 ad
1422 1290 1743 1366 regendam
1777 1308 1869 1348 se·
1924 1288 2201 1365 Bergomi
2221 1285 2473 1368 (fi.forte
2490 1307 2600 1349 sec.
2617 1285 2741 1371 IX.)
2772 1293 2982 1348 narrat
3015 1289 3268 1347 Pinn-

593 1382 723 1440 dem
770 1381 1207 1439 lausaniensem
1252 1399 1285 1438 a
1330 1380 1612 1456 Gregorio
1641 1378 1737 1436 IX.
1771 1378 1870 1438 de·
1926 1392 2133 1436 mons
2168 1377 2526 1454 Peregrinus
2573 1378 2976 1437 Brembati
3027 1378 3114 1435 Ο.
3161 1379 3267 1435 Pr.

592 1471 865 1548 signatus
898 1469 1017 1528 fuit
1030 1469 1090 1548 ¹).
1154 1466 1441 1547 Epistola,
1488 1468 1549 1527 in
1594 1480 1717 1544 qua
1768 1469 1870 1526 de·
1923 1482 1971 1523 a.
2005 1465 2127 1525 fere
2162 1475 2241 1528 40
2276 1466 2440 1543 prior
2469 1467 2736 1526 coenobii
2778 1467 3266 1543 bergomensis,

588 1559 876 1617 scribitur
890 1558 1246 1635 martyrium
1263 1558 1316 1616 b.
1334 1557 1869 1618 Gerardialiorum-
1925 1554 2018 1612 vir
2047 1554 2357 1630 piissimus
2390 1553 2454 1639 (†
2488 1566 2588 1620 31.
2617 1556 2752 1615 Jan.
2784 1554 2998 1632 1266).
3038 1574 3258 1632 quam

590 1666 709 1723 que
739 1647 861 1707 ord.
895 1647 1022 1706 cist.
1056 1648 1492 1718 monachorum,
1533 1647 1639 1722 qui
1671 1651 1871 1705 sancte
1925 1643 2105 1703 habes
2137 1644 2202 1702 in
2233 1646 2396 1703 Actis
2431 1645 2526 1704 88.
2563 1655 2617 1707 4.
2651 1645 2810 1721 Sept.
2843 1644 2920 1709 ΙΙ.
2961 1648 3239 1708 241-51

590 1742 655 1795 et
682 1737 779 1812 pie
810 1737 1106 1805 vixerunt,
1139 1736 1434 1811 reperitur
1470 1735 1537 1794 in
1567 1735 1871 1794 Fasciculo
1926 1750 2060 1791 cum
2091 1732 2387 1808 Stiltingii
2406 1735 2824 1794 commentario
2841 1735 3128 1810 praevio.
3150 1767 3256 1777 —

594 1828 931 1885 sanctorum
966 1825 1030 1882 Ο.
1053 1825 1186 1884 cist.
1207 1827 1446 1884 auctore
1465 1823 1632 1883 Josn.
1655 1825 1867 1883 Henri-
1940 1820 2127 1880 Vitam
2176 1839 2222 1881 s.
2267 1821 2499 1882 Placidi
2546 1824 2834 1882 eremitae-
2867 1823 3252 1882 fundatoris
3419 1846 3421 1885 ι

588 1928 742 1990 'quez
786 1914 825 1972 1.
878 1923 911 1976 2
959 1913 1095 1971 dist.
1146 1922 1223 1976 35
1260 1931 1305 1971 o.
1343 1923 1396 1975 6.
1430 1948 1518 1957 —
1548 1913 1867 1972 Vincen-
1924 1910 2267 1969 monasterii
2316 1912 2380 1971 Ο.
2431 1912 2572 1972 cist.
2619 1931 2662 1971 s.
2710 1912 2974 1988 Spiritus
3027 1930 3248 1989 prope

592 2004 758 2062 tius
789 2003 1239 2079 Ky‘lciensis
1274 1998 1532 2084 (Kielce)
1566 2002 1631 2061 0.
1665 2002 1866 2061 Praed.
1925 1999 2131 2057 Ocram
2179 2000 2495 2075 aquilauae
2544 2001 2876 2061 dioeceseos
2924 2001 2992 2059 in
3038 2001 3246 2060 ltalia

591 2097 795 2151 narrat
839 2094 1010 2151 vitam
1055 2110 1102 2151 s.
1149 2092 1430 2150 Stanislai
1477 2091 1868 2150 cracoviensis
1924 2084 1986 2170 (†
2057 2087 2246 2167 1248)
2317 2089 2609 2149 describit
2686 2092 2816 2166 ejus
2893 2090 3237 2149 familiaris

590 2198 680 2257 ep.
715 2179 774 2261 (†
814 2177 1024 2261 1079),
1071 2198 1224 2257 quse
1269 2181 1495 2257 prodiit
1542 2181 1866 2239 secuudum
1923 2174 2203 2236 Paulus
2247 2178 2322 2237 ¹de
2366 2178 2580 2238 Cauno
2625 2180 2687 2238 in
2733 2179 2898 2238 Actis
2948 2180 3052 2238 88.
3125 2188 3230 2241 12.

590 2271 824 2346 aliquos
844 2269 1680 2330 abbreviatocumMar'tini
1713 2269 1868 2327 Galli
1923 2266 2064 2324 Jun.
2099 2266 2174 2336 ΙΙ,
2212 2277 2534 2331 669-16.
2566 2294 2656 2315 ·—-
2685 2268 3034 2328 Joannes
3087 2268 3226 2326 dia-

588 2360 909 2419 chronicon
968 2376 1112 2418 cura
1168 2358 1224 2417 J.
1289 2359 1474 2417 Winc.
1552 2358 1865 2427 Baudtkie‚
1921 2370 2107 2414 conus
2169 2357 2538 2415 matritensis
2587 2353 2649 2439 (†
2707 2355 2897 2434 1275)
2961 2358 3230 2434 scripsit

590 2442 906 2507 Varsaviae
964 2453 1128 2512 1824
1195 2449 1261 2507 in
1315 2459 1368 2508 s.
1421 2467 1474 2523 p.
1530 2456 1867 2517 sis—803
1924 2446 2099 2502 vitam
2147 2459 2195 2503 ε.
2246 2446 2465 2504 Isidori
2522 2447 2815 2523 agricolao
2874 2441 2937 2526 (†
3000 2447 3220 2522 1130).

1925 2548 2103 2609 quam
2146 2534 2411 2593 invenies
2456 2536 2614 2611 apud
2651 2535 2744 2595 Jo.
2777 2536 3019 2611 Tamajo
3052 2538 3219 2595 Mar·

639 2623 642 2626 ’
670 2623 706 2690 ¹)
733 2616 1068 2689 Resignavit
1092 2617 1226 2671 huic
1253 2617 1374 2671 sedi
1396 2617 1680 2686 rediitque
1694 2617 1757 2669 in
1774 2632 1869 2687 pa·
1923 2622 2208 2700 tyrowgii
2236 2627 2281 2681 t,
2318 2633 2352 2687 3
2385 2625 2464 2682 ad
2509 2635 2596 2688 15,
2631 2625 2830 2682 Martii
2859 2627 2920 2685 et
2952 2625 3020 2682 in
3042 2624 3214 2685 Actis

590 2690 758 2744 triam
786 2706 945 2743 suam
991 2690 1395 2761 (Brabantiam)
1440 2693 1613 2758 atque
1652 2689 1713 2742 in
1753 2706 1868 2744 mo·-
1917 2712 2021 2769 88.
2066 2723 2158 2775 15·
2192 2714 2323 2789 Maj-
2356 2714 2461 2782 ΠΙ,
2516 2723 2809 2778 514—21
2848 2736 2861 2782 3
2903 2719 2963 2772 et
3014 2736 3050 2774 a
3081 2715 3209 2774 Jac-

588 2761 900 2814 naslerium
946 2760 1181 2815 Cambre
1227 2778 1401 2831 prope
1442 2759 1765 2815 Brumuam
1810 2775 1868 2814 ⁸³
1923 2801 2106 2860 Bleda
2124 2801 2187 2859 Ο.
2211 2803 2412 2861 Praed.
2447 2804 2506 2861 in
2530 2803 2799 2880 linguam
2821 2805 3207 2864 vernaculam

553 2834 556 2838 ’
588 2832 818 2901 recepit.
871 2830 999 2885 Non
1027 2837 1113 2886 est
1136 2831 1445 2901 improbati
1484 2849 1614 2885 eum
1656 2836 1868 2901 ingres·

584 2921 712 2957 sum
741 2920 857 2957 esse
884 2904 947 2958 o.
975 2903 1053 2957 Gi.
1082 2903 1336 2972 obiitque
1364 2920 1407 2958 c.
1434 2908 1657 2959 a.1260.
1686 2903 1767 2957 cf.
1798 2903 1865 2956 de
1921 2888 2345 2973 conversaffl),
2380 2887 2607 2951 Matriti
2651 2900 2809 2956 1622
2845 2893 2911 2951 in
2947 2904 3004 2955 4.

586 2976 689 3027 hoc
749 2975 805 3027 di
850 2974 1084 3028 nissimo
1135 2975 1409 3044 praesule,
1474 2974 1723 3029 Kiekens
1774 2973 1863 3030 SJ.

585 3045 639 3101 S.
668 3045 812 3098 Boni
840 3061 935 3100 ace
963 3047 1031 3099 de
1058 3045 1339 3100 Bruxellis
1365 3046 1539 3100 etuda.
1567 3046 1697 3099 hist.
1726 3046 1861 3098 Bru-

583 3115 756 3170 xelles
773 3122 910 3174 1892
929 3137 941 3174 ;
960 3116 1259 3187 Rattinger
1272 3117 1548 3172 Stimmen
1563 3135 1666 3170 aus
1681 3116 1864 3170 Maria
1998 3120 2033 3188 ¹)
2063 3115 2145 3171 cf.
2173 3115 2297 3169 Nic.
2325 3116 2606 3170 Antonius
2641 3115 2777 3170 bibl.
2815 3119 2929 3169 vet.
2957 3117 3103 3185 hisp.
3135 3116 3204 3181 ΙΙ,

584 3187 767 3241 Lauch
797 3192 867 3244 50
891 3191 1073 3260 (1896)
1104 3190 1141 3254 Ι,
1172 3193 1410 3248 10-23ς
1438 3191 1735 3245 139-457.
1887 3181 1892 3258 1
1919 3187 1955 3239 l.
1981 3191 2033 3245 8.
2060 3205 2105 3244 e.
2132 3193 2181 3244 6.
2211 3206 2265 3240 n.
2292 3193 2395 3244 257
2424 3206 2492 3243 ss,

3409 3033 3414 3086 ἰ

3413 3093 3416 3162 ἑ

1290 3477 1437 3574 IV.
1504 3476 1994 3596 Theologia
2055 3467 2483 3596 practica.

1907 3707 2167 3771 triarcha
2188 3712 2752 3787 hierosolymitanus
2766 3707 3032 3771 Jacobus
3049 3713 3196 3771 Pan-

1906 3802 2106 3859 taleon
2151 3804 2547 3877 nuncupatus,
2595 3805 2655 3858 et
2698 3801 2852 3860 forte
2900 3800 2975 3860 de
3021 3802 3196 3862 rebus

574 3889 688 3962 lv..
703 3893 904 3967 dequo
920 3892 1140 3967 infrap.
1163 3897 1282 3954 365
1300 3890 1477 3966 plura
1487 3891 1769 3950 dicemus.
1785 3916 1850 3925 -
1907 3892 2101 3949 terrae
2135 3895 2371 3948 sanctae
2393 3893 2635 3948 acturus
2653 3888 2898 3948 Romam
2917 3892 3192 3960 venisset,

575 3982 749 4041 Hunc
779 3981 1008 4057 excepit
1047 3990 1142 4043 12.
1163 3981 1295 4039 Dec.
1328 3989 1490 4043 1254
1514 3971 1852 4056 Raynsldus
1907 3998 1940 4036 a
1970 3975 2367 4037 cardinalibus
2413 3979 2571 4037 inter
2617 3991 2680 4037 se
2710 3978 2970 4038 Vite'rbii
3022 3980 3189 4040 dissi-

571 4065 889 4130 cardinalis
941 4071 1000 4127 et
1049 4069 1362 4143 episcopus
1414 4070 1709 4138 ostiensis,
1745 4069 1850 4144 qui
1876 4029 1881 4180 ff
1905 4068 2185 4127 dentibus
2196 4073 2429 4144 praeter
2452 4085 2615 4144 spem
2637 4068 2859 4127 electus
2880 4072 2975 4126 est
2995 4070 3192 4145 ponti-

570 4160 766 4218 voluit
826 4158 941 4217 dici
1002 4156 1440 4216 Alexander
1500 4157 1597 4226 IV,
1676 4159 1848 4233 cujus
1906 4155 2014 4216 fex.
2076 4157 2211 4232 Ipse
2263 4174 2340 4215 ss.
2395 4156 2656 4233 corporis
2705 4155 2926 4215 christi
2970 4158 3188 4217 festum

569 4252 806 4326 regesta
853 4250 1115 4306 recenset
1159 4247 1431 4307 Potthast
1473 4244 1549 4317 H,
1594 4254 1849 4310 1286—-
1907 4246 2162 4305 solemne
2198 4245 2484 4304 instituit.
2533 4246 2788 4322 Regesta
2819 4245 3003 4306 habes
3035 4247 3191 4323 apud

578 4347 742 4402 1473
772 4341 834 4396 et
857 4345 1322 4404 2124-—2129;
1354 4355 1680 4411 eorumque
1712 4355 1848 4412 par-
1904 4329 2186 4393 Potthast
2214 4333 2290 4404 ΙΙ,
2333 4339 2739 4406 1474-15413
2777 4339 2969 4397 2129.
3002 4344 3184 4400 2138.

566 4431 687 4487 tem
718 4423 958 4486 exhibet
978 4426 1198 4484 Delisle
1216 4425 1368 4484 Bibl.
1401 4425 1473 4484 de
1506 4426 1722 4484 l'Ecole
1743 4425 1847 4484 des
1903 4418 3186 4504 Aliquotepistolas(23)ediditP.MBaum-

565 4517 747 4576 chart.
778 4519 821 4574 t.
856 4513 1167 4574 XXXVIII.
1188 4515 1432 4573 —Post
1447 4515 1577 4590 ejus
1593 4516 1845 4573 mortem
1901 4515 2182 4590 garten
2236 4513 2300 4570 in
2348 4513 2510 4572 Rom.
2539 4511 2793 4598 Qloeehr.
2815 4512 2905 4571 ΙΙΙ
2938 4509 3182 4595 (1889),

566 4605 692 4687 (25.
727 4606 858 4681 Maj.
903 4604 1097 4684 1261)
1132 4603 1542 4680 pontificatum
1562 4621 1846 4662 consecu-
1905 4600 2468 4665 45·56.W.Sievert
2486 4600 2743 4676 quiibid.
2765 4610 2931 4666 1896
2951 4621 3008 4679 p.
3028 4609 3179 4666 451-

562 4700 661 4756 tus
693 4699 784 4753 est
814 4694 1168 4754 Urbanus
1202 4693 1314 4757 IV..
1364 4694 1672 4770 Augustae
1703 4693 1844 4752 Tre·
1902 4701 2024 4755 505
2047 4712 2060 4762 3
2084 4689 2180 4759 XI,
2209 4700 2440 4755 127-61
2472 4691 2602 4766 ejus
2617 4693 2756 4749 aute
2774 4692 3177 4767 pontificatum

560 4797 763 4844 earum
812 4784 877 4843 in
927 4783 1117 4842 Gallia
1176 4783 1383 4841 celtica
1428 4786 1596 4858 patre
1642 4785 1844 4841 sutore
1899 4780 2085 4839 vitam
2117 4781 2338 4838 narrat.
2356 4779 2467 4837 Les
2483 4779 2767 4856 registi-es
2784 4779 3072 4841 d'Urbain
3087 4779 3174 4839 IV.

559 4872 1053 4933 veteramentsrio
1101 4875 1296 4930 natus.
1361 4870 1506 4929 Cum
1555 4873 1707 4930 esset
1735 4889 1842 4947 pa-
1900 4868 2219 4927 ediderunt
2261 4867 2323 4926 L.
2371 4868 2554 4928 Dorez
2593 4870 2655 4927 et
2683 4868 2739 4927 J.
2771 4869 3041 4929 Guiraud
3074 4870 3177 4928 Pa-

672 3725 811 3778 193.
864 3714 949 3772 Ex
997 3713 1256 3772 romanis
1319 3713 1852 3788 pontificibus

576 3805 825 3863 scientia
872 3803 1122 3861 maxime
1153 3802 1438 3860 inclaruit
1466 3800 1852 3861 Innocentius
