3475 5364
654 343 775 396 607
988 331 1358 384 1326—1350.
1383 329 1411 382 J
1420 345 1485 382 us
1513 329 1867 385 canonicum.
1900 330 1955 385 P.
1984 330 2298 394 Bertrandi‚
2328 329 2483 383 Guil.
2512 329 2572 382 P.
2602 329 2671 383 de
2702 327 2947 392 Godin0,
3179 346 3293 394 605

652 545 741 555 —
772 512 865 569 Tr.
899 514 968 570 de
998 515 1311 590 coynitione
1341 517 1589 587 animae,
1624 517 1934 590 excerptus
1993 516 2383 591 parisiensem
2417 515 2482 576 V.
2522 524 2639 578 881
2682 532 2758 572 ss.
2792 513 2881 572 ed.
2915 524 2936 580 1
2967 533 2984 581 3
3028 511 3104 571 V.
3140 519 3294 574 1055

653 620 722 658 ex
738 602 1933 677 ejusll.Metaphysicae‚Bononiae15033
1991 605 2079 664 ed.
2117 615 2171 667 3.
2204 609 2313 670 etc.
2348 607 2521 668 Anno
2563 612 2717 666 1331
2774 601 2969 661 factus
3024 606 3133 659 eat
3180 618 3298 658 car·

654 691 723 748 de
743 688 1185 763 praedicatione
1224 696 1452 769 yeneris
1497 700 1547 750 et
1587 695 1808 768 speciei,
1855 694 1932 750 ib.
1991 694 2205 753 dinalis
2276 714 2310 758 a
2369 693 2601 754 «Ioanne
2678 691 2854 760 XXII.
2933 691 3297 749 interventu

666 789 859 850 15o3;
893 782 1201 840 destructio
1220 782 1453 841 arboris
1473 783 1934 857 porphyrianae,
1991 801 2230 858 precum
2264 783 2422 859 regis
2462 789 2524 841 et
2553 781 2792 857 reginae
2824 780 3066 840 Galliae
3102 775 3169 858 (†
3206 788 3299 839 24.

653 868 732 926 ib.
794 879 974 933 1503.
1030 904 1112 912 --
1163 871 1462 946 Expositio
1511 871 1821 932 decretalis
1870 873 1937 929 de
1994 871 2134 934 Jun.
2179 866 2392 954 1349).
2456 871 2637 939 Aliud
2684 869 2954 945 ejusdem
3011 886 3183 943 opus
3214 879 3303 925 est

654 958 878 1018 duabus
910 961 1145 1020 naturis
1175 963 1236 1018 in
1264 978 1515 1034 persona
1539 961 1757 1020 Christi
1778 960 1932 1036 figu-
1995 961 2063 1018 de
2094 962 2394 1036 spirituali
2424 969 2475 1019 et
2507 961 2812 1032 temporali
2860 977 2960 1018 seu
2994 959 3299 1015 ecclosias·

653 1048 798 1110 ratis
850 1048 913 1110 in
964 1068 1097 1108 arca
1141 1049 1283 1117 Noe,
1336 1050 1412 1108 ib.
1454 1058 1647 1118 1508;
1701 1050 1934 1109 Novella
1992 1052 2107 1108 tica
2139 1057 2189 1114 et
2218 1052 2469 1114 moulan-i
2496 1050 2897 1122 iurisdictione
2929 1048 3035 1105 vel
3073 1046 3155 1108 de
3188 1046 3297 1103 ori·

654 1154 833 1211 super
882 1137 948 1196 V.
1000 1142 1061 1199 et
1113 1138 1203 1196 VI.
1251 1138 1654 1206 decretalium,
1722 1139 1936 1214 Papiae
1992 1139 2128 1215 gine
2161 1143 2221 1202 et
2252 1158 2368 1200 usu
2392 1138 2849 1215 jurisdictionis,
2892 1137 2959 1194 in
2994 1136 3159 1204 bibl.
3194 1133 3297 1192 ΡΡ.

665 1235 844 1290 1484.
909 1228 1099 1288 Multa
1160 1233 1507 1306 manserunt
1564 1227 1804 1297 inedita,
1867 1237 1936 1290 ut
1993 1228 2163 1302 paris.
2202 1228 2267 1297 V,
2311 1240 2467 1298 1091
2524 1227 2612 1286 ed.
2662 1237 2732 1296 33
2778 1227 2942 1294 inter
2987 1229 3299 1288 tractatus

653 1317 1071 1376 commentaria
1111 1318 1175 1378 in
1221 1318 1602 1384 Matthaeum,
1650 1318 1935 1392 epistolas
1988 1319 2103 1392 jur.
2138 1318 2242 1386 III,
2292 1326 2406 1387 293
2440 1316 2568 1385 XII,
2611 1326 2758 1384 408,
2802 1312 3085 1382 venetiis
3116 1325 3297 1375 1584.

653 1405 960 1464 canonicas
1022 1411 1084 1465 et
1144 1407 1287 1465 alios
1350 1408 1412 1464 ll.
1464 1425 1506 1465 s.
1558 1406 1934 1482 Scripturae:
1992 1406 2239 1482 Reliqua
2285 1406 2552 1476 eiusdem
2588 1406 2815 1480 scripta
2864 1403 3092 1470 multis
3130 1404 3296 1461 volu·

654 1494 858 1556 catena
889 1494 998 1551 PP.
1033 1496 1095 1554 in
1128 1495 1576 1571 Apocalypsitn3
1629 1498 1702 1558 tr.
1737 1496 1810 1554 de
1842 1515 1932 1554 re·
1993 1495 2251 1554 minibus
2285 1496 2710 1570 comprehensa
2737 1498 2798 1560 et
2818 1493 3073 1552 Parisiis
3110 1509 3296 1550 asser·

654 1583 1019 1644 surrectione
1081 1589 1468 1648 mortuorum.
1532 1584 1937 1661 philosophica
1992 1588 2128 1642 vata
2158 1584 2444 1643 dicuntur
2461 1583 2770 1659 cujusdam
2805 1581 3089 1640 furciferi
3125 1581 3295 1639 mali·

653 1677 760 1729 etc.
825 1673 1106 1747 Coeperat
1151 1673 1327 1734 etiam
1378 1674 1695 1749 compilare
1749 1674 1933 1732 Miuc-
1993 1673 2079 1734 tia
2111 1675 2417 1749 periisse‘.
2451 1707 2538 1717 —-
2586 1671 3029 1738 Guilelmus
3068 1669 3291 1736 Petri

651 1762 904 1837 loquium
934 1781 979 1825 s,
1013 1763 1330 1838 Auyuatini
1379 1782 1449 1822 ex
1480 1782 1522 1822 s.
1558 1763 1818 1824 doctoris
1852 1764 1931 1830 11„
1991 1763 2064 1822 de
2096 1763 2279 1830 Godi
2301 1782 2389 1823 no
2443 1763 2507 1821 Ο.
2562 1761 2765 1831 Praed.
2819 1760 3182 1835 bajonensis
3218 1775 3292 1834 in.

651 1849 810 1924 quod
860 1850 996 1912 dein
1044 1851 1301 1911 absolvit
1349 1853 1775 1914 Barthomaeus
1812 1852 1933 1914 Ur·
2004 1851 2213 1934 1275),
2248 1853 2339 1916 vir
2374 1870 2775 1927 ,quamquam
2808 1859 2969 1908 esset
3000 1848 3289 1913 modicae,

652 1938 779 2006 bin
799 1959 875 1999 as
907 1936 1002 2020 (cf.
1037 1959 1217 2017 supra
1247 1961 1301 2016 p.
1342 1937 1512 2021 565).
1990 1940 2110 1997 imo
2127 1940 2542 2017 quodammodo
2560 1939 2842 1998 deformis
2860 1943 3163 2002 staturae,
3184 1938 3293 1994 fuit

1992 2030 2247 2088 multum
2302 2030 2583 2088 literatus
2633 2033 2695 2087 et
2726 2027 3013 2087 cordatus
3066 2045 3143 2085 ac
3174 2027 3291 2082 vir-

739 2118 1935 2186 312.PetrusBertrandi‚seniorest
1990 2123 2200 2177 tuosus
2232 2119 2296 2177 in
2330 2120 2610 2177 omnibus
2643 2118 2816 2176 factis
2850 2113 3114 2190 small!¹
3154 2115 3288 2174 Phi·

650 2207 863 2276 dictus,
887 2213 957 2266 ut
977 2208 1451 2283 distingueretur
1470 2230 1504 2267 a
1524 2227 1631 2268 suo
1651 2229 1716 2267 cx
1739 2228 1935 2274 sorore
1992 2208 2316 2283 losophiam
2350 2213 2411 2266 et
2443 2208 2802 2283 theologiam
2850 2205 3171 2282 professus
3205 2213 3291 2260 est

649 2301 860 2373 nepote
925 2297 984 2354 P.
1048 2298 1466 2360 Bertrandi
1529 2298 1602 2362 de
1651 2298 1931 2360 Colom-
1992 2296 2251 2373 Bajonae
2296 2297 2455 2373 apud
2507 2297 2757 2364 sodales,
2810 2299 2873 2355 et
2922 2295 3004 2353 ob
3056 2293 3289 2352 concio·

647 2387 863 2447 bario
899 2383 1335 2466 (colombiere),
1359 2387 1462 2460 qui
1488 2387 1601 2450 fuit
1617 2387 1932 2463 episcopus
1989 2387 2169 2456 nandi
2218 2387 2512 2454 talentum
2559 2404 2804 2444 muneie
2851 2383 3288 2460 praedicatoris

648 2476 1040 2534 atrebatensis
1071 2471 1300 2556 (1339)
1351 2480 1412 2538 et
1442 2496 1475 2534 a
1507 2476 1804 2536 Clemente
1838 2476 1930 2534 VI.
1988 2476 2281 2554 generalis
2345 2476 2670 2534 honoratus
2731 2495 2765 2532 a
2814 2473 3086 2549 capitulo
3155 2491 3281 2546 pro-

649 2569 882 2624 creatus
928 2565 1242 2624 cardinalis
1277 2562 1504 2646 (1344)
1547 2571 1608 2623 et
1650 2566 1723 2624 ab
1755 2566 1932 2630 Inno·
1990 2564 2229 2626 vinciali
2261 2564 2617 2638 narbonensi
2652 2558 2726 2644 (a.
2771 2560 2985 2642 1284).
3043 2565 3093 2620 A
3130 2563 3283 2635 capi·

650 2654 842 2715 centio
861 2653 954 2712 VI.
986 2663 1146 2717 1359
1171 2654 1414 2716 Romam
1436 2654 1652 2715 missus
1672 2654 1748 2721 ad
1769 2673 1926 2719 coro·
1990 2653 2116 2713 tulo
2135 2653 2400 2730 generali
2433 2663 2593 2721 1304
2620 2651 2872 2714 Parisios
2895 2652 3021 2711 fuit
3042 2651 3281 2715 missus.

650 2744 912 2802 nandum
964 2744 1235 2803 Carolum
1278 2743 1374 2805 IV.
1427 2744 1565 2820 imp.
1618 2742 1677 2821 (†
1718 2740 1928 2819 1361).
1985 2743 2326 2818 ibidemque
2357 2743 2703 2813 licentiatus
2749 2742 3153 2813 renunciatus
3185 2759 3284 2816 per

650 2833 831 2894 Ortus
865 2836 957 2892 est
988 2834 1166 2893 evico
1186 2835 1549 2893 Annonciaci
1572 2829 1930 2913 (Annonay).
1989 2832 2298 2891 biennium
2333 2833 2660 2891 sententias
2706 2838 2795 2890 est
2844 2832 3281 2907 interpretatus

648 2922 761 2980 Jus
823 2926 1146 2996 utrumque
1223 2922 1424 2987 docuit
1484 2923 1805 2991 Avenione,
1871 2924 1934 2981 in
1987 2924 2047 2979 et
2078 2921 2343 2980 studium
2377 2922 2530 2980 rexit
2562 2921 2636 2980 ad
2682 2930 2863 2989 1306,
2899 2939 3024 2997 quo
3072 2942 3108 2977 a
3163 2919 3281 2977 Gle-

649 3011 848 3071 Monte
901 3011 1165 3079 Pessulo‚
1219 3012 1496 3074 Aureliae
1547 3015 1607 3073 et
1668 3012 1930 3070 Parisiis.
1987 3016 2185 3070 mente
2220 3009 2303 3077 V..
2351 3012 2447 3077 cui
2493 3010 2739 3077 eximiae
2786 3012 2918 3086 ejus
2961 3009 3141 3068 dotes
3163 3008 3279 3083 jam

648 3100 955 3158 Johannae
1032 3100 1273 3176 reginae
1333 3105 1462 3161 erat
1523 3100 1929 3170 cancellarius,
1987 3103 2158 3161 erant
2188 3104 2547 3175 perspectae,
2570 3100 2933 3167 Avenionem
2954 3096 3281 3157 arcessitus

649 3188 962 3263 factusque
1012 3193 1103 3248 est
1162 3197 1320 3252 1320
1374 3191 1685 3265 episcopus
1736 3190 1931 3249 niver·
1988 3191 2080 3247 est
2111 3207 2156 3247 s.
2189 3209 2218 3265 1
2242 3189 2397 3248 ilatii
2426 3190 2713 3265 magister
2756 3193 2819 3247 et
2849 3190 3056 3247 lector.
3122 3186 3280 3245 Idem

649 3278 848 3337 nensis
910 3281 970 3336 et
1029 3298 1076 3337 a.
1153 3288 1313 3340 13:22
1370 3279 1929 3354 augustodunensis.
1988 3278 2249 3355 pontifex
2281 3298 2328 3337 a.
2372 3287 2536 3342 1312
2563 3298 2699 3336 eum
2735 3277 3101 3336 cardinalem
3124 3293 3276 3334 erea-

649 3367 1152 3427 Concertationem
1169 3365 1216 3448 ²)
1282 3367 1489 3427 habuit
1548 3376 1710 3431 1329
1765 3388 1931 3443 prae·
1989 3366 2091 3435 vit,
2126 3372 2187 3425 et
2217 3367 2480 3427 Joannes
2510 3366 2691 3426 XXII.
2739 3368 3093 3443 episcopum
3126 3363 3278 3423 sabi-

649 3462 816 3516 sente
835 3476 971 3533 rege
997 3457 1266 3532 Philippo
1291 3458 1402 3525 V1.,
1441 3457 1596 3517 clero
1625 3461 1685 3517 et
1713 3457 1925 3516 nobili·
1987 3475 2229 3527 pensem
2273 3466 2431 3519 1317
2469 3456 2620 3521 dixit
2648 3457 2936 3532 misitque
2957 3456 3229 3532 legatum
3249 3472 3279 3509 ὃ

646 3551 770 3605 tate
787 3566 919 3605 cum
937 3548 1115 3605 Petro
1135 3547 1206 3604 de
1224 3547 1533 3623 Cugneriis
1553 3544 1939 3626 (Cugnieres}
1989 3546 2174 3604 latere
2208 3545 2269 3603 in
2316 3546 2663 3622 Hispaniam
2710 3546 2891 3604 rebus
2942 3550 3080 3603 tum
3112 3541 3275 3619 regni

647 3637 927 3695 advocato
974 3636 1136 3711 regio
1184 3640 1582 3711 conquerente
1631 3636 1703 3694 de
1744 3636 1929 3711 juris-
1987 3636 2409 3709 componendis
2452 3639 2585 3693 tum
2618 3635 2907 3693 Ecclesiae
2952 3632 3273 3692 resarcien-

646 3725 1321 3793 dictioneecclesiastica‚
1334 3744 1460 3784 eam
1474 3728 1930 3791 cunctascausas
1988 3723 2079 3781 dis
2113 3723 2551 3800 invigilaturus.
2588 3724 2861 3784 Solemne
2896 3722 3112 3781 habuit
3142 3739 3275 3781 con·

646 3816 869 3890 absque
901 3814 1138 3873 delectu
1169 3815 1241 3872 ad
1276 3833 1338 3872 se
1371 3815 1627 3875 trahere:
1662 3815 1725 3875 in
1758 3834 1825 3873 ea
1850 3826 1929 3876 66
1989 3813 2191 3871 cilium
2224 3814 2587 3889 provinciale
2609 3812 2844 3872 Pinciae
2886 3821 3077 3880 1222,
3111 3810 3273 3884 cujus

647 3905 965 3963 adversarii
998 3905 1368 3980 argumentis
1401 3903 1722 3978 respondit.
1767 3905 1930 3981 Mag·
1989 3903 2466 3971 constitutione8‚
2510 3920 2664 3978 quae
2706 3923 2739 3961 a
2769 3920 3077 3969 sacrorum
3105 3916 3272 3963 cano·

646 3993 855 4052 namin
880 4012 951 4052 ea
970 3997 1196 4068 partem
1219 3993 1430 4051 habuit
1462 3994 1641 4053 etiam
1670 3993 1931 4055 Petrus
1988 4009 2130 4055 num
2164 3992 2374 4066 peritis
2396 3991 2598 4068 magni
2623 3992 3037 4059 aestimantur,
3064 3988 3273 4051 habon-

646 4083 1046 4158 Rogerius‚
1082 4082 1580 4157 quipostmodum
1597 4083 1824 4140 electus
1842 4091 1933 4140 est
1988 4083 2090 4141 tur
2152 4080 2214 4138 in
2265 4081 2394 4145 coll.
2447 4098 2604 4140 conc.
2658 4078 2983 4156 Hispaniae
3047 4100 3080 4138 a
3125 4075 3270 4136 card.

647 4172 711 4230 in
758 4190 903 4230 rom.
957 4170 1292 4246 pontificem
1355 4173 1466 4231 sub
1519 4171 1757 4233 nomine
1808 4171 1931 4231 Cle·
1991 4169 2315 4243 D'Aguirre
2369 4170 2649 4233 adornata
2681 4169 2778 4237 XI,
2825 4174 3271 4235 xlma—1707.

648 4261 859 4319 mentis
892 4260 985 4318 VI.
1018 4260 1169 4319 Hinc
1202 4261 1438 4336 scripsit
1471 4262 1505 4318 l.
1539 4264 1748 4325 contra
1778 4260 1838 4321 P.
1862 4261 1932 4318 de
1991 4258 2354 4318 Avenionem
2385 4277 2659 4319 reversus
2693 4277 2927 4335 semper
2948 4259 3014 4318 in
3035 4254 3271 4318 summis

648 4350 954 4426 Cugneriis
984 4369 1096 4425 pro
1120 4351 1378 4409 ecclesiae
1404 4352 1728 4428 pellic-„anae
1760 4349 1930 4409 liber·
1988 4345 2279 4406 Ecclesiae
2311 4348 2570 4431 negotiis
2605 4348 2910 4405 adhibitus
2945 4348 3066 4407 fuit
3099 4350 3269 4420 atque

647 4448 775 4515 tate,
857 4439 1100 4497 Parisiis
1181 4448 1375 4503 14952
1450 4450 1646 4509 1513;
1737 4449 1928 4507 leam
1989 4436 2147 4494 inter
2191 4455 2291 4503 eos
2332 4437 2466 4506 fuit,
2517 4437 2737 4515 quibus
2784 4436 3174 4496 examinanda
3214 4442 3267 4489 et

656 4540 848 4597 1594;
892 4539 1053 4591 1610
1090 4530 1152 4587 in
1187 4541 1254 4597 4;
1318 4538 1475 4591 1721
1518 4546 1635 4586 cur.
1672 4530 1929 4594 Burnet;
1988 4524 2362 4595 discutienda
2413 4526 2633 4602 scripta
2678 4527 2739 4583 P.
2791 4526 2884 4587 Jo.
2934 4526 3094 4592 Olivi
3138 4524 3266 4593 Min.

647 4618 754 4694 qui
806 4621 1076 4693 receptus
1122 4622 1215 4676 est
1261 4619 1324 4676 in
1369 4618 1789 4677 bibliothecam
1823 4619 1928 4675 ΡΡ.
1990 4610 2084 4692 (cf.
2138 4634 2190 4690 p.
2246 4612 2402 4697 404)
2455 4617 2674 4674 tradita
2724 4616 2892 4674 fuere
2938 4614 3000 4695 (†
3046 4626 3103 4677 4.
3136 4614 3263 4673 Jun-

713 4838 760 4907 Π
790 4826 872 4880 Cf.
903 4827 969 4879 de
998 4843 1062 4878 ea
1095 4828 1117 4878 l·
1151 4825 1213 4877 le
1235 4825 1386 4878 urii
1419 4824 1550 4879 hist.
1580 4824 1772 4881 eccles.
1801 4825 1835 4877 l.
1863 4829 1930 4881 94
1991 4832 2107 4948 ffljll
2137 4827 2219 4879 lta
2234 4828 2521 4950 5vetustus
2569 4840 2891 4891 anonymus
2936 4823 3091 4892 apud
3140 4832 3264 4886 Que-

647 4910 671 4963 s
698 4906 730 4953 :3
761 4917 827 4957 ss.
2016 4913 2033 4946 ι
2116 4938 2126 4953 ,
2156 4901 2238 4951 aa:
2266 4936 2276 4947 .
