3475 5364
508 324 531 374 1
556 323 674 375 199
764 308 1135 362 1501—1520.
1163 303 1440 373 Liturgia.
1469 303 1681 368 casola,
1711 302 1977 369 Rosilius‚
2006 303 2317 367 Dulciatus‚
2345 303 2414 357 de
2439 302 2716 357 Talavera
2741 306 2845 357 etc.
2953 319 3116 375 1200

502 492 629 549 bita
658 491 823 549 fuere
855 490 1005 549 decr.
1051 500 1143 552 12.
1165 491 1335 549 Mart.
1376 500 1573 561 17033
1607 490 1780 548 modo
1839 511 1892 566 p.
1930 499 2000 560 23
2048 490 2402 566 opusculum
2432 491 2501 548 de
2531 490 2939 563 reformatione
2970 491 3120 548 ritus

502 580 589 638 ed.
642 579 981 638 Gennarelli
1033 580 1185 638 decr.
1246 588 1339 640 12.
1390 578 1429 636 J
1435 599 1533 638 un.
1592 589 1778 649 1856,
1836 580 2535 653 celebrationisfestorum,
2569 578 2903 638 Florentiae
2930 588 3114 647 1519;

502 669 608 745 qui
669 687 796 727 eam
874 668 1239 745 locupetavit
1311 669 1778 727 narratiunculis
1853 668 1978 727 Wa
2010 670 2065 727 d.
2098 669 2328 727 Nicolai
2374 669 2739 744 ἰοῑεηίἰηαιὶθ,
2783 667 3117 726 Florentiae

501 758 741 816 aliunde
787 757 1036 828 haustis,
1070 777 1124 833 p.
1167 769 1215 819 l.
1250 760 1311 815 et
1345 767 1398 819 2.
1450 761 1545 816 est
1576 757 1777 833 prohi—
1848 767 2008 820 1525
2044 758 2254 816 italice.
2287 791 2374 801 --
2407 757 2496 815 De
2526 759 2616 815 las
2651 757 3020 815 Cet-emonias
3047 759 3118 814 de

503 847 644 905 bita.
679 847 767 905 Ob
797 847 1153 905 notitiarum
1201 847 1379 905 etiam
1411 847 1780 905 minutarum
1836 848 1894 905 la
1931 847 2085 906 Misa
2130 847 2381 922 aliisque
2426 846 2798 923 argumentis
2846 845 3116 904 asceticis

501 936 729 1011 copiam
761 936 1012 995 diarium
1062 936 1171 994 hoc
1215 954 1337 994 non
1378 938 1538 994 caret
1567 936 1777 1010 pretio,
1836 937 1929 994 vel
1962 936 2236 1012 practicis
2257 936 2542 994 disseruit
2571 934 3115 994 Ferdinandus

500 1024 827 1083 Burchardi
859 1025 1080 1102 collega
1129 1027 1190 1084 et
1238 1025 1301 1082 in
1350 1043 1595 1083 munere
1646 1042 1779 1083 suc·
1839 1020 2205 1107 (Hernando)
2254 1025 2328 1083 de
2357 1025 2737 1083 Talavera
2768 1023 2831 1082 Ο.
2867 1023 2921 1081 S.
2954 1023 3115 1085 Hier.

500 1132 694 1172 cessor
738 1114 1022 1173 Petrus
1066 1114 1139 1172 de
1172 1114 1485 1173 Grassis
1527 1110 1627 1195 (de
1658 1131 1777 1188 quo
1835 1114 2309 1173 illustrissimum
2351 1113 2650 1172 Ecclesiae
2701 1113 2983 1188 hispanae
3014 1112 3115 1172 de·

500 1203 565 1262 in
598 1204 869 1277 sequenti
899 1202 1143 1278 periodo
1173 1202 1395 1261 redibit
1414 1198 1653 1283 sermo),
1676 1202 1778 1261 sed
1836 1222 1957 1272 cus,
1992 1203 2367 1262 Ferdinando
2388 1206 2448 1261 et
2466 1202 2839 1260 Elisabethae
2871 1201 3114 1277 regibus

499 1295 560 1350 et
574 1292 704 1366 ejus
720 1292 1008 1361 aemulus,
1043 1309 1165 1350 non
1182 1292 1332 1350 solet
1347 1292 1418 1350 de
1438 1291 1777 1350 Burchardo
1835 1293 2137 1351 catholicis
2199 1311 2234 1350 a
2294 1290 2762 1351 confessionibus
2812 1294 2874 1349 et
2922 1290 3113 1350 consi—

499 1384 704 1439 nostro
765 1380 1076 1440 honorifice
1137 1380 1333 1455 loqui:
1395 1399 1516 1440 non
1575 1384 1778 1441 tamen
1834 1382 1933 1440 liis
1951 1381 2012 1458 l)‚
2034 1380 2334 1440 abulensis
2354 1380 2684 1457 episcopus,
2717 1379 2856 1439 dein
2887 1380 3114 1455 primus

498 1474 808 1545 propterea
837 1470 953 1528 fide
985 1471 1077 1528 est
1106 1469 1390 1546 indignus
1420 1470 1484 1528 in
1515 1469 1587 1527 iis
1608 1488 1776 1545 prae·
1836 1470 2209 1547 granatensis
2255 1469 2424 1528 urbis
2473 1488 2676 1528 recens
2708 1490 2743 1527 a
2772 1469 3113 1527 Maurorum

499 1560 724 1628 sertim,
759 1577 908 1634 quae
954 1558 1126 1617 testis
1174 1559 1477 1617 occulatus
1507 1558 1689 1617 refert
1719 1558 1778 1617 vi
1837 1564 2132 1634 potestate
2163 1565 2400 1634 ereptae
2416 1559 2896 1634 archiepiscopus
2933 1555 2996 1639 (†
3019 1567 3114 1619 14.

497 1648 590 1706 sui
622 1648 915 1705 muneris:
950 1666 1082 1706 cum
1103 1664 1287 1724 grano
1308 1648 1447 1708 salis
1467 1650 1666 1707 tamen
1686 1649 1780 1706 est
1838 1649 1978 1724 Maji
2016 1644 2229 1729 1507),
2279 1648 2384 1723 qui
2429 1666 2551 1706 non
2602 1648 2728 1707 sine
2761 1648 2961 1706 fructu
2991 1647 3114 1705 zelo

497 1735 885 1794 adhibendus.
968 1736 1106 1795 Sine
1165 1737 1397 1797 ratione
1459 1736 1778 1795 sufficienti
1836 1737 2007 1814 plane
2040 1738 2362 1813 apostolico
2394 1737 2468 1795 de
2499 1738 2842 1795 Maurorum
2873 1754 3114 1795 conver-

497 1826 610 1901 ipsi
643 1825 933 1884 tribuitur
964 1846 998 1884 a
1028 1826 1255 1884 Moroni
1289 1823 1646 1906 (Dizionario
1680 1826 1776 1895 VI,
1836 1827 2000 1885 sione
2060 1826 2175 1885 fuit
2235 1826 2545 1885 sollicitus.
2609 1827 2790 1885 Plura
2850 1823 3115 1901 ejusdem

506 1910 654 1994 169)
695 1914 960 1972 Com-lavi
988 1916 1081 1972 dei
1112 1915 1382 1987 Pontefici
1414 1916 1666 1974 Romani
1716 1909 1779 1997 (a
1836 1916 2124 1991 opuscula
2173 1915 2353 1974 simul
2396 1915 2753 1990 prodierunt
2791 1914 3112 1972 Salmanti-

498 2005 794 2062 Clemente
825 1999 941 2083 V.),
987 2004 1150 2079 quod
1196 2003 1420 2080 prodiit
1469 2013 1656 2067 1668.
1690 2037 1777 2047 —
1837 2024 1934 2063 cae
2005 2014 2169 2067 1673
2232 2004 2295 2062 in
2362 2013 2416 2067 8.
2480 2036 2566 2048 --
2628 2003 3114 2062 Hermannus

500 2094 779 2150 Petrus
826 2092 1101 2151 Casola
1143 2093 1460 2152 canonicus
1493 2093 1777 2152 mediola·
1836 2094 2255 2152 Torrentin
2286 2092 2470 2151 edidit
2499 2093 2536 2150 l.
2572 2092 2790 2169 Hymni
2809 2100 2859 2150 et
2876 2111 3110 2169 sequen-

496 2182 715 2250 nensis‚
770 2182 834 2240 in
883 2181 1259 2240 caeremoniis
1305 2182 1460 2241 ritus
1505 2201 1772 2258 praeser-
1835 2185 1920 2241 tia
1966 2201 2100 2241 cum
2147 2181 2423 2258 diligenti
2473 2181 2959 2240 difficillimorum
3010 2199 3115 2239 vo-

497 2271 609 2328 tim
657 2270 1012 2330 ambrosiani
1028 2266 1072 2351 ¹)
1140 2270 1458 2329 admodum
1507 2276 1777 2330 versatus
1841 2272 2188 2330 cabulorum
2265 2271 2780 2346 interpretatione,
2843 2269 3114 2328 Coloniae

498 2355 559 2441 (†
612 2355 805 2440 1507)
858 2361 1193 2435 composuit
1236 2361 1544 2419 Rationale
1587 2380 1777 2419 caere·
1844 2369 2024 2423 1513.
2056 2393 2140 2404 ——-
2174 2361 2258 2418 De
2288 2360 2617 2418 Diether
2649 2360 2715 2419 Ο.
2749 2361 2932 2419 Carm.
2968 2359 3115 2434 ,qui

497 2450 828 2508 naeniarum
861 2450 1069 2507 missae
1102 2450 1521 2526 ambrosianae,
1558 2450 1777 2508 Medio·
1837 2450 1962 2508 suis
1983 2449 2223 2509 dotibus
2242 2449 2433 2508 totius
2450 2448 2712 2508 civitatis
2727 2448 3115 2525 moguntinae

497 2538 619 2596 lani
678 2548 876 2610 14983
925 2538 1347 2596 Caeremoniale
1391 2542 1602 2597 missae
1650 2558 1775 2597 am-
1836 2539 2039 2598 oculos
2070 2539 2468 2613 perstrinxit‘
2515 2542 2576 2597 et
2614 2537 2773 2596 inter
2802 2536 3113 2596 Beuchlini

498 2628 820 2698 bresianae,
869 2627 945 2686 ib.
1007 2637 1188 2692 1499.
1254 2628 1397 2704 Ejus
1457 2628 1693 2707 Viaqqio
1739 2648 1776 2686 a
1825 2628 2056 2703 judices
2119 2627 2271 2687 sedit
2335 2623 2396 2710 (†
2454 2623 2647 2708 1519)
2700 2646 2834 2686 cum
2883 2625 3113 2687 Joanne

501 2717 926 2775 Gerusalemme
975 2717 1199 2792 prodiit
1231 2717 1552 2777 Mediolani
1592 2727 1775 2780 1855.
1833 2719 1879 2775 Β
1898 2721 2182 2776 ertram
2213 2737 2262 2775 a.
2283 2727 2361 2780 30
2382 2718 2712 2776 academiae
2726 2715 3113 2792 moguntinae

499 2841 585 2848 —
617 2806 915 2864 Marcus
950 2806 1255 2865 Rosiliu
1277 2825 1303 2864 s
1349 2807 1647 2883 Fulgiuas,
1682 2825 1777 2865 ca·
1831 2807 2161 2882 professore
2192 2808 2252 2865 et
2275 2802 2500 2887 (1487)
2534 2811 2759 2864 rectore
2783 2803 2843 2887 (†
2871 2815 2925 2868 6.
2945 2805 3110 2864 Febr.

497 2895 747 2954 nonicus
782 2891 843 2973 (†
874 2891 1084 2974 1508),
1106 2895 1352 2970 reliquit
1373 2897 1806 2954 Ordinationes*
1843 2892 2054 2976 1515),
2091 2897 2262 2971 cujus
2308 2895 2589 2954 laudatur
2631 2914 2665 2953 a
2696 2895 3019 2953 Trithemio
3051 2901 3112 2952 et

494 2985 680 3041 divini
711 2984 890 3057 officii
921 2984 1109 3042 totius
1142 2984 1300 3053 anni,
1353 2985 1569 3043 Romae
1609 2994 1774 3048 1503
1834 2985 1996 3042 Sixto
2043 3004 2163 3044 sen.
2210 2985 2497 3061 Prologus
2541 2984 2762 3043 bibliae
2807 2983 3006 3042 omnia
3037 2984 3109 3041 ad

497 3072 562 3130 in
600 3083 652 3134 8.
689 3104 772 3115 -—
807 3073 1194 3132 Antonius
1244 3073 1465 3131 Dulci
1485 3077 1660 3132 atus
1711 3074 1775 3132 Ο.
1835 3074 2175 3150 Scripturae
2225 3073 2731 3133 introductionem
2780 3073 3114 3132 necessaria

497 3162 553 3218 S.
588 3163 738 3238 Aug.
772 3161 1171 3231 Florentinus,
1208 3163 1597 3221 astronomiae
1628 3164 1778 3221 bene
1834 3162 2235 3238 copiosissime
2269 3163 2658 3239 complectens
2694 3159 3008 3243 (ineditus)
3041 3161 3113 3220 cf.

499 3250 727 3325 peritus
777 3246 855 3331 (fl.
900 3247 1109 3332 1512),
1158 3252 1391 3327 scripsit
1437 3252 1779 3326 Computum
1833 3251 1977 3310 Falk
2022 3252 2436 3310 Bibelstudien
2468 3297 2481 3310 .
2516 3298 2528 3311 .
2564 3296 2576 3308 .
2624 3252 2688 3310 in
2718 3251 2905 3310 Mainz
2947 3261 3102 3313 1901

495 3340 634 3398 sola's
665 3347 715 3396 et
745 3340 916 3398 lunae
948 3358 1081 3398 cum
1114 3360 1198 3411 ea,
1246 3360 1399 3415 quae
1431 3341 1504 3400 ad
1536 3342 1778 3401 clericos
1832 3361 1891 3417 p.
1929 3352 2005 3404 65
2044 3359 2118 3400 ss.

497 3433 729 3503 spectat
758 3429 1153 3488 astronomiae
1173 3431 1417 3501 ratione,
1439 3430 1606 3508 Regii
1620 3431 1774 3489 Lon·
1802 3482 1807 3540 Ι

495 3518 811 3595 gobardiass
850 3528 1013 3582 1512
1052 3539 1105 3595 Ρ·
1147 3519 1806 3590 13F10rentiae1514=
1913 3567 1947 3622 »i
1977 3563 2059 3617 of.
2101 3563 2224 3623 Nic.
2267 3563 2551 3617 Antonius
2595 3563 2741 3617 Bibl.
2788 3562 2933 3632 hisp.
2975 3581 3029 3615 n.
3077 3564 3113 3626 ι,

1832 3640 1955 3691 390.
1982 3638 2040 3688 et
2065 3635 2262 3691 Franc.
2292 3637 2498 3689 Gomez
2524 3635 2633 3705 ipsi
2655 3653 2689 3687 a
2709 3635 2880 3689 sacris
2900 3634 2963 3687 iu
2982 3634 3112 3687 Vita

578 3713 611 3774 ¹)
641 3707 721 3761 Cf.
769 3707 1026 3777 Argelati
1072 3709 1111 3772 1,
1156 3713 1205 3772 2,
1251 3713 1373 3772 335,
1420 3708 1516 3775 qui
1562 3708 1776 3775 scripta
1834 3707 1902 3759 de
1950 3707 2014 3760 D.
2060 3706 2118 3761 F.
2167 3709 2335 3761 Hern.
2386 3707 2455 3758 de
2497 3706 2786 3772 Talavera,
2830 3706 3113 3760 Granatae

495 3780 748 3846 ejusdem
779 3783 846 3835 16
886 3779 957 3832 ad
1000 3779 1294 3848 liturgiam
1336 3778 1650 3848 spectantia
1692 3779 1775 3832 in·
1802 3763 1806 3836 l
1836 3782 1974 3834 1564
1999 3777 2059 3831 in
2085 3782 2147 3836 8:
2177 3777 2373 3831 Hefele
2395 3778 2493 3831 der
2515 3778 2677 3832 Card.
2698 3778 2978 3844 XimeneS,
3007 3776 3113 3830 Ta-

496 3851 648 3904 edita
675 3855 941 3906 recenset.
1802 3843 1806 3906 l
1831 3848 2043 3916 bingen
2073 3854 2206 3906 1851
2239 3868 2293 3919 p.
2320 3855 2415 3906 5:2²
2443 3867 2509 3902 ss.
