<?xml version="1.0" encoding="UTF-8"?>
<!DOCTYPE html PUBLIC "-//W3C//DTD XHTML 1.0 Transitional//EN"
    "http://www.w3.org/TR/xhtml1/DTD/xhtml1-transitional.dtd">
<html xmlns="http://www.w3.org/1999/xhtml" xml:lang="en" lang="en">
 <head>
  <title>
</title>
<meta http-equiv="Content-Type" content="text/html;charset=utf-8" />
  <meta name='ocr-system' content='tesseract 3.04.00' />
  <meta name='ocr-capabilities' content='ocr_page ocr_carea ocr_par ocr_line ocrx_word'/>
</head>
<body>
  <div class='ocr_page' id='page_1' title='image "./nomenclatorlite10hurtgoog_0719.png"; bbox 0 0 3475 5364; ppageno 0'>
   <div class='ocr_carea' id='block_1_1' title="bbox 358 328 2964 404">
    <p class='ocr_par' dir='ltr' id='par_1_1' title="bbox 358 328 2964 404">
     <span class='ocr_line' id='line_1_1' title="bbox 358 328 2964 404; baseline 0.001 -19"><span class='ocrx_word' id='word_1_1' title='bbox 358 348 520 403; x_wconf 80' lang='lat'>1329</span> <span class='ocrx_word' id='word_1_2' title='bbox 591 330 909 401; x_wconf 80' lang='lat' dir='ltr'>Slagghert,</span> <span class='ocrx_word' id='word_1_3' title='bbox 936 331 1023 386; x_wconf 89' lang='lat' dir='ltr'>Jo.</span> <span class='ocrx_word' id='word_1_4' title='bbox 1050 331 1121 385; x_wconf 88' lang='lat' dir='ltr'>de</span> <span class='ocrx_word' id='word_1_5' title='bbox 1148 331 1501 395; x_wconf 72' lang='lat' dir='ltr'>Komoi-cvm,</span> <span class='ocrx_word' id='word_1_6' title='bbox 1529 330 1839 397; x_wconf 83' lang='lat' dir='ltr'>Marianus,</span> <span class='ocrx_word' id='word_1_7' title='bbox 1867 328 1990 390; x_wconf 90' lang='lat' dir='ltr'>Nic.</span> <span class='ocrx_word' id='word_1_8' title='bbox 2017 333 2087 387; x_wconf 90' lang='lat' dir='ltr'>de</span> <span class='ocrx_word' id='word_1_9' title='bbox 2126 332 2329 388; x_wconf 84' lang='lat' dir='ltr'>Gerau.</span> <span class='ocrx_word' id='word_1_10' title='bbox 2358 332 2598 403; x_wconf 84' lang='lat' dir='ltr'>Nibling</span> <span class='ocrx_word' id='word_1_11' title='bbox 2625 336 2728 389; x_wconf 91' lang='lat' dir='ltr'>etc.</span> <span class='ocrx_word' id='word_1_12' title='bbox 2801 350 2964 404; x_wconf 88' lang='lat'>1330</span> 
     </span>
    </p>
   </div>
   <div class='ocr_carea' id='block_1_2' title="bbox 344 512 2971 4773">
    <p class='ocr_par' dir='ltr' id='par_1_2' title="bbox 349 512 2969 1040">
     <span class='ocr_line' id='line_1_2' title="bbox 352 512 2969 598; baseline 0.001 -23"><span class='ocrx_word' id='word_1_13' title='bbox 352 518 467 575; x_wconf 74' lang='lat' dir='ltr'>sei-t</span> <span class='ocrx_word' id='word_1_14' title='bbox 494 516 669 586; x_wconf 88' lang='lat' dir='ltr'>facta,</span> <span class='ocrx_word' id='word_1_15' title='bbox 718 535 869 591; x_wconf 89' lang='lat' dir='ltr'>quae</span> <span class='ocrx_word' id='word_1_16' title='bbox 914 517 988 575; x_wconf 89' lang='lat' dir='ltr'>ad</span> <span class='ocrx_word' id='word_1_17' title='bbox 1037 516 1175 577; x_wconf 87' lang='lat' dir='ltr'>illos</span> <span class='ocrx_word' id='word_1_18' title='bbox 1205 518 1550 576; x_wconf 82' lang='lat' dir='ltr'>referuntur</span> <span class='ocrx_word' id='word_1_19' title='bbox 1567 512 1627 598; x_wconf 84' lang='lat'>¹).</span> <span class='ocrx_word' id='word_1_20' title='bbox 1685 516 1813 575; x_wconf 88' lang='lat' dir='ltr'>rint</span> <span class='ocrx_word' id='word_1_21' title='bbox 1871 517 2080 576; x_wconf 76' lang='lat' dir='ltr'>traditi</span> <span class='ocrx_word' id='word_1_22' title='bbox 2140 523 2202 576; x_wconf 89' lang='lat' dir='ltr'>et</span> <span class='ocrx_word' id='word_1_23' title='bbox 2261 536 2411 594; x_wconf 86' lang='lat' dir='ltr'>pene</span> <span class='ocrx_word' id='word_1_24' title='bbox 2467 517 2767 593; x_wconf 88' lang='lat' dir='ltr'>perierint.</span> <span class='ocrx_word' id='word_1_25' title='bbox 2832 518 2969 577; x_wconf 86' lang='lat' dir='ltr'>Tria</span> 
     </span>
     <span class='ocr_line' id='line_1_3' title="bbox 351 605 2966 682; baseline 0.001 -18"><span class='ocrx_word' id='word_1_26' title='bbox 351 607 638 682; x_wconf 83' lang='lat' dir='ltr'>Excerpta</span> <span class='ocrx_word' id='word_1_27' title='bbox 669 606 963 677; x_wconf 86' lang='lat' dir='ltr'>saxonica,</span> <span class='ocrx_word' id='word_1_28' title='bbox 996 606 1243 681; x_wconf 86' lang='lat' dir='ltr'>misnica</span> <span class='ocrx_word' id='word_1_29' title='bbox 1287 608 1349 664; x_wconf 89' lang='lat' dir='ltr'>et</span> <span class='ocrx_word' id='word_1_30' title='bbox 1392 605 1630 664; x_wconf 90' lang='lat' dir='ltr'>thurin·</span> <span class='ocrx_word' id='word_1_31' title='bbox 1687 606 1939 682; x_wconf 75' lang='lat' dir='ltr'>scripta:</span> <span class='ocrx_word' id='word_1_32' title='bbox 1975 609 2091 665; x_wconf 81' lang='lat' dir='ltr'>vita</span> <span class='ocrx_word' id='word_1_33' title='bbox 2106 606 2593 676; x_wconf 86' lang='lat' dir='ltr'>s.Francisci‚</span> <span class='ocrx_word' id='word_1_34' title='bbox 2627 608 2742 666; x_wconf 79' lang='lat' dir='ltr'>vita</span> <span class='ocrx_word' id='word_1_35' title='bbox 2763 606 2966 666; x_wconf 88' lang='lat' dir='ltr'>s.Cla·</span> 
     </span>
     <span class='ocr_line' id='line_1_4' title="bbox 350 695 2969 772; baseline 0.001 -20"><span class='ocrx_word' id='word_1_36' title='bbox 350 696 484 772; x_wconf 86' lang='lat' dir='ltr'>gica</span> <span class='ocrx_word' id='word_1_37' title='bbox 514 714 580 753; x_wconf 85' lang='lat' dir='ltr'>ex</span> <span class='ocrx_word' id='word_1_38' title='bbox 614 696 742 771; x_wconf 88' lang='lat' dir='ltr'>ejus</span> <span class='ocrx_word' id='word_1_39' title='bbox 763 695 1122 753; x_wconf 79' lang='lat' dir='ltr'>Onomastico</span> <span class='ocrx_word' id='word_1_40' title='bbox 1144 696 1512 772; x_wconf 86' lang='lat' dir='ltr'>autographo</span> <span class='ocrx_word' id='word_1_41' title='bbox 1530 713 1628 753; x_wconf 82' lang='lat' dir='ltr'>ex·</span> <span class='ocrx_word' id='word_1_42' title='bbox 1684 715 1810 754; x_wconf 89' lang='lat' dir='ltr'>rae</span> <span class='ocrx_word' id='word_1_43' title='bbox 1841 700 1904 755; x_wconf 85' lang='lat' dir='ltr'>et</span> <span class='ocrx_word' id='word_1_44' title='bbox 1933 703 2008 753; x_wconf 85' lang='lat' dir='ltr'>tr.</span> <span class='ocrx_word' id='word_1_45' title='bbox 2040 697 2109 754; x_wconf 81' lang='lat' dir='ltr'>de</span> <span class='ocrx_word' id='word_1_46' title='bbox 2140 701 2306 755; x_wconf 78' lang='lat' dir='ltr'>tertio</span> <span class='ocrx_word' id='word_1_47' title='bbox 2353 715 2397 754; x_wconf 77' lang='lat' dir='ltr'>S.</span> <span class='ocrx_word' id='word_1_48' title='bbox 2429 696 2723 755; x_wconf 87' lang='lat' dir='ltr'>Francisci</span> <span class='ocrx_word' id='word_1_49' title='bbox 2768 698 2969 755; x_wconf 81' lang='lat' dir='ltr'><strong><em>ordine</em></strong></span> 
     </span>
     <span class='ocr_line' id='line_1_5' title="bbox 349 783 2967 861; baseline 0 -19"><span class='ocrx_word' id='word_1_50' title='bbox 349 785 515 843; x_wconf 87' lang='lat' dir='ltr'>hibet</span> <span class='ocrx_word' id='word_1_51' title='bbox 545 784 800 842; x_wconf 84' lang='lat' dir='ltr'>Menken</span> <span class='ocrx_word' id='word_1_52' title='bbox 830 785 988 843; x_wconf 88' lang='lat' dir='ltr'>inter</span> <span class='ocrx_word' id='word_1_53' title='bbox 1020 785 1365 861; x_wconf 86' lang='lat' dir='ltr'>Scriptores,</span> <span class='ocrx_word' id='word_1_54' title='bbox 1401 783 1630 860; x_wconf 81' lang='lat' dir='ltr'><strong>Lipsiae</strong></span> <span class='ocrx_word' id='word_1_55' title='bbox 1685 785 1907 861; x_wconf 88' lang='lat' dir='ltr'>reperit</span> <span class='ocrx_word' id='word_1_56' title='bbox 1938 784 2193 861; x_wconf 86' lang='lat' dir='ltr'>diligens</span> <span class='ocrx_word' id='word_1_57' title='bbox 2208 788 2729 844; x_wconf 79' lang='lat' dir='ltr'>monumentorum</span> <span class='ocrx_word' id='word_1_58' title='bbox 2745 785 2809 845; x_wconf 90' lang='grc' dir='ltr'>Ο.</span> <span class='ocrx_word' id='word_1_59' title='bbox 2829 786 2967 844; x_wconf 81' lang='lat' dir='ltr'>Min.</span> 
     </span>
     <span class='ocr_line' id='line_1_6' title="bbox 352 872 2969 949; baseline -0.001 -12"><span class='ocrx_word' id='word_1_60' title='bbox 352 883 542 937; x_wconf 73' lang='grc'><strong>1728.</strong></span> <span class='ocrx_word' id='word_1_61' title='bbox 574 872 650 944; x_wconf 93' lang='grc' dir='ltr'>ΙΙ,</span> <span class='ocrx_word' id='word_1_62' title='bbox 694 883 1144 936; x_wconf 82' lang='grc'><strong>1447-1632.</strong></span> <span class='ocrx_word' id='word_1_63' title='bbox 1685 878 1983 935; x_wconf 88' lang='lat' dir='ltr'>scrutator</span> <span class='ocrx_word' id='word_1_64' title='bbox 2011 874 2175 932; x_wconf 81' lang='lat' dir='ltr'>Paul.</span> <span class='ocrx_word' id='word_1_65' title='bbox 2211 874 2477 933; x_wconf 84' lang='lat' dir='ltr'>Sabatier</span> <span class='ocrx_word' id='word_1_66' title='bbox 2495 874 2688 949; x_wconf 86' lang='lat' dir='ltr'>deque</span> <span class='ocrx_word' id='word_1_67' title='bbox 2708 876 2792 933; x_wconf 86' lang='lat' dir='ltr'>eis</span> <span class='ocrx_word' id='word_1_68' title='bbox 2814 875 2969 934; x_wconf 91' lang='lat' dir='ltr'>scitu</span> 
     </span>
     <span class='ocr_line' id='line_1_7' title="bbox 1685 962 2969 1040; baseline 0 -18"><span class='ocrx_word' id='word_1_69' title='bbox 1685 964 1868 1040; x_wconf 77' lang='lat' dir='ltr'>digna</span> <span class='ocrx_word' id='word_1_70' title='bbox 1909 962 2091 1021; x_wconf 80' lang='lat' dir='ltr'>refert</span> <span class='ocrx_word' id='word_1_71' title='bbox 2133 964 2199 1021; x_wconf 90' lang='lat' dir='ltr'>in</span> <span class='ocrx_word' id='word_1_72' title='bbox 2242 964 2565 1022; x_wconf 81' lang='lat' dir='ltr'>Collection</span> <span class='ocrx_word' id='word_1_73' title='bbox 2609 963 2877 1022; x_wconf 78' lang='lat' dir='ltr'>d’etudes</span> <span class='ocrx_word' id='word_1_74' title='bbox 2909 971 2969 1022; x_wconf 89' lang='lat' dir='ltr'>et</span> 
     </span>
    </p>

    <p class='ocr_par' dir='ltr' id='par_1_3' title="bbox 344 1049 2971 4773">
     <span class='ocr_line' id='line_1_8' title="bbox 457 1049 2970 1129; baseline -0.001 -15"><span class='ocrx_word' id='word_1_75' title='bbox 457 1060 601 1114; x_wconf 79' lang='grc'><strong>617.</strong></span> <span class='ocrx_word' id='word_1_76' title='bbox 662 1049 1014 1110; x_wconf 89' lang='lat' dir='ltr'>Lambertus</span> <span class='ocrx_word' id='word_1_77' title='bbox 1076 1051 1501 1129; x_wconf 88' lang='lat' dir='ltr'>Slagghert</span> <span class='ocrx_word' id='word_1_78' title='bbox 1562 1052 1625 1112; x_wconf 90' lang='grc' dir='ltr'>Ο.</span> <span class='ocrx_word' id='word_1_79' title='bbox 1686 1053 1759 1112; x_wconf 88' lang='lat' dir='ltr'>de</span> <span class='ocrx_word' id='word_1_80' title='bbox 1776 1053 2125 1113; x_wconf 88' lang='lat' dir='ltr'>documents</span> <span class='ocrx_word' id='word_1_81' title='bbox 2143 1052 2447 1111; x_wconf 89' lang='lat' dir='ltr'>surl&#39;hist.</span> <span class='ocrx_word' id='word_1_82' title='bbox 2466 1052 2633 1128; x_wconf 87' lang='lat' dir='ltr'>relig.</span> <span class='ocrx_word' id='word_1_83' title='bbox 2655 1052 2738 1110; x_wconf 91' lang='lat' dir='ltr'>du</span> <span class='ocrx_word' id='word_1_84' title='bbox 2757 1071 2970 1129; x_wconf 83' lang='lat' dir='ltr'>moyen</span> 
     </span>
     <span class='ocr_line' id='line_1_9' title="bbox 352 1139 2964 1219; baseline 0.002 -23"><span class='ocrx_word' id='word_1_85' title='bbox 352 1139 491 1197; x_wconf 85' lang='lat' dir='ltr'>Min.</span> <span class='ocrx_word' id='word_1_86' title='bbox 525 1140 713 1199; x_wconf 87' lang='lat' dir='ltr'>lector</span> <span class='ocrx_word' id='word_1_87' title='bbox 731 1141 873 1198; x_wconf 89' lang='lat' dir='ltr'>etin</span> <span class='ocrx_word' id='word_1_88' title='bbox 889 1141 1248 1200; x_wconf 86' lang='lat' dir='ltr'>monasterio</span> <span class='ocrx_word' id='word_1_89' title='bbox 1282 1141 1630 1200; x_wconf 89' lang='lat' dir='ltr'>monialium</span> <span class='ocrx_word' id='word_1_90' title='bbox 1685 1151 1813 1219; x_wconf 79' lang='lat' dir='ltr'>age,</span> <span class='ocrx_word' id='word_1_91' title='bbox 1847 1141 2011 1201; x_wconf 88' lang='lat' dir='ltr'>Paris</span> <span class='ocrx_word' id='word_1_92' title='bbox 2055 1144 2099 1200; x_wconf 89' lang='lat' dir='ltr'>t.</span> <span class='ocrx_word' id='word_1_93' title='bbox 2134 1142 2207 1201; x_wconf 81' lang='lat' dir='ltr'>IL</span> <span class='ocrx_word' id='word_1_94' title='bbox 2251 1142 2338 1200; x_wconf 86' lang='lat' dir='ltr'>Fr.</span> <span class='ocrx_word' id='word_1_95' title='bbox 2378 1141 2579 1199; x_wconf 88' lang='lat' dir='ltr'>Barth.</span> <span class='ocrx_word' id='word_1_96' title='bbox 2626 1141 2700 1200; x_wconf 85' lang='lat' dir='ltr'>de</span> <span class='ocrx_word' id='word_1_97' title='bbox 2737 1142 2964 1200; x_wconf 89' lang='lat' dir='ltr'>Assisio</span> 
     </span>
     <span class='ocr_line' id='line_1_10' title="bbox 353 1223 2966 1311; baseline 0.002 -26"><span class='ocrx_word' id='word_1_98' title='bbox 353 1228 673 1287; x_wconf 87' lang='lat' dir='ltr'>ribnicensi</span> <span class='ocrx_word' id='word_1_99' title='bbox 703 1229 1096 1289; x_wconf 87' lang='lat' dir='ltr'>confessarius</span> <span class='ocrx_word' id='word_1_100' title='bbox 1114 1223 1179 1311; x_wconf 88' lang='lat'>(†</span> <span class='ocrx_word' id='word_1_101' title='bbox 1206 1224 1418 1310; x_wconf 88' lang='lat'><strong>1533),</strong></span> <span class='ocrx_word' id='word_1_102' title='bbox 1443 1230 1627 1306; x_wconf 88' lang='lat' dir='ltr'>scrip·</span> <span class='ocrx_word' id='word_1_103' title='bbox 1685 1235 1760 1290; x_wconf 89' lang='lat' dir='ltr'>tr.</span> <span class='ocrx_word' id='word_1_104' title='bbox 1795 1231 1866 1290; x_wconf 87' lang='lat' dir='ltr'>de</span> <span class='ocrx_word' id='word_1_105' title='bbox 1898 1230 2128 1307; x_wconf 90' lang='lat' dir='ltr'>indulg.</span> <span class='ocrx_word' id='word_1_106' title='bbox 2161 1249 2205 1289; x_wconf 76' lang='lat' dir='ltr'>a.</span> <span class='ocrx_word' id='word_1_107' title='bbox 2226 1230 2440 1288; x_wconf 86' lang='lat' dir='ltr'>Mariae</span> <span class='ocrx_word' id='word_1_108' title='bbox 2470 1230 2541 1288; x_wconf 91' lang='lat' dir='ltr'>de</span> <span class='ocrx_word' id='word_1_109' title='bbox 2564 1230 2966 1301; x_wconf 74' lang='lat' dir='ltr'>portiuncula,</span> 
     </span>
     <span class='ocr_line' id='line_1_11' title="bbox 354 1312 2967 1401; baseline 0.001 -26"><span class='ocrx_word' id='word_1_110' title='bbox 354 1312 1625 1401; x_wconf 75' lang='lat' dir='ltr'>sit2)hujusmonasteriichronicam(1323-</span> <span class='ocrx_word' id='word_1_111' title='bbox 1686 1323 1836 1397; x_wconf 88' lang='lat' dir='ltr'>App.</span> <span class='ocrx_word' id='word_1_112' title='bbox 1870 1340 1925 1395; x_wconf 87' lang='lat' dir='ltr'>p.</span> <span class='ocrx_word' id='word_1_113' title='bbox 1966 1327 2081 1382; x_wconf 85' lang='lat'>137</span> <span class='ocrx_word' id='word_1_114' title='bbox 2119 1337 2193 1378; x_wconf 91' lang='lat' dir='ltr'>ss.</span> <span class='ocrx_word' id='word_1_115' title='bbox 2255 1318 2391 1378; x_wconf 84' lang='lat' dir='ltr'>Alia</span> <span class='ocrx_word' id='word_1_116' title='bbox 2422 1319 2640 1394; x_wconf 85' lang='lat' dir='ltr'>scripta</span> <span class='ocrx_word' id='word_1_117' title='bbox 2669 1337 2841 1377; x_wconf 81' lang='lat' dir='ltr'>mser.</span> <span class='ocrx_word' id='word_1_118' title='bbox 2875 1339 2967 1377; x_wconf 89' lang='lat' dir='ltr'>re·</span> 
     </span>
     <span class='ocr_line' id='line_1_12' title="bbox 361 1402 2968 1490; baseline -0 -23"><span class='ocrx_word' id='word_1_119' title='bbox 361 1402 572 1486; x_wconf 87' lang='lat'>1533),</span> <span class='ocrx_word' id='word_1_120' title='bbox 607 1408 779 1482; x_wconf 86' lang='lat' dir='ltr'>cujus</span> <span class='ocrx_word' id='word_1_121' title='bbox 799 1406 1197 1484; x_wconf 74' lang='lat' dir='ltr'>fragmentum</span> <span class='ocrx_word' id='word_1_122' title='bbox 1221 1403 1627 1490; x_wconf 75' lang='lat'>(1522—27)</span> <span class='ocrx_word' id='word_1_123' title='bbox 1686 1415 1889 1469; x_wconf 89' lang='lat' dir='ltr'>censet</span> <span class='ocrx_word' id='word_1_124' title='bbox 1920 1409 2226 1486; x_wconf 86' lang='lat' dir='ltr'>Sbaraglia</span> <span class='ocrx_word' id='word_1_125' title='bbox 2255 1428 2311 1485; x_wconf 94' lang='lat' dir='ltr'>p.</span> <span class='ocrx_word' id='word_1_126' title='bbox 2347 1417 2490 1472; x_wconf 84' lang='lat'>518.</span> <span class='ocrx_word' id='word_1_127' title='bbox 2526 1445 2590 1455; x_wconf 90' lang='lat'>-</span> <span class='ocrx_word' id='word_1_128' title='bbox 2618 1410 2968 1483; x_wconf 84' lang='lat' dir='ltr'>Anonymus</span> 
     </span>
     <span class='ocr_line' id='line_1_13' title="bbox 350 1494 2967 1558; baseline 0.002 -6"><span class='ocrx_word' id='word_1_129' title='bbox 350 1494 538 1553; x_wconf 81' lang='lat' dir='ltr'>edidit</span> <span class='ocrx_word' id='word_1_130' title='bbox 568 1495 623 1554; x_wconf 87' lang='lat' dir='ltr'>O.</span> <span class='ocrx_word' id='word_1_131' title='bbox 655 1496 717 1554; x_wconf 87' lang='lat' dir='ltr'>F.</span> <span class='ocrx_word' id='word_1_132' title='bbox 749 1496 1053 1555; x_wconf 68' lang='lat' dir='ltr'>Fabricius</span> <span class='ocrx_word' id='word_1_133' title='bbox 1098 1497 1161 1555; x_wconf 90' lang='lat' dir='ltr'>in</span> <span class='ocrx_word' id='word_1_134' title='bbox 1192 1497 1398 1556; x_wconf 85' lang='lat' dir='ltr'>Meckl.</span> <span class='ocrx_word' id='word_1_135' title='bbox 1428 1496 1627 1556; x_wconf 88' lang='lat' dir='ltr'>Jahrb.</span> <span class='ocrx_word' id='word_1_136' title='bbox 1689 1502 1898 1558; x_wconf 89' lang='lat' dir='ltr'>auctor</span> <span class='ocrx_word' id='word_1_137' title='bbox 1945 1498 2277 1556; x_wconf 87' lang='lat' dir='ltr'>elaboravit</span> <span class='ocrx_word' id='word_1_138' title='bbox 2324 1497 2643 1556; x_wconf 82' lang='lat' dir='ltr'>chronicon</span> <span class='ocrx_word' id='word_1_139' title='bbox 2694 1497 2967 1556; x_wconf 88' lang='lat' dir='ltr'>Schutte-</span> 
     </span>
     <span class='ocr_line' id='line_1_14' title="bbox 351 1584 2968 1668; baseline 0.001 -27"><span class='ocrx_word' id='word_1_140' title='bbox 351 1584 438 1641; x_wconf 91' lang='lat' dir='ltr'>ed.</span> <span class='ocrx_word' id='word_1_141' title='bbox 484 1584 657 1643; x_wconf 88' lang='lat' dir='ltr'>Lisch</span> <span class='ocrx_word' id='word_1_142' title='bbox 704 1585 809 1656; x_wconf 90' lang='lat'>111,</span> <span class='ocrx_word' id='word_1_143' title='bbox 863 1595 1202 1658; x_wconf 80' lang='lat'>96—-1403</span> <span class='ocrx_word' id='word_1_144' title='bbox 1254 1605 1402 1662; x_wconf 88' lang='lat' dir='ltr'>opus</span> <span class='ocrx_word' id='word_1_145' title='bbox 1445 1586 1630 1645; x_wconf 89' lang='lat' dir='ltr'>latine</span> <span class='ocrx_word' id='word_1_146' title='bbox 1688 1589 1822 1646; x_wconf 89' lang='lat' dir='ltr'>rani</span> <span class='ocrx_word' id='word_1_147' title='bbox 1852 1586 2199 1647; x_wconf 91' lang='lat' dir='ltr'>monasterii</span> <span class='ocrx_word' id='word_1_148' title='bbox 2231 1586 2386 1646; x_wconf 90' lang='lat' dir='ltr'>OSB.</span> <span class='ocrx_word' id='word_1_149' title='bbox 2436 1584 2535 1668; x_wconf 85' lang='lat' dir='ltr'>(ad</span> <span class='ocrx_word' id='word_1_150' title='bbox 2581 1586 2836 1645; x_wconf 84' lang='lat' dir='ltr'>confinia</span> <span class='ocrx_word' id='word_1_151' title='bbox 2866 1587 2968 1645; x_wconf 90' lang='lat' dir='ltr'>sil-</span> 
     </span>
     <span class='ocr_line' id='line_1_15' title="bbox 350 1670 2967 1756; baseline 0.001 -25"><span class='ocrx_word' id='word_1_152' title='bbox 350 1692 590 1732; x_wconf 83' lang='lat' dir='ltr'>versum</span> <span class='ocrx_word' id='word_1_153' title='bbox 649 1677 710 1732; x_wconf 91' lang='lat' dir='ltr'>et</span> <span class='ocrx_word' id='word_1_154' title='bbox 770 1677 1161 1734; x_wconf 83' lang='lat' dir='ltr'>retractatum</span> <span class='ocrx_word' id='word_1_155' title='bbox 1220 1677 1291 1734; x_wconf 91' lang='lat' dir='ltr'>ad</span> <span class='ocrx_word' id='word_1_156' title='bbox 1356 1696 1407 1735; x_wconf 93' lang='lat' dir='ltr'>a.</span> <span class='ocrx_word' id='word_1_157' title='bbox 1463 1684 1626 1739; x_wconf 87' lang='grc'><strong>1539</strong></span> <span class='ocrx_word' id='word_1_158' title='bbox 1684 1696 1794 1736; x_wconf 83' lang='lat' dir='ltr'>vae</span> <span class='ocrx_word' id='word_1_159' title='bbox 1825 1670 2055 1756; x_wconf 82' lang='lat' dir='ltr'>nigrae)</span> <span class='ocrx_word' id='word_1_160' title='bbox 2102 1676 2176 1734; x_wconf 93' lang='lat' dir='ltr'>ab</span> <span class='ocrx_word' id='word_1_161' title='bbox 2208 1695 2257 1733; x_wconf 91' lang='lat' dir='ltr'>a.</span> <span class='ocrx_word' id='word_1_162' title='bbox 2293 1685 2707 1744; x_wconf 84' lang='grc'><strong>603-1542,</strong></span> <span class='ocrx_word' id='word_1_163' title='bbox 2756 1694 2875 1750; x_wconf 93' lang='lat' dir='ltr'>quo</span> <span class='ocrx_word' id='word_1_164' title='bbox 2905 1676 2967 1734; x_wconf 90' lang='lat' dir='ltr'>in</span> 
     </span>
     <span class='ocr_line' id='line_1_16' title="bbox 349 1762 2970 1842; baseline 0.001 -22"><span class='ocrx_word' id='word_1_165' title='bbox 349 1762 737 1838; x_wconf 89' lang='lat' dir='ltr'>Westphalen</span> <span class='ocrx_word' id='word_1_166' title='bbox 797 1763 862 1821; x_wconf 91' lang='lat' dir='ltr'>in</span> <span class='ocrx_word' id='word_1_167' title='bbox 924 1765 1182 1823; x_wconf 82' lang='lat' dir='ltr'>Monum.</span> <span class='ocrx_word' id='word_1_168' title='bbox 1229 1765 1383 1824; x_wconf 87' lang='lat' dir='ltr'>ined.</span> <span class='ocrx_word' id='word_1_169' title='bbox 1440 1774 1628 1828; x_wconf 85' lang='lat'>1745.</span> <span class='ocrx_word' id='word_1_170' title='bbox 1686 1785 1864 1842; x_wconf 84' lang='lat' dir='ltr'>opere</span> <span class='ocrx_word' id='word_1_171' title='bbox 1896 1784 2044 1824; x_wconf 88' lang='lat' dir='ltr'>usus</span> <span class='ocrx_word' id='word_1_172' title='bbox 2093 1768 2186 1824; x_wconf 88' lang='lat' dir='ltr'>est</span> <span class='ocrx_word' id='word_1_173' title='bbox 2216 1764 2519 1823; x_wconf 81' lang='lat' dir='ltr'>laboribus</span> <span class='ocrx_word' id='word_1_174' title='bbox 2551 1764 2863 1823; x_wconf 84' lang='lat' dir='ltr'>Nicolai</span> <span class='ocrx_word' id='word_1_175' title='bbox 2898 1766 2970 1823; x_wconf 89' lang='lat' dir='ltr'>de</span> 
     </span>
     <span class='ocr_line' id='line_1_17' title="bbox 350 1849 2968 1936; baseline 0.002 -28"><span class='ocrx_word' id='word_1_176' title='bbox 350 1850 445 1919; x_wconf 85' lang='lat' dir='ltr'>IV,</span> <span class='ocrx_word' id='word_1_177' title='bbox 484 1860 599 1914; x_wconf 84' lang='lat'>841</span> <span class='ocrx_word' id='word_1_178' title='bbox 644 1870 718 1910; x_wconf 88' lang='lat' dir='ltr'>ss.</span> <span class='ocrx_word' id='word_1_179' title='bbox 782 1853 1176 1912; x_wconf 71' lang='lat' dir='ltr'>Continentur</span> <span class='ocrx_word' id='word_1_180' title='bbox 1220 1853 1281 1912; x_wconf 91' lang='lat' dir='ltr'>in</span> <span class='ocrx_word' id='word_1_181' title='bbox 1326 1873 1393 1912; x_wconf 88' lang='lat' dir='ltr'>ea</span> <span class='ocrx_word' id='word_1_182' title='bbox 1436 1854 1628 1930; x_wconf 90' lang='lat' dir='ltr'>plura,</span> <span class='ocrx_word' id='word_1_183' title='bbox 1688 1855 1942 1914; x_wconf 86' lang='lat' dir='ltr'>Gerau</span> <span class='ocrx_word' id='word_1_184' title='bbox 1974 1853 2130 1913; x_wconf 87' lang='lat' dir='ltr'>OSB.</span> <span class='ocrx_word' id='word_1_185' title='bbox 2168 1850 2229 1936; x_wconf 90' lang='lat'>(†</span> <span class='ocrx_word' id='word_1_186' title='bbox 2257 1849 2469 1936; x_wconf 84' lang='lat'>1538),</span> <span class='ocrx_word' id='word_1_187' title='bbox 2504 1854 2676 1928; x_wconf 88' lang='lat' dir='ltr'>cujus</span> <span class='ocrx_word' id='word_1_188' title='bbox 2709 1853 2968 1912; x_wconf 84' lang='lat' dir='ltr'>chronici</span> 
     </span>
     <span class='ocr_line' id='line_1_18' title="bbox 348 1937 2967 2023; baseline 0.002 -25"><span class='ocrx_word' id='word_1_189' title='bbox 348 1959 503 2015; x_wconf 87' lang='lat' dir='ltr'>quae</span> <span class='ocrx_word' id='word_1_190' title='bbox 523 1945 801 2016; x_wconf 88' lang='lat' dir='ltr'>spectant</span> <span class='ocrx_word' id='word_1_191' title='bbox 820 1941 891 2000; x_wconf 88' lang='lat' dir='ltr'>ad</span> <span class='ocrx_word' id='word_1_192' title='bbox 916 1942 1223 2001; x_wconf 79' lang='lat' dir='ltr'>historiam</span> <span class='ocrx_word' id='word_1_193' title='bbox 1245 1942 1308 2002; x_wconf 92' lang='grc' dir='ltr'>Ο.</span> <span class='ocrx_word' id='word_1_194' title='bbox 1331 1944 1469 2001; x_wconf 82' lang='lat' dir='ltr'>Min.</span> <span class='ocrx_word' id='word_1_195' title='bbox 1493 1962 1628 2018; x_wconf 92' lang='lat' dir='ltr'>pro·</span> <span class='ocrx_word' id='word_1_196' title='bbox 1687 1944 1726 2008; x_wconf 80' lang='lat' dir='ltr'>I.</span> <span class='ocrx_word' id='word_1_197' title='bbox 1763 1955 1816 2008; x_wconf 92' lang='lat'>3.</span> <span class='ocrx_word' id='word_1_198' title='bbox 1851 1944 1926 2002; x_wconf 91' lang='lat' dir='ltr'>ab</span> <span class='ocrx_word' id='word_1_199' title='bbox 1959 1963 2007 2001; x_wconf 87' lang='lat' dir='ltr'>a.</span> <span class='ocrx_word' id='word_1_200' title='bbox 2050 1952 2485 2006; x_wconf 86' lang='lat'>1491—1542</span> <span class='ocrx_word' id='word_1_201' title='bbox 2521 1937 2777 2023; x_wconf 80' lang='lat' dir='ltr'>periit1).</span> <span class='ocrx_word' id='word_1_202' title='bbox 2826 1943 2967 2002; x_wconf 87' lang='lat' dir='ltr'>Pro-</span> 
     </span>
     <span class='ocr_line' id='line_1_19' title="bbox 347 2029 2971 2107; baseline 0.001 -20"><span class='ocrx_word' id='word_1_203' title='bbox 347 2029 574 2089; x_wconf 80' lang='lat' dir='ltr'>vinciae</span> <span class='ocrx_word' id='word_1_204' title='bbox 636 2031 964 2092; x_wconf 75' lang='lat' dir='ltr'>saxonicae.</span> <span class='ocrx_word' id='word_1_205' title='bbox 1017 2066 1103 2077; x_wconf 91' lang='lat'>--</span> <span class='ocrx_word' id='word_1_206' title='bbox 1153 2032 1192 2090; x_wconf 86' lang='lat' dir='ltr'>J</span> <span class='ocrx_word' id='word_1_207' title='bbox 1209 2049 1241 2089; x_wconf 95' lang='lat' dir='ltr'>o</span> <span class='ocrx_word' id='word_1_208' title='bbox 1259 2050 1495 2091; x_wconf 88' lang='lat' dir='ltr'>annes</span> <span class='ocrx_word' id='word_1_209' title='bbox 1557 2032 1630 2090; x_wconf 88' lang='lat' dir='ltr'>de</span> <span class='ocrx_word' id='word_1_210' title='bbox 1686 2033 1802 2092; x_wconf 91' lang='lat' dir='ltr'>diit</span> <span class='ocrx_word' id='word_1_211' title='bbox 1850 2032 2137 2107; x_wconf 85' lang='lat' dir='ltr'>inscripta</span> <span class='ocrx_word' id='word_1_212' title='bbox 2185 2029 2442 2090; x_wconf 78' lang='lat' dir='ltr'>Chronik</span> <span class='ocrx_word' id='word_1_213' title='bbox 2501 2050 2607 2089; x_wconf 80' lang='lat' dir='ltr'>von</span> <span class='ocrx_word' id='word_1_214' title='bbox 2667 2031 2971 2090; x_wconf 79' lang='lat' dir='ltr'>Scleuttern</span> 
     </span>
     <span class='ocr_line' id='line_1_20' title="bbox 347 2119 2967 2199; baseline 0.001 -23"><span class='ocrx_word' id='word_1_215' title='bbox 347 2119 521 2177; x_wconf 89' lang='lat' dir='ltr'>Kom</span> <span class='ocrx_word' id='word_1_216' title='bbox 541 2137 789 2178; x_wconf 82' lang='lat' dir='ltr'>orowo</span> <span class='ocrx_word' id='word_1_217' title='bbox 820 2120 884 2178; x_wconf 92' lang='grc' dir='ltr'>Ο.</span> <span class='ocrx_word' id='word_1_218' title='bbox 906 2121 1043 2179; x_wconf 85' lang='lat' dir='ltr'>Min.</span> <span class='ocrx_word' id='word_1_219' title='bbox 1080 2121 1266 2179; x_wconf 89' lang='lat' dir='ltr'>strict.</span> <span class='ocrx_word' id='word_1_220' title='bbox 1303 2121 1424 2179; x_wconf 87' lang='lat' dir='ltr'>obs.</span> <span class='ocrx_word' id='word_1_221' title='bbox 1456 2121 1627 2180; x_wconf 90' lang='lat' dir='ltr'>Polo·</span> <span class='ocrx_word' id='word_1_222' title='bbox 1686 2122 1846 2199; x_wconf 86' lang='lat' dir='ltr'>apud</span> <span class='ocrx_word' id='word_1_223' title='bbox 1877 2123 2050 2180; x_wconf 86' lang='lat' dir='ltr'>Mone</span> <span class='ocrx_word' id='word_1_224' title='bbox 2083 2120 2673 2196; x_wconf 84' lang='lat' dir='ltr'>Quellensammlung</span> <span class='ocrx_word' id='word_1_225' title='bbox 2704 2120 2807 2179; x_wconf 89' lang='lat' dir='ltr'>der</span> <span class='ocrx_word' id='word_1_226' title='bbox 2836 2122 2967 2180; x_wconf 91' lang='lat' dir='ltr'>bad.</span> 
     </span>
     <span class='ocr_line' id='line_1_21' title="bbox 347 2207 2967 2288; baseline 0.001 -23"><span class='ocrx_word' id='word_1_227' title='bbox 347 2226 478 2278; x_wconf 78' lang='lat' dir='ltr'>uua,</span> <span class='ocrx_word' id='word_1_228' title='bbox 512 2207 701 2267; x_wconf 89' lang='lat' dir='ltr'>nobili</span> <span class='ocrx_word' id='word_1_229' title='bbox 734 2210 1014 2285; x_wconf 77' lang='lat' dir='ltr'>prosapia</span> <span class='ocrx_word' id='word_1_230' title='bbox 1045 2214 1232 2278; x_wconf 87' lang='lat' dir='ltr'>ortus,</span> <span class='ocrx_word' id='word_1_231' title='bbox 1267 2211 1631 2286; x_wconf 77' lang='lat' dir='ltr'>guardianus</span> <span class='ocrx_word' id='word_1_232' title='bbox 1686 2210 2108 2288; x_wconf 88' lang='lat' dir='ltr'>Landesgesch.</span> <span class='ocrx_word' id='word_1_233' title='bbox 2151 2217 2334 2274; x_wconf 87' lang='lat'>1863.</span> <span class='ocrx_word' id='word_1_234' title='bbox 2364 2209 2470 2279; x_wconf 85' lang='lat'>111,</span> <span class='ocrx_word' id='word_1_235' title='bbox 2508 2219 2810 2273; x_wconf 78' lang='lat'>67—-132</span> <span class='ocrx_word' id='word_1_236' title='bbox 2838 2211 2967 2269; x_wconf 88' lang='lat' dir='ltr'>coll.</span> 
     </span>
     <span class='ocr_line' id='line_1_22' title="bbox 344 2297 2967 2375; baseline 0.002 -22"><span class='ocrx_word' id='word_1_237' title='bbox 344 2297 666 2367; x_wconf 83' lang='lat' dir='ltr'>wilnensis,</span> <span class='ocrx_word' id='word_1_238' title='bbox 729 2301 791 2355; x_wconf 89' lang='lat' dir='ltr'>et</span> <span class='ocrx_word' id='word_1_239' title='bbox 839 2302 974 2374; x_wconf 88' lang='lat' dir='ltr'>post</span> <span class='ocrx_word' id='word_1_240' title='bbox 1017 2298 1369 2357; x_wconf 87' lang='lat' dir='ltr'>divisionem</span> <span class='ocrx_word' id='word_1_241' title='bbox 1415 2298 1625 2358; x_wconf 91' lang='lat' dir='ltr'>Obser·</span> <span class='ocrx_word' id='word_1_242' title='bbox 1691 2298 2523 2363; x_wconf 53' lang='lat' dir='ltr'>soe—sssoa—Joannes</span> <span class='ocrx_word' id='word_1_243' title='bbox 2543 2298 2967 2375; x_wconf 90' lang='lat' dir='ltr'>Philippus</span> 
     </span>
     <span class='ocr_line' id='line_1_23' title="bbox 345 2383 2967 2469; baseline 0.001 -25"><span class='ocrx_word' id='word_1_244' title='bbox 345 2386 617 2444; x_wconf 77' lang='lat' dir='ltr'>vantium</span> <span class='ocrx_word' id='word_1_245' title='bbox 693 2405 727 2443; x_wconf 90' lang='lat' dir='ltr'>a</span> <span class='ocrx_word' id='word_1_246' title='bbox 802 2386 1320 2447; x_wconf 84' lang='lat' dir='ltr'>Conventualibus</span> <span class='ocrx_word' id='word_1_247' title='bbox 1399 2384 1626 2469; x_wconf 86' lang='lat'>(1517)</span> <span class='ocrx_word' id='word_1_248' title='bbox 1684 2388 2055 2449; x_wconf 83' lang='lat' dir='ltr'>novariensis</span> <span class='ocrx_word' id='word_1_249' title='bbox 2086 2388 2421 2464; x_wconf 86' lang='lat' dir='ltr'>composuit</span> <span class='ocrx_word' id='word_1_250' title='bbox 2439 2383 2777 2447; x_wconf 80' lang='lat' dir='ltr'>chronicam</span> <span class='ocrx_word' id='word_1_251' title='bbox 2794 2406 2967 2447; x_wconf 83' lang='lat' dir='ltr'>cano-</span> 
     </span>
     <span class='ocr_line' id='line_1_24' title="bbox 349 2474 2965 2553; baseline 0.001 -22"><span class='ocrx_word' id='word_1_252' title='bbox 349 2474 577 2550; x_wconf 91' lang='lat' dir='ltr'>primus</span> <span class='ocrx_word' id='word_1_253' title='bbox 640 2474 1094 2541; x_wconf 86' lang='lat' dir='ltr'>Observantinm</span> <span class='ocrx_word' id='word_1_254' title='bbox 1155 2495 1263 2552; x_wconf 89' lang='lat' dir='ltr'>per</span> <span class='ocrx_word' id='word_1_255' title='bbox 1323 2477 1631 2536; x_wconf 80' lang='lat' dir='ltr'>Poloniam</span> <span class='ocrx_word' id='word_1_256' title='bbox 1685 2481 1805 2537; x_wconf 86' lang='lat' dir='ltr'>nici</span> <span class='ocrx_word' id='word_1_257' title='bbox 1824 2480 2071 2553; x_wconf 81' lang='lat' dir='ltr'>ordinis,</span> <span class='ocrx_word' id='word_1_258' title='bbox 2104 2477 2418 2536; x_wconf 76' lang='lat' dir='ltr'>Cremonae</span> <span class='ocrx_word' id='word_1_259' title='bbox 2449 2487 2629 2540; x_wconf 82' lang='grc'><strong>1535.</strong></span> <span class='ocrx_word' id='word_1_260' title='bbox 2662 2510 2750 2520; x_wconf 87' lang='grc'>-</span> <span class='ocrx_word' id='word_1_261' title='bbox 2780 2477 2965 2537; x_wconf 82' lang='lat' dir='ltr'>Joan-</span> 
     </span>
     <span class='ocr_line' id='line_1_25' title="bbox 347 2560 2967 2646; baseline 0.002 -26"><span class='ocrx_word' id='word_1_262' title='bbox 347 2562 722 2638; x_wconf 87' lang='lat' dir='ltr'>provincialis</span> <span class='ocrx_word' id='word_1_263' title='bbox 757 2560 819 2645; x_wconf 90' lang='lat'>(†</span> <span class='ocrx_word' id='word_1_264' title='bbox 853 2574 909 2628; x_wconf 88' lang='lat'>3.</span> <span class='ocrx_word' id='word_1_265' title='bbox 941 2566 1087 2625; x_wconf 82' lang='lat' dir='ltr'>Nov.</span> <span class='ocrx_word' id='word_1_266' title='bbox 1128 2561 1343 2646; x_wconf 81' lang='grc'><strong>1536),</strong></span> <span class='ocrx_word' id='word_1_267' title='bbox 1395 2584 1628 2642; x_wconf 88' lang='lat' dir='ltr'>compo-</span> <span class='ocrx_word' id='word_1_268' title='bbox 1685 2586 1791 2627; x_wconf 88' lang='lat' dir='ltr'>nes</span> <span class='ocrx_word' id='word_1_269' title='bbox 1824 2567 2155 2644; x_wconf 87' lang='lat' dir='ltr'>Nibling</span> <span class='ocrx_word' id='word_1_270' title='bbox 2201 2565 2586 2624; x_wconf 83' lang='lat' dir='ltr'>Volkacensis</span> <span class='ocrx_word' id='word_1_271' title='bbox 2621 2566 2683 2623; x_wconf 91' lang='lat'>0.</span> <span class='ocrx_word' id='word_1_272' title='bbox 2718 2567 2856 2625; x_wconf 81' lang='lat' dir='ltr'>cist.</span> <span class='ocrx_word' id='word_1_273' title='bbox 2902 2567 2967 2625; x_wconf 89' lang='lat' dir='ltr'>in</span> 
     </span>
     <span class='ocr_line' id='line_1_26' title="bbox 349 2652 2966 2732; baseline 0.002 -22"><span class='ocrx_word' id='word_1_274' title='bbox 349 2652 472 2711; x_wconf 89' lang='lat' dir='ltr'>suit</span> <span class='ocrx_word' id='word_1_275' title='bbox 502 2652 671 2728; x_wconf 89' lang='lat' dir='ltr'>prius</span> <span class='ocrx_word' id='word_1_276' title='bbox 703 2657 1029 2714; x_wconf 85' lang='lat' dir='ltr'>tractatum</span> <span class='ocrx_word' id='word_1_277' title='bbox 1047 2656 1348 2714; x_wconf 77' lang='lat' dir='ltr'>chronicae</span> <span class='ocrx_word' id='word_1_278' title='bbox 1364 2656 1630 2729; x_wconf 77' lang='lat' dir='ltr'>fratrum</span> <span class='ocrx_word' id='word_1_279' title='bbox 1685 2656 2047 2717; x_wconf 88' lang='lat' dir='ltr'>monasterio</span> <span class='ocrx_word' id='word_1_280' title='bbox 2079 2656 2403 2725; x_wconf 85' lang='lat' dir='ltr'>ebracensi,</span> <span class='ocrx_word' id='word_1_281' title='bbox 2437 2655 2543 2732; x_wconf 91' lang='lat' dir='ltr'>qui</span> <span class='ocrx_word' id='word_1_282' title='bbox 2572 2655 2763 2715; x_wconf 88' lang='lat' dir='ltr'>factus</span> <span class='ocrx_word' id='word_1_283' title='bbox 2794 2655 2966 2715; x_wconf 86' lang='lat' dir='ltr'>estin</span> 
     </span>
     <span class='ocr_line' id='line_1_27' title="bbox 352 2741 2966 2822; baseline 0.001 -21"><span class='ocrx_word' id='word_1_284' title='bbox 352 2741 495 2801; x_wconf 85' lang='lat' dir='ltr'>Min.</span> <span class='ocrx_word' id='word_1_285' title='bbox 522 2742 980 2820; x_wconf 78' lang='lat' dir='ltr'>Obs.atempore</span> <span class='ocrx_word' id='word_1_286' title='bbox 995 2746 1448 2804; x_wconf 83' lang='lat' dir='ltr'>constantiensis</span> <span class='ocrx_word' id='word_1_287' title='bbox 1469 2762 1626 2804; x_wconf 90' lang='lat' dir='ltr'>conc.</span> <span class='ocrx_word' id='word_1_288' title='bbox 1685 2747 1985 2805; x_wconf 84' lang='lat' dir='ltr'>academia</span> <span class='ocrx_word' id='word_1_289' title='bbox 2034 2745 2508 2822; x_wconf 84' lang='lat' dir='ltr'>heidelbergensi</span> <span class='ocrx_word' id='word_1_290' title='bbox 2553 2745 2775 2804; x_wconf 84' lang='lat' dir='ltr'>artium</span> <span class='ocrx_word' id='word_1_291' title='bbox 2818 2746 2966 2804; x_wconf 90' lang='lat' dir='ltr'>libe-</span> 
     </span>
     <span class='ocr_line' id='line_1_28' title="bbox 348 2832 2966 2910; baseline 0.002 -21"><span class='ocrx_word' id='word_1_292' title='bbox 348 2836 408 2889; x_wconf 91' lang='lat' dir='ltr'>et</span> <span class='ocrx_word' id='word_1_293' title='bbox 468 2832 799 2907; x_wconf 87' lang='lat' dir='ltr'>specialiter</span> <span class='ocrx_word' id='word_1_294' title='bbox 860 2834 932 2893; x_wconf 90' lang='lat' dir='ltr'>de</span> <span class='ocrx_word' id='word_1_295' title='bbox 991 2835 1298 2910; x_wconf 81' lang='lat' dir='ltr'>provincia</span> <span class='ocrx_word' id='word_1_296' title='bbox 1345 2835 1629 2894; x_wconf 90' lang='lat' dir='ltr'>Poloniae</span> <span class='ocrx_word' id='word_1_297' title='bbox 1685 2835 1904 2896; x_wconf 91' lang='lat' dir='ltr'>ralium</span> <span class='ocrx_word' id='word_1_298' title='bbox 1935 2835 2359 2894; x_wconf 89' lang='lat' dir='ltr'>determinator</span> <span class='ocrx_word' id='word_1_299' title='bbox 2389 2838 2449 2893; x_wconf 86' lang='lat' dir='ltr'>et</span> <span class='ocrx_word' id='word_1_300' title='bbox 2467 2834 2800 2910; x_wconf 89' lang='lat' dir='ltr'>theologiae</span> <span class='ocrx_word' id='word_1_301' title='bbox 2829 2834 2966 2893; x_wconf 88' lang='lat' dir='ltr'>bac-</span> 
     </span>
     <span class='ocr_line' id='line_1_29' title="bbox 346 2913 2968 3000; baseline 0.001 -20"><span class='ocrx_word' id='word_1_302' title='bbox 346 2913 594 3000; x_wconf 86' lang='lat'>(1503),</span> <span class='ocrx_word' id='word_1_303' title='bbox 672 2922 759 2980; x_wconf 88' lang='lat' dir='ltr'>ed.</span> <span class='ocrx_word' id='word_1_304' title='bbox 822 2923 896 2981; x_wconf 91' lang='lat' dir='ltr'>ab</span> <span class='ocrx_word' id='word_1_305' title='bbox 958 2923 1141 2985; x_wconf 87' lang='lat' dir='ltr'>Henr.</span> <span class='ocrx_word' id='word_1_306' title='bbox 1204 2924 1557 2982; x_wconf 88' lang='lat' dir='ltr'>Zeissber</span> <span class='ocrx_word' id='word_1_307' title='bbox 1570 2943 1627 3000; x_wconf 88' lang='lat' dir='ltr'>g,</span> <span class='ocrx_word' id='word_1_308' title='bbox 1686 2926 1992 2984; x_wconf 88' lang='lat' dir='ltr'>calaureus</span> <span class='ocrx_word' id='word_1_309' title='bbox 2023 2924 2334 2993; x_wconf 83' lang='lat' dir='ltr'>formatus,</span> <span class='ocrx_word' id='word_1_310' title='bbox 2356 2942 2601 2983; x_wconf 89' lang='lat' dir='ltr'>munere</span> <span class='ocrx_word' id='word_1_311' title='bbox 2619 2923 2864 2983; x_wconf 83' lang='lat' dir='ltr'>functus</span> <span class='ocrx_word' id='word_1_312' title='bbox 2877 2927 2968 2982; x_wconf 88' lang='lat' dir='ltr'>est</span> 
     </span>
     <span class='ocr_line' id='line_1_30' title="bbox 346 3008 2965 3090; baseline 0.002 -24"><span class='ocrx_word' id='word_1_313' title='bbox 346 3008 606 3069; x_wconf 80' lang='lat' dir='ltr'>Viennae</span> <span class='ocrx_word' id='word_1_314' title='bbox 650 3020 833 3081; x_wconf 79' lang='lat'>1873,</span> <span class='ocrx_word' id='word_1_315' title='bbox 881 3032 1062 3087; x_wconf 89' lang='lat' dir='ltr'>quam</span> <span class='ocrx_word' id='word_1_316' title='bbox 1090 3012 1231 3071; x_wconf 91' lang='lat' dir='ltr'>dein</span> <span class='ocrx_word' id='word_1_317' title='bbox 1261 3013 1627 3083; x_wconf 80' lang='lat' dir='ltr'>retractavit,</span> <span class='ocrx_word' id='word_1_318' title='bbox 1685 3015 1900 3090; x_wconf 83' lang='lat' dir='ltr'>prioris</span> <span class='ocrx_word' id='word_1_319' title='bbox 1947 3034 1998 3073; x_wconf 86' lang='lat' dir='ltr'>a.</span> <span class='ocrx_word' id='word_1_320' title='bbox 2035 3021 2135 3084; x_wconf 84' lang='lat'>24,</span> <span class='ocrx_word' id='word_1_321' title='bbox 2183 3013 2318 3071; x_wconf 90' lang='lat' dir='ltr'>dein</span> <span class='ocrx_word' id='word_1_322' title='bbox 2367 3013 2690 3089; x_wconf 85' lang='lat' dir='ltr'>praepositi</span> <span class='ocrx_word' id='word_1_323' title='bbox 2722 3013 2965 3072; x_wconf 90' lang='lat' dir='ltr'>schoen-</span> 
     </span>
     <span class='ocr_line' id='line_1_31' title="bbox 347 3098 2966 3181; baseline 0.002 -26"><span class='ocrx_word' id='word_1_324' title='bbox 347 3098 622 3157; x_wconf 84' lang='lat' dir='ltr'>dilatavit</span> <span class='ocrx_word' id='word_1_325' title='bbox 650 3104 710 3157; x_wconf 91' lang='lat' dir='ltr'>et</span> <span class='ocrx_word' id='word_1_326' title='bbox 735 3099 1172 3179; x_wconf 64' lang='lat' dir='ltr'>continuavitss)</span> <span class='ocrx_word' id='word_1_327' title='bbox 1203 3102 1341 3161; x_wconf 76' lang='lat' dir='ltr'>stilo</span> <span class='ocrx_word' id='word_1_328' title='bbox 1370 3101 1629 3177; x_wconf 86' lang='lat' dir='ltr'>implexo</span> <span class='ocrx_word' id='word_1_329' title='bbox 1689 3104 2012 3181; x_wconf 80' lang='lat' dir='ltr'>augiensis,</span> <span class='ocrx_word' id='word_1_330' title='bbox 2047 3104 2142 3161; x_wconf 86' lang='lat' dir='ltr'>oui</span> <span class='ocrx_word' id='word_1_331' title='bbox 2176 3102 2459 3179; x_wconf 87' lang='lat' dir='ltr'>dignitati</span> <span class='ocrx_word' id='word_1_332' title='bbox 2491 3120 2625 3161; x_wconf 85' lang='lat' dir='ltr'>mox</span> <span class='ocrx_word' id='word_1_333' title='bbox 2656 3103 2966 3161; x_wconf 87' lang='lat' dir='ltr'>renuncia-</span> 
     </span>
     <span class='ocr_line' id='line_1_32' title="bbox 347 3185 2970 3274; baseline 0.003 -32"><span class='ocrx_word' id='word_1_334' title='bbox 347 3190 408 3242; x_wconf 92' lang='lat' dir='ltr'>et</span> <span class='ocrx_word' id='word_1_335' title='bbox 468 3185 674 3244; x_wconf 86' lang='lat' dir='ltr'>dificili</span> <span class='ocrx_word' id='word_1_336' title='bbox 734 3189 799 3245; x_wconf 89' lang='lat' dir='ltr'>in</span> <span class='ocrx_word' id='word_1_337' title='bbox 864 3190 1192 3248; x_wconf 78' lang='lat' dir='ltr'>Memoriali</span> <span class='ocrx_word' id='word_1_338' title='bbox 1241 3190 1303 3248; x_wconf 89' lang='grc' dir='ltr'>Ο.</span> <span class='ocrx_word' id='word_1_339' title='bbox 1363 3192 1430 3265; x_wconf 83' lang='lat' dir='ltr'>ff.</span> <span class='ocrx_word' id='word_1_340' title='bbox 1484 3191 1629 3249; x_wconf 82' lang='lat' dir='ltr'>Min.</span> <span class='ocrx_word' id='word_1_341' title='bbox 1686 3192 1775 3250; x_wconf 78' lang='lat' dir='ltr'>vit</span> <span class='ocrx_word' id='word_1_342' title='bbox 1836 3189 1898 3274; x_wconf 85' lang='lat'>(†</span> <span class='ocrx_word' id='word_1_343' title='bbox 1973 3201 2130 3254; x_wconf 81' lang='grc'><strong>1526</strong></span> <span class='ocrx_word' id='word_1_344' title='bbox 2196 3211 2246 3250; x_wconf 94' lang='lat' dir='ltr'>a.</span> <span class='ocrx_word' id='word_1_345' title='bbox 2300 3192 2511 3250; x_wconf 86' lang='lat' dir='ltr'>aetatis</span> <span class='ocrx_word' id='word_1_346' title='bbox 2566 3186 2710 3270; x_wconf 83' lang='lat'>63).·</span> <span class='ocrx_word' id='word_1_347' title='bbox 2754 3192 2970 3268; x_wconf 82' lang='lat' dir='ltr'>Magna</span> 
     </span>
     <span class='ocr_line' id='line_1_33' title="bbox 347 3273 2966 3357; baseline 0.003 -27"><span class='ocrx_word' id='word_1_348' title='bbox 347 3273 597 3332; x_wconf 83' lang='lat' dir='ltr'>maxime</span> <span class='ocrx_word' id='word_1_349' title='bbox 628 3280 924 3334; x_wconf 86' lang='lat' dir='ltr'>rectorum</span> <span class='ocrx_word' id='word_1_350' title='bbox 955 3278 1145 3354; x_wconf 89' lang='lat' dir='ltr'>ipsius</span> <span class='ocrx_word' id='word_1_351' title='bbox 1166 3279 1390 3337; x_wconf 88' lang='lat' dir='ltr'>ordinis</span> <span class='ocrx_word' id='word_1_352' title='bbox 1410 3282 1472 3337; x_wconf 87' lang='lat' dir='ltr'>et</span> <span class='ocrx_word' id='word_1_353' title='bbox 1490 3297 1626 3343; x_wconf 89' lang='lat' dir='ltr'>con·</span> <span class='ocrx_word' id='word_1_354' title='bbox 1686 3281 1998 3357; x_wconf 87' lang='lat' dir='ltr'>diligentia</span> <span class='ocrx_word' id='word_1_355' title='bbox 2058 3280 2398 3355; x_wconf 85' lang='lat' dir='ltr'>compilavit</span> <span class='ocrx_word' id='word_1_356' title='bbox 2452 3283 2494 3338; x_wconf 90' lang='lat' dir='ltr'>t.</span> <span class='ocrx_word' id='word_1_357' title='bbox 2547 3290 2583 3342; x_wconf 88' lang='lat'>4</span> <span class='ocrx_word' id='word_1_358' title='bbox 2635 3279 2966 3339; x_wconf 89' lang='lat' dir='ltr'>chronicam</span> 
     </span>
     <span class='ocr_line' id='line_1_34' title="bbox 348 3362 2969 3448; baseline 0.002 -28"><span class='ocrx_word' id='word_1_359' title='bbox 348 3362 712 3439; x_wconf 86' lang='lat' dir='ltr'>tingentium</span> <span class='ocrx_word' id='word_1_360' title='bbox 744 3365 809 3423; x_wconf 89' lang='lat' dir='ltr'>in</span> <span class='ocrx_word' id='word_1_361' title='bbox 840 3366 1064 3436; x_wconf 79' lang='lat' dir='ltr'>ordine,</span> <span class='ocrx_word' id='word_1_362' title='bbox 1098 3367 1185 3426; x_wconf 88' lang='lat' dir='ltr'>ed.</span> <span class='ocrx_word' id='word_1_363' title='bbox 1221 3387 1254 3425; x_wconf 88' lang='lat' dir='ltr'>a</span> <span class='ocrx_word' id='word_1_364' title='bbox 1283 3368 1423 3426; x_wconf 85' lang='lat' dir='ltr'>Xav.</span> <span class='ocrx_word' id='word_1_365' title='bbox 1455 3367 1630 3426; x_wconf 87' lang='lat' dir='ltr'>Liske</span> <span class='ocrx_word' id='word_1_366' title='bbox 1686 3370 2029 3428; x_wconf 88' lang='lat' dir='ltr'>monasterii</span> <span class='ocrx_word' id='word_1_367' title='bbox 2065 3366 2271 3448; x_wconf 88' lang='lat' dir='ltr'>(quam</span> <span class='ocrx_word' id='word_1_368' title='bbox 2292 3369 2656 3444; x_wconf 89' lang='lat' dir='ltr'>Heppestein</span> <span class='ocrx_word' id='word_1_369' title='bbox 2677 3368 2893 3427; x_wconf 85' lang='lat' dir='ltr'>sodalis</span> <span class='ocrx_word' id='word_1_370' title='bbox 2908 3374 2969 3426; x_wconf 89' lang='lat' dir='ltr'>et</span> 
     </span>
     <span class='ocr_line' id='line_1_35' title="bbox 348 3453 2969 3536; baseline 0.002 -28"><span class='ocrx_word' id='word_1_371' title='bbox 348 3454 411 3509; x_wconf 88' lang='lat' dir='ltr'>et</span> <span class='ocrx_word' id='word_1_372' title='bbox 442 3454 509 3509; x_wconf 88' lang='lat' dir='ltr'>A.</span> <span class='ocrx_word' id='word_1_373' title='bbox 542 3453 899 3513; x_wconf 83' lang='lat' dir='ltr'>Lorkiewicz</span> <span class='ocrx_word' id='word_1_374' title='bbox 948 3456 1012 3514; x_wconf 90' lang='lat' dir='ltr'>in</span> <span class='ocrx_word' id='word_1_375' title='bbox 1045 3457 1300 3516; x_wconf 86' lang='lat' dir='ltr'>Monum.</span> <span class='ocrx_word' id='word_1_376' title='bbox 1335 3456 1457 3517; x_wconf 92' lang='lat' dir='ltr'>Pol.</span> <span class='ocrx_word' id='word_1_377' title='bbox 1491 3457 1628 3515; x_wconf 89' lang='lat' dir='ltr'>hist.</span> <span class='ocrx_word' id='word_1_378' title='bbox 1687 3458 1849 3532; x_wconf 86' lang='lat' dir='ltr'>prior</span> <span class='ocrx_word' id='word_1_379' title='bbox 1879 3458 2256 3517; x_wconf 86' lang='lat' dir='ltr'>continuavit</span> <span class='ocrx_word' id='word_1_380' title='bbox 2287 3456 2363 3515; x_wconf 89' lang='lat' dir='ltr'>ad</span> <span class='ocrx_word' id='word_1_381' title='bbox 2393 3478 2442 3514; x_wconf 90' lang='lat' dir='ltr'>a.</span> <span class='ocrx_word' id='word_1_382' title='bbox 2473 3460 2686 3536; x_wconf 79' lang='lat'>1538),</span> <span class='ocrx_word' id='word_1_383' title='bbox 2707 3457 2770 3514; x_wconf 90' lang='lat' dir='ltr'>in</span> <span class='ocrx_word' id='word_1_384' title='bbox 2791 3475 2969 3532; x_wconf 87' lang='lat' dir='ltr'>quam</span> 
     </span>
     <span class='ocr_line' id='line_1_36' title="bbox 356 3541 2968 3626; baseline 0 -24"><span class='ocrx_word' id='word_1_385' title='bbox 356 3549 474 3603; x_wconf 89' lang='lat'>188</span> <span class='ocrx_word' id='word_1_386' title='bbox 486 3550 538 3604; x_wconf 85' lang='lat'>8·</span> <span class='ocrx_word' id='word_1_387' title='bbox 602 3541 668 3610; x_wconf 81' lang='lat' dir='ltr'>V,</span> <span class='ocrx_word' id='word_1_388' title='bbox 720 3553 1022 3608; x_wconf 79' lang='lat'>64—-362</span> <span class='ocrx_word' id='word_1_389' title='bbox 1090 3543 1252 3626; x_wconf 85' lang='lat' dir='ltr'>(cum</span> <span class='ocrx_word' id='word_1_390' title='bbox 1315 3545 1630 3604; x_wconf 88' lang='lat' dir='ltr'>continua·</span> <span class='ocrx_word' id='word_1_391' title='bbox 1687 3546 1880 3604; x_wconf 89' lang='lat' dir='ltr'>omnis</span> <span class='ocrx_word' id='word_1_392' title='bbox 1912 3546 2149 3624; x_wconf 88' lang='lat' dir='ltr'>generis</span> <span class='ocrx_word' id='word_1_393' title='bbox 2170 3546 2419 3604; x_wconf 89' lang='lat' dir='ltr'>notitias</span> <span class='ocrx_word' id='word_1_394' title='bbox 2440 3546 2756 3622; x_wconf 86' lang='lat' dir='ltr'>congessit,</span> <span class='ocrx_word' id='word_1_395' title='bbox 2790 3546 2968 3604; x_wconf 89' lang='lat' dir='ltr'>etiam</span> 
     </span>
     <span class='ocr_line' id='line_1_37' title="bbox 346 3628 2966 3714; baseline 0.002 -27"><span class='ocrx_word' id='word_1_396' title='bbox 346 3629 615 3689; x_wconf 87' lang='lat' dir='ltr'>tionibus</span> <span class='ocrx_word' id='word_1_397' title='bbox 693 3631 767 3690; x_wconf 87' lang='lat' dir='ltr'>ad</span> <span class='ocrx_word' id='word_1_398' title='bbox 835 3642 1001 3697; x_wconf 87' lang='grc'><strong>1620</strong></span> <span class='ocrx_word' id='word_1_399' title='bbox 1067 3634 1146 3693; x_wconf 84' lang='grc'><strong>11).</strong></span> <span class='ocrx_word' id='word_1_400' title='bbox 1225 3655 1280 3711; x_wconf 90' lang='lat' dir='ltr'>p.</span> <span class='ocrx_word' id='word_1_401' title='bbox 1348 3642 1472 3697; x_wconf 88' lang='lat'>363</span> <span class='ocrx_word' id='word_1_402' title='bbox 1527 3628 1627 3714; x_wconf 87' lang='lat' dir='ltr'>ss.)</span> <span class='ocrx_word' id='word_1_403' title='bbox 1689 3653 2030 3694; x_wconf 90' lang='lat' dir='ltr'>sermonum</span> <span class='ocrx_word' id='word_1_404' title='bbox 2064 3634 2375 3705; x_wconf 81' lang='lat' dir='ltr'>schemata,</span> <span class='ocrx_word' id='word_1_405' title='bbox 2424 3634 2699 3705; x_wconf 85' lang='lat' dir='ltr'>carmina,</span> <span class='ocrx_word' id='word_1_406' title='bbox 2747 3633 2966 3709; x_wconf 83' lang='lat' dir='ltr'>episto-</span> 
     </span>
     <span class='ocr_line' id='line_1_38' title="bbox 346 3718 2969 3799; baseline 0.002 -22"><span class='ocrx_word' id='word_1_407' title='bbox 346 3718 588 3778; x_wconf 86' lang='lat' dir='ltr'>seorsim</span> <span class='ocrx_word' id='word_1_408' title='bbox 632 3720 871 3797; x_wconf 89' lang='lat' dir='ltr'>Leopoli</span> <span class='ocrx_word' id='word_1_409' title='bbox 930 3730 1093 3787; x_wconf 91' lang='grc'><strong>1886</strong></span> <span class='ocrx_word' id='word_1_410' title='bbox 1141 3723 1207 3781; x_wconf 87' lang='lat' dir='ltr'>in</span> <span class='ocrx_word' id='word_1_411' title='bbox 1263 3733 1318 3787; x_wconf 89' lang='lat'>8.</span> <span class='ocrx_word' id='word_1_412' title='bbox 1382 3723 1631 3799; x_wconf 85' lang='lat' dir='ltr'>Scripsit</span> <span class='ocrx_word' id='word_1_413' title='bbox 1688 3724 1776 3782; x_wconf 91' lang='lat' dir='ltr'>las</span> <span class='ocrx_word' id='word_1_414' title='bbox 1808 3728 1918 3783; x_wconf 89' lang='lat' dir='ltr'>etc.</span> <span class='ocrx_word' id='word_1_415' title='bbox 1954 3723 2174 3782; x_wconf 81' lang='lat' dir='ltr'>Mansit</span> <span class='ocrx_word' id='word_1_416' title='bbox 2203 3723 2449 3792; x_wconf 84' lang='lat' dir='ltr'>inedita,</span> <span class='ocrx_word' id='word_1_417' title='bbox 2502 3741 2572 3781; x_wconf 82' lang='lat' dir='ltr'>ex</span> <span class='ocrx_word' id='word_1_418' title='bbox 2620 3742 2739 3798; x_wconf 88' lang='lat' dir='ltr'>qua</span> <span class='ocrx_word' id='word_1_419' title='bbox 2769 3722 2969 3798; x_wconf 89' lang='lat' dir='ltr'>aliqua</span> 
     </span>
     <span class='ocr_line' id='line_1_39' title="bbox 347 3809 2970 3872; baseline 0.001 -6"><span class='ocrx_word' id='word_1_420' title='bbox 347 3809 522 3867; x_wconf 86' lang='lat' dir='ltr'>etiam</span> <span class='ocrx_word' id='word_1_421' title='bbox 551 3811 1030 3870; x_wconf 79' lang='lat' dir='ltr'>introductionem</span> <span class='ocrx_word' id='word_1_422' title='bbox 1058 3813 1123 3870; x_wconf 92' lang='lat' dir='ltr'>in</span> <span class='ocrx_word' id='word_1_423' title='bbox 1142 3812 1471 3872; x_wconf 87' lang='lat' dir='ltr'>doctrinam</span> <span class='ocrx_word' id='word_1_424' title='bbox 1492 3812 1628 3871; x_wconf 88' lang='lat' dir='ltr'>doc·</span> <span class='ocrx_word' id='word_1_425' title='bbox 1685 3813 2002 3872; x_wconf 88' lang='lat' dir='ltr'>ediderunt</span> <span class='ocrx_word' id='word_1_426' title='bbox 2034 3813 2227 3871; x_wconf 84' lang='lat' dir='ltr'>Const.</span> <span class='ocrx_word' id='word_1_427' title='bbox 2261 3813 2332 3870; x_wconf 89' lang='lat' dir='ltr'>de</span> <span class='ocrx_word' id='word_1_428' title='bbox 2364 3812 2563 3871; x_wconf 72' lang='lat' dir='ltr'>Hofler</span> <span class='ocrx_word' id='word_1_429' title='bbox 2590 3811 2657 3870; x_wconf 90' lang='lat' dir='ltr'>in</span> <span class='ocrx_word' id='word_1_430' title='bbox 2675 3812 2848 3871; x_wconf 84' lang='lat' dir='ltr'>Arch.</span> <span class='ocrx_word' id='word_1_431' title='bbox 2869 3812 2970 3870; x_wconf 82' lang='lat' dir='ltr'>fiir</span> 
     </span>
     <span class='ocr_line' id='line_1_40' title="bbox 346 3899 2969 3976; baseline 0.001 -21"><span class='ocrx_word' id='word_1_432' title='bbox 346 3899 496 3956; x_wconf 87' lang='lat' dir='ltr'>toris</span> <span class='ocrx_word' id='word_1_433' title='bbox 516 3899 761 3958; x_wconf 87' lang='lat' dir='ltr'>subtilis</span> <span class='ocrx_word' id='word_1_434' title='bbox 781 3901 944 3960; x_wconf 89' lang='lat' dir='ltr'>intra</span> <span class='ocrx_word' id='word_1_435' title='bbox 966 3921 1016 3962; x_wconf 91' lang='lat' dir='ltr'>a.</span> <span class='ocrx_word' id='word_1_436' title='bbox 1046 3910 1214 3965; x_wconf 87' lang='grc'><strong>1508</strong></span> <span class='ocrx_word' id='word_1_437' title='bbox 1231 3913 1343 3964; x_wconf 90' lang='lat' dir='ltr'>—l</span> <span class='ocrx_word' id='word_1_438' title='bbox 1360 3912 1394 3963; x_wconf 88' lang='lat'>9</span> <span class='ocrx_word' id='word_1_439' title='bbox 1418 3906 1631 3976; x_wconf 89' lang='lat' dir='ltr'>quater</span> <span class='ocrx_word' id='word_1_440' title='bbox 1686 3902 1901 3961; x_wconf 88' lang='lat' dir='ltr'>Kunde</span> <span class='ocrx_word' id='word_1_441' title='bbox 1931 3906 2040 3960; x_wconf 75' lang='lat' dir='ltr'>ost.</span> <span class='ocrx_word' id='word_1_442' title='bbox 2076 3900 2660 3976; x_wconf 84' lang='lat' dir='ltr'>Geschichtsquellen</span> <span class='ocrx_word' id='word_1_443' title='bbox 2690 3906 2731 3958; x_wconf 89' lang='lat' dir='ltr'>t.</span> <span class='ocrx_word' id='word_1_444' title='bbox 2754 3900 2891 3960; x_wconf 90' lang='lat' dir='ltr'><strong>VIII</strong></span> <span class='ocrx_word' id='word_1_445' title='bbox 2908 3905 2969 3958; x_wconf 89' lang='lat' dir='ltr'>et</span> 
     </span>
     <span class='ocr_line' id='line_1_41' title="bbox 345 3987 2967 4067; baseline 0.002 -22"><span class='ocrx_word' id='word_1_446' title='bbox 345 3987 583 4046; x_wconf 88' lang='lat' dir='ltr'>editam.</span> <span class='ocrx_word' id='word_1_447' title='bbox 634 4022 721 4031; x_wconf 95' lang='lat'>—</span> <span class='ocrx_word' id='word_1_448' title='bbox 773 3991 1167 4049; x_wconf 87' lang='lat' dir='ltr'>Marianus</span> <span class='ocrx_word' id='word_1_449' title='bbox 1217 3991 1289 4049; x_wconf 90' lang='lat' dir='ltr'>de</span> <span class='ocrx_word' id='word_1_450' title='bbox 1334 3990 1630 4050; x_wconf 87' lang='lat' dir='ltr'>Florentia</span> <span class='ocrx_word' id='word_1_451' title='bbox 1685 3991 1903 4067; x_wconf 85' lang='lat' dir='ltr'>Jaeger</span> <span class='ocrx_word' id='word_1_452' title='bbox 1945 3990 2222 4050; x_wconf 85' lang='lat' dir='ltr'>minister</span> <span class='ocrx_word' id='word_1_453' title='bbox 2264 3994 2601 4066; x_wconf 80' lang='lat' dir='ltr'>protestans</span> <span class='ocrx_word' id='word_1_454' title='bbox 2642 3990 2705 4048; x_wconf 90' lang='lat' dir='ltr'>in</span> <span class='ocrx_word' id='word_1_455' title='bbox 2737 4010 2829 4066; x_wconf 91' lang='lat' dir='ltr'>op.</span> <span class='ocrx_word' id='word_1_456' title='bbox 2860 3990 2967 4050; x_wconf 88' lang='lat' dir='ltr'>Die</span> 
     </span>
     <span class='ocr_line' id='line_1_42' title="bbox 348 4074 2969 4158; baseline -0.002 -16"><span class='ocrx_word' id='word_1_457' title='bbox 348 4076 412 4134; x_wconf 74' lang='grc' dir='ltr'>Ο·</span> <span class='ocrx_word' id='word_1_458' title='bbox 444 4076 582 4135; x_wconf 83' lang='lat' dir='ltr'>Min·</span> <span class='ocrx_word' id='word_1_459' title='bbox 618 4074 679 4158; x_wconf 87' lang='lat'>(†</span> <span class='ocrx_word' id='word_1_460' title='bbox 707 4075 898 4158; x_wconf 80' lang='lat'>1527)</span> <span class='ocrx_word' id='word_1_461' title='bbox 922 4079 1082 4138; x_wconf 88' lang='lat' dir='ltr'>haud</span> <span class='ocrx_word' id='word_1_462' title='bbox 1102 4099 1316 4155; x_wconf 89' lang='lat' dir='ltr'>parum</span> <span class='ocrx_word' id='word_1_463' title='bbox 1334 4080 1628 4139; x_wconf 85' lang='lat' dir='ltr'>sollicitus</span> <span class='ocrx_word' id='word_1_464' title='bbox 1686 4080 2279 4139; x_wconf 79' lang='lat' dir='ltr'>cistercienserabtei</span> <span class='ocrx_word' id='word_1_465' title='bbox 2309 4079 2539 4138; x_wconf 86' lang='lat' dir='ltr'>Ebrach</span> <span class='ocrx_word' id='word_1_466' title='bbox 2570 4098 2675 4158; x_wconf 85' lang='lat' dir='ltr'>zur</span> <span class='ocrx_word' id='word_1_467' title='bbox 2707 4079 2834 4138; x_wconf 89' lang='lat' dir='ltr'>Zeit</span> <span class='ocrx_word' id='word_1_468' title='bbox 2864 4080 2969 4138; x_wconf 89' lang='lat' dir='ltr'>der</span> 
     </span>
     <span class='ocr_line' id='line_1_43' title="bbox 345 4164 2966 4245; baseline 0.002 -24"><span class='ocrx_word' id='word_1_469' title='bbox 345 4164 464 4222; x_wconf 89' lang='lat' dir='ltr'>fuit</span> <span class='ocrx_word' id='word_1_470' title='bbox 478 4165 550 4223; x_wconf 88' lang='lat' dir='ltr'>de</span> <span class='ocrx_word' id='word_1_471' title='bbox 566 4166 818 4226; x_wconf 87' lang='lat' dir='ltr'>historia</span> <span class='ocrx_word' id='word_1_472' title='bbox 831 4169 927 4226; x_wconf 90' lang='lat' dir='ltr'>sui</span> <span class='ocrx_word' id='word_1_473' title='bbox 944 4168 1188 4237; x_wconf 88' lang='lat' dir='ltr'>ordinis,</span> <span class='ocrx_word' id='word_1_474' title='bbox 1207 4170 1378 4244; x_wconf 85' lang='lat' dir='ltr'>cujus</span> <span class='ocrx_word' id='word_1_475' title='bbox 1406 4168 1626 4227; x_wconf 88' lang='lat' dir='ltr'>labori·</span> <span class='ocrx_word' id='word_1_476' title='bbox 1684 4169 2103 4238; x_wconf 86' lang='lat' dir='ltr'>Reformation,</span> <span class='ocrx_word' id='word_1_477' title='bbox 2157 4168 2259 4227; x_wconf 89' lang='lat' dir='ltr'>sed</span> <span class='ocrx_word' id='word_1_478' title='bbox 2314 4168 2488 4245; x_wconf 89' lang='lat' dir='ltr'>longe</span> <span class='ocrx_word' id='word_1_479' title='bbox 2537 4169 2713 4244; x_wconf 89' lang='lat' dir='ltr'>plura</span> <span class='ocrx_word' id='word_1_480' title='bbox 2758 4169 2854 4227; x_wconf 89' lang='lat' dir='ltr'>Dr.</span> <span class='ocrx_word' id='word_1_481' title='bbox 2901 4169 2966 4227; x_wconf 90' lang='lat' dir='ltr'>P.</span> 
     </span>
     <span class='ocr_line' id='line_1_44' title="bbox 344 4252 2967 4335; baseline 0.002 -25"><span class='ocrx_word' id='word_1_482' title='bbox 344 4252 458 4311; x_wconf 91' lang='lat' dir='ltr'>bus</span> <span class='ocrx_word' id='word_1_483' title='bbox 507 4254 764 4313; x_wconf 88' lang='lat' dir='ltr'>libenter</span> <span class='ocrx_word' id='word_1_484' title='bbox 812 4274 960 4315; x_wconf 90' lang='lat' dir='ltr'>usus</span> <span class='ocrx_word' id='word_1_485' title='bbox 1010 4260 1104 4316; x_wconf 88' lang='lat' dir='ltr'>est</span> <span class='ocrx_word' id='word_1_486' title='bbox 1164 4257 1483 4335; x_wconf 60' lang='lat' dir='ltr'>Wadding,</span> <span class='ocrx_word' id='word_1_487' title='bbox 1527 4257 1627 4316; x_wconf 87' lang='lat' dir='ltr'>sed</span> <span class='ocrx_word' id='word_1_488' title='bbox 1689 4258 2019 4318; x_wconf 85' lang='lat' dir='ltr'>Wittmann</span> <span class='ocrx_word' id='word_1_489' title='bbox 2065 4258 2127 4316; x_wconf 86' lang='lat' dir='ltr'>in</span> <span class='ocrx_word' id='word_1_490' title='bbox 2165 4257 2416 4316; x_wconf 89' lang='lat' dir='ltr'>Studien</span> <span class='ocrx_word' id='word_1_491' title='bbox 2458 4276 2516 4318; x_wconf 90' lang='lat' dir='ltr'>u.</span> <span class='ocrx_word' id='word_1_492' title='bbox 2550 4258 2824 4317; x_wconf 85' lang='lat' dir='ltr'>Mittheil.</span> <span class='ocrx_word' id='word_1_493' title='bbox 2858 4275 2967 4317; x_wconf 91' lang='lat' dir='ltr'>aus</span> 
     </span>
     <span class='ocr_line' id='line_1_45' title="bbox 346 4342 2968 4419; baseline 0.002 -19"><span class='ocrx_word' id='word_1_494' title='bbox 346 4342 648 4419; x_wconf 86' lang='lat' dir='ltr'>Suyskens</span> <span class='ocrx_word' id='word_1_495' title='bbox 668 4344 722 4401; x_wconf 91' lang='lat' dir='ltr'>S.</span> <span class='ocrx_word' id='word_1_496' title='bbox 742 4344 797 4402; x_wconf 82' lang='lat' dir='ltr'>J.</span> <span class='ocrx_word' id='word_1_497' title='bbox 831 4345 1192 4405; x_wconf 79' lang='lat' dir='ltr'>bollandista</span> <span class='ocrx_word' id='word_1_498' title='bbox 1216 4346 1338 4404; x_wconf 89' lang='lat' dir='ltr'>illis</span> <span class='ocrx_word' id='word_1_499' title='bbox 1370 4348 1626 4405; x_wconf 88' lang='lat' dir='ltr'>multum</span> <span class='ocrx_word' id='word_1_500' title='bbox 1684 4347 1817 4406; x_wconf 88' lang='lat' dir='ltr'>dem</span> <span class='ocrx_word' id='word_1_501' title='bbox 1834 4347 2262 4406; x_wconf 85' lang='lat' dir='ltr'>Benediktiner</span> <span class='ocrx_word' id='word_1_502' title='bbox 2286 4347 2411 4405; x_wconf 90' lang='lat' dir='ltr'>und</span> <span class='ocrx_word' id='word_1_503' title='bbox 2442 4348 2575 4406; x_wconf 88' lang='lat' dir='ltr'>dem</span> <span class='ocrx_word' id='word_1_504' title='bbox 2594 4347 2968 4406; x_wconf 81' lang='lat' dir='ltr'>cistersiens-</span> 
     </span>
     <span class='ocr_line' id='line_1_46' title="bbox 345 4431 2965 4517; baseline 0.002 -28"><span class='ocrx_word' id='word_1_505' title='bbox 345 4431 604 4490; x_wconf 88' lang='lat' dir='ltr'>detraxit</span> <span class='ocrx_word' id='word_1_506' title='bbox 650 4434 843 4508; x_wconf 88' lang='lat' dir='ltr'>pretii,</span> <span class='ocrx_word' id='word_1_507' title='bbox 891 4435 1032 4494; x_wconf 87' lang='lat' dir='ltr'>adeo</span> <span class='ocrx_word' id='word_1_508' title='bbox 1078 4438 1150 4494; x_wconf 91' lang='lat' dir='ltr'>ut</span> <span class='ocrx_word' id='word_1_509' title='bbox 1182 4435 1468 4495; x_wconf 83' lang='lat' dir='ltr'>oblivioni</span> <span class='ocrx_word' id='word_1_510' title='bbox 1498 4437 1627 4496; x_wconf 89' lang='lat' dir='ltr'>fue·</span> <span class='ocrx_word' id='word_1_511' title='bbox 1686 4436 1884 4496; x_wconf 89' lang='lat' dir='ltr'>Orden</span> <span class='ocrx_word' id='word_1_512' title='bbox 1935 4436 2097 4495; x_wconf 87' lang='lat' dir='ltr'>XVII</span> <span class='ocrx_word' id='word_1_513' title='bbox 2143 4431 2391 4517; x_wconf 85' lang='grc'><strong>(1896),</strong></span> <span class='ocrx_word' id='word_1_514' title='bbox 2444 4445 2812 4505; x_wconf 87' lang='grc'><strong>583-600,</strong></span> <span class='ocrx_word' id='word_1_515' title='bbox 2860 4455 2965 4495; x_wconf 91' lang='lat' dir='ltr'>no—</span> 
     </span>
     <span class='ocr_line' id='line_1_47' title="bbox 1683 4525 2964 4601; baseline 0 -18"><span class='ocrx_word' id='word_1_516' title='bbox 1683 4526 1852 4584; x_wconf 89' lang='lat' dir='ltr'>titias</span> <span class='ocrx_word' id='word_1_517' title='bbox 1885 4526 1957 4585; x_wconf 90' lang='lat' dir='ltr'>de</span> <span class='ocrx_word' id='word_1_518' title='bbox 1987 4526 2117 4601; x_wconf 92' lang='lat' dir='ltr'>ipso</span> <span class='ocrx_word' id='word_1_519' title='bbox 2149 4529 2390 4584; x_wconf 87' lang='lat' dir='ltr'>auctore</span> <span class='ocrx_word' id='word_1_520' title='bbox 2421 4528 2482 4583; x_wconf 91' lang='lat' dir='ltr'>et</span> <span class='ocrx_word' id='word_1_521' title='bbox 2512 4525 2775 4584; x_wconf 89' lang='lat' dir='ltr'>carmina</span> <span class='ocrx_word' id='word_1_522' title='bbox 2805 4526 2964 4601; x_wconf 86' lang='lat' dir='ltr'>ejus-</span> 
     </span>
     <span class='ocr_line' id='line_1_48' title="bbox 1683 4609 2965 4696; baseline 0 -24"><span class='ocrx_word' id='word_1_523' title='bbox 1683 4614 1849 4684; x_wconf 58' lang='lat' dir='ltr'>donn</span> <span class='ocrx_word' id='word_1_524' title='bbox 1902 4614 2094 4674; x_wconf 79' lang='lat' dir='ltr'><strong>XVIII</strong></span> <span class='ocrx_word' id='word_1_525' title='bbox 2146 4609 2390 4696; x_wconf 84' lang='lat'>(1897),</span> <span class='ocrx_word' id='word_1_526' title='bbox 2442 4623 2698 4677; x_wconf 83' lang='lat'>68—79</span> <span class='ocrx_word' id='word_1_527' title='bbox 2746 4614 2965 4690; x_wconf 78' lang='lat' dir='ltr'>episto-</span> 
     </span>
     <span class='ocr_line' id='line_1_49' title="bbox 1683 4704 2964 4773; baseline 0.002 -13"><span class='ocrx_word' id='word_1_528' title='bbox 1683 4704 1802 4773; x_wconf 87' lang='lat' dir='ltr'>las;</span> <span class='ocrx_word' id='word_1_529' title='bbox 1840 4712 2189 4767; x_wconf 83' lang='lat'>286—293</span> <span class='ocrx_word' id='word_1_530' title='bbox 2224 4704 2470 4762; x_wconf 88' lang='lat' dir='ltr'>notitias</span> <span class='ocrx_word' id='word_1_531' title='bbox 2502 4705 2693 4762; x_wconf 86' lang='lat' dir='ltr'>varias</span> <span class='ocrx_word' id='word_1_532' title='bbox 2724 4704 2794 4762; x_wconf 88' lang='lat' dir='ltr'>de</span> <span class='ocrx_word' id='word_1_533' title='bbox 2840 4722 2964 4762; x_wconf 92' lang='lat' dir='ltr'>mo-</span> 
     </span>
    </p>
   </div>
   <div class='ocr_carea' id='block_1_3' title="bbox 347 4590 665 4597">
    <p class='ocr_par' dir='ltr' id='par_1_4' title="bbox 347 4590 665 4597">
     <span class='ocr_line' id='line_1_50' title="bbox 347 4590 665 4597; baseline 0 767"><span class='ocrx_word' id='word_1_534' title='bbox 347 4590 665 4597; x_wconf 95' lang='lat' dir='ltr'> </span> 
     </span>
    </p>
   </div>
   <div class='ocr_carea' id='block_1_4' title="bbox 348 4671 2435 4963">
    <p class='ocr_par' dir='ltr' id='par_1_5' title="bbox 422 4671 1507 4742">
     <span class='ocr_line' id='line_1_51' title="bbox 422 4671 1507 4742; baseline 0.006 -16"><span class='ocrx_word' id='word_1_535' title='bbox 422 4677 460 4742; x_wconf 92' lang='lat'>¹)</span> <span class='ocrx_word' id='word_1_536' title='bbox 489 4671 572 4727; x_wconf 81' lang='lat' dir='ltr'>Cf.</span> <span class='ocrx_word' id='word_1_537' title='bbox 600 4672 743 4726; x_wconf 88' lang='lat' dir='ltr'>Falk</span> <span class='ocrx_word' id='word_1_538' title='bbox 770 4673 1048 4728; x_wconf 84' lang='lat' dir='ltr'>Katholik</span> <span class='ocrx_word' id='word_1_539' title='bbox 1076 4679 1229 4740; x_wconf 85' lang='lat'>1891,</span> <span class='ocrx_word' id='word_1_540' title='bbox 1259 4675 1299 4741; x_wconf 86' lang='lat' dir='ltr'>I,</span> <span class='ocrx_word' id='word_1_541' title='bbox 1330 4681 1437 4733; x_wconf 82' lang='lat'>496</span> <span class='ocrx_word' id='word_1_542' title='bbox 1465 4694 1507 4732; x_wconf 91' lang='lat' dir='ltr'>s.</span> 
     </span>
    </p>

    <p class='ocr_par' dir='ltr' id='par_1_6' title="bbox 420 4743 1625 4817">
     <span class='ocr_line' id='line_1_52' title="bbox 420 4743 1625 4817; baseline 0.004 -19"><span class='ocrx_word' id='word_1_543' title='bbox 420 4747 461 4816; x_wconf 74' lang='lat'>²)</span> <span class='ocrx_word' id='word_1_544' title='bbox 489 4743 571 4799; x_wconf 85' lang='lat' dir='ltr'>Cf.</span> <span class='ocrx_word' id='word_1_545' title='bbox 600 4744 816 4798; x_wconf 82' lang='lat' dir='ltr'>Kranae</span> <span class='ocrx_word' id='word_1_546' title='bbox 860 4746 1011 4817; x_wconf 89' lang='lat' dir='ltr'>Allg.</span> <span class='ocrx_word' id='word_1_547' title='bbox 1039 4747 1093 4801; x_wconf 93' lang='lat' dir='ltr'>d.</span> <span class='ocrx_word' id='word_1_548' title='bbox 1122 4746 1311 4816; x_wconf 89' lang='lat' dir='ltr'>Biogr.</span> <span class='ocrx_word' id='word_1_549' title='bbox 1338 4752 1424 4813; x_wconf 84' lang='lat'>34.</span> <span class='ocrx_word' id='word_1_550' title='bbox 1450 4752 1558 4805; x_wconf 80' lang='lat'>450</span> <span class='ocrx_word' id='word_1_551' title='bbox 1584 4767 1625 4803; x_wconf 92' lang='lat' dir='ltr'>s.</span> 
     </span>
    </p>

    <p class='ocr_par' dir='ltr' id='par_1_7' title="bbox 348 4815 2435 4963">
     <span class='ocr_line' id='line_1_53' title="bbox 418 4815 1626 4889; baseline 0.005 -19"><span class='ocrx_word' id='word_1_552' title='bbox 418 4823 457 4881; x_wconf 83' lang='lat'>⁸)</span> <span class='ocrx_word' id='word_1_553' title='bbox 488 4816 570 4870; x_wconf 83' lang='lat' dir='ltr'>Cf.</span> <span class='ocrx_word' id='word_1_554' title='bbox 582 4815 762 4871; x_wconf 86' lang='lat' dir='ltr'>Eubel</span> <span class='ocrx_word' id='word_1_555' title='bbox 778 4817 976 4871; x_wconf 88' lang='lat' dir='ltr'>histor.</span> <span class='ocrx_word' id='word_1_556' title='bbox 988 4817 1183 4875; x_wconf 85' lang='lat' dir='ltr'>Jahrb.</span> <span class='ocrx_word' id='word_1_557' title='bbox 1200 4822 1339 4876; x_wconf 89' lang='grc'><strong>1889</strong></span> <span class='ocrx_word' id='word_1_558' title='bbox 1357 4837 1412 4889; x_wconf 91' lang='lat' dir='ltr'>p.</span> <span class='ocrx_word' id='word_1_559' title='bbox 1427 4823 1626 4877; x_wconf 84' lang='lat'><strong>383-89</strong></span> 
     </span>
     <span class='ocr_line' id='line_1_54' title="bbox 348 4887 2435 4963; baseline 0.004 -23"><span class='ocrx_word' id='word_1_560' title='bbox 348 4887 475 4943; x_wconf 85' lang='lat' dir='ltr'>coll.</span> <span class='ocrx_word' id='word_1_561' title='bbox 503 4907 559 4959; x_wconf 90' lang='lat' dir='ltr'>p.</span> <span class='ocrx_word' id='word_1_562' title='bbox 587 4892 693 4944; x_wconf 81' lang='lat'>570</span> <span class='ocrx_word' id='word_1_563' title='bbox 718 4906 789 4942; x_wconf 87' lang='lat' dir='ltr'>ss.</span> <span class='ocrx_word' id='word_1_564' title='bbox 1759 4894 1799 4963; x_wconf 89' lang='lat'>¹)</span> <span class='ocrx_word' id='word_1_565' title='bbox 1826 4890 1910 4946; x_wconf 85' lang='lat' dir='ltr'>cf.</span> <span class='ocrx_word' id='word_1_566' title='bbox 1936 4890 2202 4945; x_wconf 87' lang='lat' dir='ltr'>Potthast</span> <span class='ocrx_word' id='word_1_567' title='bbox 2230 4909 2284 4960; x_wconf 90' lang='lat' dir='ltr'>p.</span> <span class='ocrx_word' id='word_1_568' title='bbox 2310 4895 2435 4949; x_wconf 86' lang='lat'>291.</span> 
     </span>
    </p>
   </div>
   <div class='ocr_carea' id='block_1_5' title="bbox 1681 4823 2003 4836">
    <p class='ocr_par' dir='ltr' id='par_1_8' title="bbox 1681 4823 2003 4836">
     <span class='ocr_line' id='line_1_55' title="bbox 1681 4823 2003 4836; baseline 0 528"><span class='ocrx_word' id='word_1_569' title='bbox 1681 4823 2003 4836; x_wconf 95' lang='lat' dir='ltr'> </span> 
     </span>
    </p>
   </div>
  </div>
 </body>
</html>
