3475 5364
2799 377 2965 431 1046

355 376 521 432 1045
1148 365 1153 370 “
1207 359 1471 431 Borgeni‚
1499 358 1831 426 Meisterlin‚
1860 359 2125 430 Duglosz.

352 545 734 605 Meibomium
781 545 898 605 Scr.
940 564 1054 604 rer.
1087 563 1266 622 germ.
1298 546 1373 615 II,
1411 552 1627 609 3934-
1684 563 1735 608 a.
1779 555 2207 609 1360-1480
2254 540 2368 627 (ed.
2421 543 2593 603 valde
2624 540 2966 625 mendosa);

356 643 500 698 404.
534 635 751 693 Verum
765 635 1080 695 recentiori
1094 638 1285 694 aetate
1300 635 1439 693 haec
1460 636 1628 694 chro-
1682 654 1718 693 a
1748 634 2015 694 Kerler
2046 634 2111 693 in
2130 633 2475 699 ‚Chroniken
2506 633 2610 692 der
2641 633 2965 693 deutschen

350 724 490 784 nica
519 724 575 783 ei
604 723 995 800 abjudicatur,
1041 742 1176 783 cum
1221 724 1354 800 ipse
1390 727 1625 783 tantum
1684 723 1890 783 studi-,e
1929 733 2112 787 1864.
2143 724 2249 795 111,
2289 732 2667 792 184—-256;
2719 723 2793 781 ab
2825 741 2962 781 auc-

349 813 523 871 alteri
552 818 760 873 auctor
791 812 975 872 fuerit
1005 813 1079 872 ad
1107 832 1235 872 eam
1254 813 1627 880 conscriben-
1682 815 1812 873 tore
1842 813 2178 890 germanice
2208 812 2524 882 redditum,
2571 813 2649 871 ib.
2687 820 2964 883 32-178;

350 897 566 982 dam1).
612 936 701 946 —
747 903 1024 978 caspar
1067 903 1402 978 Borgeni
1433 902 1625 979 capel·
1683 902 1788 961 diu
1814 902 1948 961 fons
1976 902 2332 977 praecipuus
2364 901 2643 961 historiae
2672 902 2852 977 hujus
2884 901 2965 961 ci·

351 992 527 1050 lanus
572 991 975 1069 glogoviensis
1024 987 1084 1073 (†
1133 1000 1230 1055 25.
1265 992 1389 1054 Oct.
1429 986 1626 1074 1495)
1682 991 1903 1050 vitatis.
1966 990 2211 1060 Quando
2262 991 2582 1050 decesserit
2630 990 2963 1049 Meisterlin

350 1080 592 1157 collegit
634 1082 879 1139 annales
919 1082 1292 1157 qloyovienses
1337 1077 1626 1162 (1467—
1683 1099 1803 1139 non
1834 1083 2070 1139 constat
2084 1076 2161 1160 ¹):
2213 1079 2433 1138 vixisse
2483 1079 2724 1141 videtur
2770 1098 2964 1154 usque

354 1163 482 1249 93),
515 1188 666 1244 quos
697 1169 888 1229 edidit
915 1170 1113 1228 Herm.
1148 1170 1451 1247 Markgraf
1471 1170 1629 1230 inter
1682 1170 1756 1227 ad
1788 1189 1837 1227 a.
1878 1177 2063 1233 1489.
2103 1169 2226 1245 Ipsi
2258 1170 2440 1228 etiam
2468 1169 2825 1228 tribuuntur
2856 1188 2962 1226 an-

349 1258 445 1320 SS.
476 1277 587 1317 rer.
620 1259 707 1317 sil.
750 1269 931 1323 1877.
951 1258 1019 1328 X,
1050 1268 1259 1322 1—66
1284 1277 1416 1317 cum
1432 1258 1624 1334 diplo-
1680 1259 1842 1317 nates
1891 1259 2288 1318 marbacenses
2335 1268 2748 1328 631-1400‚
2813 1276 2961 1332 quos

349 1347 611 1406 matibus
660 1357 921 1411 69-158.
953 1381 1042 1393 --
1074 1347 1624 1425 Sigismundus
1682 1346 1872 1406 edidit
1902 1347 2004 1409 Th.
2036 1367 2090 1405 v.
2122 1347 2439 1408 Liebenau
2459 1348 2524 1406 in
2543 1347 2835 1423 Anzeiger
2865 1346 2962 1404 fiir

347 1436 800 1495 Meisterlin
853 1434 1242 1518 (Meysterlin,
1277 1437 1623 1509 Maisterlin,
1681 1436 1942 1495 schweiz.
1975 1437 2341 1507 Geschichte,
2393 1437 2605 1496 Ziirich
2641 1444 2830 1499 1875.
2861 1435 2960 1505 IV,

348 1526 666 1584 Musterlin
697 1521 830 1606 etc.)
867 1526 1097 1585 Suevus
1128 1546 1177 1586 a.
1210 1529 1388 1586 natus
1421 1537 1492 1590 15
1528 1526 1623 1586 in·
1689 1535 1806 1589 167
1843 1544 1919 1585 ss.

347 1632 589 1691 gressus
602 1615 853 1675 estOSB.
865 1610 994 1694 inJm
1001 1616 1296 1674 onasterio
1308 1633 1381 1674 ss.
1393 1615 1623 1675 Udalri—

348 1704 402 1762 ei
426 1707 487 1762 et
504 1703 683 1763 Afrae
713 1706 1038 1780 Augustae.
1070 1705 1142 1763 In
1156 1705 1349 1764 literis
1367 1705 1624 1764 classicis

347 1792 494 1851 satis
540 1793 691 1851 bene
735 1794 1007 1852 excultus
1037 1793 1320 1853 ,condidit
1350 1794 1624 1854 hortante
1680 1793 2018 1870 Dlugosz
2052 1790 2408 1876 (Longinus)
2442 1792 2629 1853 nobili
2646 1793 2830 1869 stirpe
2864 1812 2959 1852 or-

347 1880 732 1959 Sigismundo
764 1882 1126 1942 Gossenbrot
1168 1883 1486 1941 decurione
1517 1904 1622 1942 au-
1679 1887 1780 1940 tus
1812 1902 1861 1945 a.
1906 1892 2083 1947 1415.
2142 1883 2445 1944 Cracoviae
2477 1882 2692 1942 studiis
2723 1900 2959 1958 operam

344 1973 601 2047 gustano
635 1967 766 2052 (qui
786 1974 1093 2047 propterea
1112 1990 1353 2030 erronee
1372 1972 1624 2032 subinde
1678 1970 1846 2029 dedit
1875 1974 2054 2046 atque
2084 1972 2151 2030 in
2182 1973 2513 2050 Zbiegniew
2547 1972 2819 2048 episcopo
2835 1990 2960 2030 cra-

347 2059 588 2118 habitus
633 2066 724 2118 est
755 2063 960 2119 auctor
989 2055 1208 2143 operis)
1255 2060 1621 2139 Chronoyra·
1679 2060 1938 2119 coviensi
1969 2061 2323 2121 benevolum
2366 2064 2582 2121 nactus
2629 2063 2720 2119 est
2760 2064 2959 2136 patro-

337 2148 542 2223 phiam
583 2152 1035 2226 auyustensium,
1084 2169 1261 2225 quam
1307 2170 1524 2227 magna
1553 2170 1621 2210 ex
1678 2167 1845 2218 num,
1896 2150 2000 2225 qui
2051 2170 2181 2209 eum
2232 2151 2597 2211 sacerdotem
2636 2149 2956 2219 ordinavit,

344 2240 513 2311 parte
557 2239 890 2314 germanice
941 2238 1220 2309 reddidit,
1275 2241 1445 2315 cujus
1491 2256 1621 2299 ver·
1677 2237 1980 2298 beneficiis
2011 2239 2178 2298 auxit
2208 2241 2457 2316 ejusque
2489 2258 2668 2314 opera
2697 2239 2761 2298 in
2794 2238 2957 2297 dioe-

345 2326 528 2384 sionis
604 2346 739 2402 pars
815 2327 1039 2403 prodiit
1100 2327 1420 2404 inscripta:
1498 2330 1622 2387 Ain
1677 2327 1825 2385 cesis
1856 2328 2183 2387 utilitatem
2202 2330 2551 2404 juriumque
2581 2329 2837 2388 tutelam
2868 2330 2958 2388 est

343 2416 547 2473 achone
577 2418 806 2475 cronick
848 2418 972 2475 und
1000 2418 1258 2493 hystoria
1304 2436 1439 2493 wyn
1471 2418 1620 2477 nach
1676 2434 1844 2479 usus,
1906 2417 2173 2476 casimiri
2206 2419 2302 2477 IV.
2334 2418 2493 2495 regis
2525 2418 2675 2476 iram
2706 2417 2961 2476 incurrit

341 2503 447 2561 der
479 2503 792 2565 Siindfluss
822 2505 983 2565 Noae
1024 2506 1119 2565 die
1151 2507 1482 2565 Teutschen
1515 2507 1620 2565 das
1676 2505 1883 2564 nolens
1942 2525 2255 2583 agnoscere
2316 2508 2652 2583 episcopum
2704 2507 2776 2564 ab
2826 2507 2960 2581 ipso

341 2593 625 2651 streitbar
644 2594 793 2653 Volk
807 2593 997 2653 ihrem
1012 2595 1250 2671 Anfang
1264 2595 1620 2672 empfangen
1675 2594 2054 2673 designatum
2083 2601 2288 2656 contra
2306 2616 2460 2665 eum,
2495 2615 2676 2672 quem
2693 2593 2955 2670 pontifex

342 2681 534 2741 haben
580 2685 706 2754 etc„
741 2686 1048 2761 Augustae
1087 2693 1253 2748 1522
1308 2680 1409 2767 (m.
1447 2682 1617 2767 200).
1676 2703 1956 2744 romanus
2019 2687 2308 2762 elegerat:
2372 2686 2510 2744 hinc
2558 2686 2623 2745 in
2665 2703 2954 2744 carcerem

341 2771 608 2832 Civitatis
626 2774 1023 2849 antiquitates
1043 2775 1231 2850 magis
1254 2793 1396 2850 prae
1429 2775 1618 2834 oculis
1675 2773 1976 2848 conjectus
2006 2775 2334 2835 triennium
2367 2777 2431 2834 in
2462 2777 2661 2834 monte
2691 2775 2957 2850 Mesztyn

341 2860 540 2931 habet,
585 2881 766 2938 quam
797 2863 1087 2922 lectorum
1131 2863 1616 2934 aedificationem,
1674 2863 1889 2939 exegit.
1906 2863 2231 2924 Prudentia
2248 2867 2450 2924 tamen
2469 2868 2531 2923 et
2548 2863 2811 2922 consiliis
2831 2863 2954 2922 suis

1773 1714 1916 1767 501.
1950 1705 2035 1764 De
2066 1705 2315 1764 Polonia
2363 1704 2585 1763 meruit
2614 1704 2963 1764 «Ioannes

339 2950 555 3010 minori
587 2950 787 3010 utitur
809 2951 1037 3026 judicio
1054 2952 1275 3015 critico.
1305 2954 1429 3011 Iter
1442 2953 1617 3012 insti-

339 3039 462 3097 tuit
492 3040 555 3097 in
585 3041 821 3098 Italiam
871 3043 1051 3116 atque
1082 3041 1271 3100 Ticini
1319 3044 1411 3101 est
1460 3060 1615 3101 com·

339 3132 617 3187 moratus
651 3130 864 3189 Postea
895 3149 1032 3188 eum
1062 3130 1388 3206 reperimus
1414 3131 1478 3189 in
1494 3150 1617 3190 mo·

339 3217 597 3277 nasterio
659 3219 1035 3295 sangallensi,
1091 3219 1197 3277 ubi
1248 3219 1620 3295 aliquamdiu

339 3305 703 3365 novitiorum
752 3308 1102 3384 magistrum
1151 3308 1307 3385 egit;
1371 3309 1522 3369 circa
1567 3329 1614 3367 a.

347 3404 369 3454 1
388 3403 464 3456 47
478 3406 511 3456 6
530 3394 895 3473 wirceburgi
928 3416 1172 3457 munere
1189 3397 1616 3456 concionatoris

336 3481 402 3541 in
433 3483 681 3543 ecclesia
711 3485 1036 3545 cathedrali
1067 3490 1161 3545 est
1182 3487 1439 3545 functus.
1471 3486 1617 3545 Inde

335 3572 580 3632 transiit
610 3574 1059 3652 Norimbergam
1105 3575 1478 3635 concionator
1522 3593 1616 3634 ec-

336 3660 545 3721 clesiae
579 3681 622 3720 8.
658 3663 894 3722 Sebaldi
927 3668 988 3723 et
1017 3683 1199 3740 prope
1247 3683 1375 3723 eam
1405 3663 1613 3723 urbem

335 3750 675 3824 parochiam
750 3753 918 3812 rexit.
996 3753 1252 3829 Scripsit
1312 3756 1617 3829 praeterea

335 3839 641 3899 chronicon
719 3848 1108 3920 auyustanum
1183 3844 1615 3901 ecclesiasticum

335 3928 407 3986 ad
459 3949 509 3989 a.
553 3939 712 3993 1481
773 3949 840 3989 ex
889 3932 1169 3991 mandato
1220 3931 1314 3990 sui
1362 3932 1613 4002 abbatis,

334 4018 492 4092 quod
522 4019 714 4078 edidit
744 4020 1030 4079 Pistorius
1057 4021 1265 4096 Script.
1297 4040 1409 4078 rer.
1430 4021 1612 4079 Fran-

334 4106 549 4166 cofurti
590 4118 752 4171 1607
789 4128 843 4185 p.
883 4109 1612 4191 590—614(1112,657-

338 4193 520 4273 684);
554 4199 617 4254 et
646 4196 899 4256 indicem
917 4198 1320 4257 monasteriis.
1339 4199 1612 4271 Udalrici,

335 4283 440 4358 qui
470 4288 564 4344 est
594 4285 808 4360 prioris
840 4306 932 4362 op.
983 4287 1149 4345 velut
1179 4289 1522 4347 retractatio
1554 4292 1615 4347 et

333 4371 487 4431 bona
547 4376 890 4435 monasterii
939 4376 1183 4434 historia
1234 4373 1329 4458 (ut
1378 4377 1613 4436 videtur

332 4457 616 4542 inedita);
649 4464 952 4524 chronicon
983 4461 1440 4542 norimberyense
1469 4466 1559 4528 ed.
1580 4487 1614 4524 a

330 4549 619 4628 Ludewig
668 4551 731 4611 in
781 4554 901 4616 Rel.
952 4572 1092 4616 mss,
1144 4554 1300 4624 VIII,
1349 4558 1609 4618 3—149

328 4639 687 4716 inscriptum
735 4644 1023 4702 Exoratio
1071 4663 1273 4702 rerum
1319 4651 1614 4720 qestarum

329 4727 567 4788 inclitae
600 4730 856 4791 civitatis
889 4733 1516 4810 newronbergensium
1539 4733 1613 4790 ab

408 4924 445 4990 ¹)
474 4918 558 4995 Cf.
585 4920 846 4975 Potthast
873 4939 928 4991 p.
956 4926 1017 4977 31
1033 4928 1071 4979 ⁹.

1673 2951 1830 3027 regis
1860 2952 2079 3011 iterum
2128 2954 2379 3030 gratiam
2426 2953 2570 3016 adeo
2611 2952 2955 3028 promeruit,

1672 3043 1746 3098 ut
1793 3040 1868 3098 ab
1918 3060 1985 3099 eo
2035 3042 2419 3102 adhiberetur
2466 3043 2532 3101 in
2582 3041 2955 3119 gravissimis

1673 3129 1929 3206 negotiis
1951 3131 2256 3207 ipsiusque
2276 3132 2538 3191 filiorum
2560 3131 2951 3191 constituere-

1672 3221 1777 3276 tur
1792 3223 2153 3295 praeceptor.
2187 3222 2502 3280 Recusavit
2517 3238 2763 3279 munera
2777 3238 2952 3294 quam

1674 3306 1922 3366 maxime
1955 3309 2274 3368 honorifica
2305 3313 2365 3368 et
2383 3311 2785 3385 episcopatum
2819 3328 2953 3385 pra-

1672 3414 1945 3471 gensem:
1997 3397 2345 3474 designatus
2396 3399 2707 3474 episcopus
2754 3398 2951 3473 leopo-

1673 3484 1895 3554 liensiS,
1930 3485 2181 3544 decessit
2211 3507 2260 3549 a.
2288 3497 2454 3551 1480
2490 3491 2627 3546 ante
2648 3486 2953 3545 obtentam

1672 3574 2190 3637 consecrationem.
2224 3575 2390 3633 Inter
2406 3576 2805 3650 amplissimos
2818 3593 2950 3651 pro·

1672 3665 1890 3722 ventus
1923 3664 2071 3721 vixit
2119 3683 2347 3739 pauper
2395 3664 2595 3723 omnia
2640 3683 2751 3723 sua
2798 3664 2953 3725 bona

1672 3751 2038 3826 profundens
2071 3754 2136 3812 in
2166 3754 2265 3830 pia
2301 3772 2478 3829 opera
2513 3756 2693 3827 atque
2723 3753 2788 3811 in
2817 3771 2950 3830 ege-

1669 3837 1862 3922 11082).
1927 3841 2132 3916 Neque
2179 3843 2394 3902 studiis
2440 3842 2723 3901 literariis
2766 3842 2951 3900 absti-

1671 3929 1823 3999 nuit,
1859 3949 2114 4004 quorum
2143 3932 2375 3990 fructus
2396 3933 2538 3991 sunt
2557 3932 2731 4007 plura
2753 3950 2949 4007 opera,

1672 4037 1829 4091 quae
1890 4019 2135 4082 collecta
2194 4022 2546 4097 prodierunt
2599 4040 2738 4080 cura
2788 4020 2949 4079 Alex.

1670 4107 2218 4169 Przezdziecki
2261 4110 2945 4174 cracoviae1863—87

1669 4200 1711 4254 t.
1756 4207 1830 4260 14
1864 4198 1926 4256 in
1964 4208 2037 4269 4.,
2087 4200 2249 4259 inter
2296 4219 2449 4275 quae
2499 4200 2728 4275 potiora
2777 4203 2950 4263 sunt:

1669 4286 1970 4346 Historiae
1994 4291 2289 4363 polonicae
2308 4291 2363 4352 ll.
2379 4289 2554 4348 XIII
2569 4290 2641 4347 ab
2658 4289 2947 4363 antiquis-

1669 4376 1833 4434 simis
1884 4379 2253 4453 temporibus
2302 4379 2373 4437 ad
2425 4399 2472 4435 a.
2534 4387 2718 4450 1480,
2775 4377 2863 4436 ed.
2916 4396 2949 4434 a

1750 4569 1786 4637 ¹)
1814 4565 1896 4620 Cf.
1923 4565 2158 4635 Wegele
2184 4566 2317 4636 allg.
2347 4567 2399 4621 d.
2427 4567 2951 4638 Biogr.21‚·264-66;

1670 4636 1937 4691 Potthast
1960 4656 2017 4708 p.
2045 4641 2165 4694 783.

1742 4711 1785 4775 ¹)
1814 4708 1896 4762 Cf.
1924 4707 2203 4763 Stemmer
2228 4708 2340 4762 KL.
2368 4708 2464 4772 111,
2492 4712 2662 4767 1864:
2705 4709 2747 4762 O
2766 4726 2800 4760 u
2822 4707 2949 4760 din

1673 4779 1766 4843 111,
1792 4784 2073 4836 2635—41
2095 4800 2106 4839 ς
2135 4779 2426 4833 Fabricius
2452 4780 2495 4843 1,
2520 4783 2625 4835 455
2651 4795 2752 4838 sS.;
2794 4778 2948 4831 Pott·

1668 4850 1797 4904 hast
1822 4870 1877 4920 p.
1905 4854 2010 4908 380
2035 4868 2122 4915 ss„
2152 4851 2252 4904 ubi
2279 4851 2633 4905 literaturam
2661 4847 2949 4918 copiosam

1670 4921 1740 4976 de
1767 4938 1832 4975 eo
1857 4922 2123 4992 reperies.
