3475 5364
964 372 1104 423 1109
1126 371 1334 422 --1141.
1361 365 1673 436 Theologia
1700 366 1814 436 pol.
1843 364 1925 418 De
1951 367 2313 430 eucharistia,
2342 367 2602 436 ing-erus,

483 383 556 436 15
3019 389 3088 439 16

474 552 843 627 quorundam
856 552 1268 611 modernorum
1285 553 1382 610 vel
1396 551 1757 627 imperitiam
1811 552 2144 629 apocrypha
2202 552 2446 628 profert,
2510 553 2657 629 quin
2734 555 3093 613 sententiam

474 642 569 702 vel
599 660 856 700 errorem
904 641 1205 718 singulare
1250 641 1610 717 praesidium
1655 642 1758 700 de·
1814 660 1980 699 suam
2002 641 2284 718 genuinis
2306 642 2500 718 iisque
2517 643 2847 718 perspicuis
2863 644 3094 719 copiose

474 732 784 806 reliquit‘.
818 731 1266 806 Comparatione
1297 748 1437 789 vero
1471 731 1760 788 instituta
1816 731 2086 806 probet‘.
2134 731 2380 806 Saepius
2413 731 2640 807 prodiit
2668 732 2953 791 eximium
2985 733 3095 792 hoc

474 822 633 880 inter
658 816 1270 900 Lanfrancum(p.
1301 818 1509 895 1089).
1545 819 1757 878 Guit-
1813 821 2186 896 opusculum,
2265 838 2333 878 ex
2397 820 2801 897 recognitione
2864 822 3095 881 Erasmi

473 909 833 968 mundum
868 906 951 990 (fl.
985 914 1237 968 exeunte
1270 926 1380 967 sec.
1401 903 1527 989 XI.)
1560 910 1757 967 etAl-
1814 909 2092 985 Friburgi
2128 910 2191 971 B.
2234 918 2434 978 15303
2477 909 2748 968 Coloniae
2790 919 2987 979 1535;
3035 916 3096 969 et

474 1018 738 1076 gerum
784 999 868 1056 ita
912 1002 1142 1057 censet:
1208 998 1478 1068 ‚Horum
1526 998 1756 1072 primus
1812 998 1948 1056 aliis
2009 997 2376 1056 editionibus
2427 998 2662 1057 omissis
2711 1017 2852 1058 cura
2897 1000 3095 1059 Malou

474 1089 811 1147 deveritate
832 1087 1093 1161 corporis
1111 1087 1499 1163 etsanguinis
1518 1087 1755 1157 Christi,
1811 1087 2059 1145 Lovanii
2113 1096 2298 1159 1847,
2362 1089 2424 1144 et
2483 1090 2691 1146 nostra
2735 1107 2876 1147 cura
2939 1090 3096 1148 inter

474 1197 626 1253 quae
658 1179 1149 1235 sacramentorum
1198 1176 1491 1234 velamine
1524 1176 1755 1252 obtegi·
1814 1176 2104 1251 opuscula
2124 1176 2340 1236 selecta
2363 1194 2437 1238 ss,
2459 1176 2569 1239 ΡΡ.
2584 1180 2629 1234 t.
2651 1185 2750 1240 23.
2773 1177 3096 1253 Oeniponti

473 1269 593 1337 tur,
627 1267 794 1335 bene,
816 1266 1009 1341 plene,
1032 1266 1319 1341 perfecte3
1357 1283 1612 1339 sequens
1633 1283 1757 1324 me·
1821 1274 2006 1329 1878.
2033 1264 2408 1340 Subjecimus
2430 1266 2702 1323 libellum
2727 1268 2796 1324 de
2809 1268 3097 1340 sacrificio

474 1356 608 1421 lius,
628 1353 1503 1431 pleniuS,perfectiusmltimus
1517 1354 1757 1429 optime,
1813 1356 2027 1413 missae
2056 1353 2176 1413 scil.
2208 1354 2449 1413 brevem
2470 1355 2722 1413 Canonis
2755 1357 3097 1431 explicatio-

474 1443 1277 1521 plenissime,perfectissime
1291 1442 1598 1516 disseruit,
1612 1443 1757 1502 adeo
1812 1462 1945 1501 nem
1980 1462 2013 1501 a
2046 1443 2301 1502 Theiner
2330 1462 2362 1501 e
2394 1442 2518 1502 cod.
2552 1444 2867 1520 parisiensi
2900 1453 3097 1504 trans·

472 1538 545 1592 ut
574 1534 728 1591 nihil
761 1533 944 1591 etiam
989 1530 1501 1607 scrupulosissimo
1547 1533 1757 1591 lectori
1814 1534 2122 1607 sumptum
2173 1536 2235 1590 et
2282 1551 2316 1589 a
2377 1531 2723 1592 doctissimo
2775 1535 2927 1592 card.
2979 1533 3094 1592 Mai

476 1621 879 1698 quaerendum
901 1621 1217 1696 reliquerit
1232 1617 1341 1701 ¹).‘
1365 1620 1757 1697 Praecipuum
1814 1625 2118 1696 tamquam
2151 1621 2354 1698 Algeri
2395 1625 2470 1684 tr.
2504 1622 2835 1698 genuinum
2867 1623 3096 1681 editum

474 1711 745 1787 ejusdem
775 1729 924 1786 opus
950 1712 1073 1785 jam
1108 1709 1417 1767 laudatum
1458 1709 1593 1780 fuit,
1631 1711 1754 1773 scil.
1813 1711 1878 1768 in
1911 1709 2126 1785 Script.
2158 1716 2275 1773 vet.
2308 1729 2495 1769 novae
2515 1711 2740 1770 collect.
2757 1712 2853 1780 IX,
2881 1721 3100 1775 371—-

474 1801 562 1860 De
592 1802 974 1858 sacramentis
1020 1801 1281 1874 corporis
1341 1805 1391 1855 et
1451 1802 1759 1876 sanquinis
1818 1809 1960 1862 375.
2025 1799 2229 1874 Algeri
2278 1802 2586 1875 praeterea
2632 1804 2777 1859 sunt
2815 1801 2854 1858 l.
2887 1803 2956 1859 de
2985 1802 3096 1859 mi-

474 1886 698 1948 domim'
741 1889 804 1955 ll,
854 1899 887 1950 3
939 1892 1235 1955 constans,
1284 1886 1346 1945 in
1394 1906 1653 1962 quorum
1709 1900 1757 1950 l.
1813 1889 2154 1963 seriem-dia,
2184 1888 2428 1964 justitia
2459 1892 2522 1947 et
2551 1889 2623 1947 de
2655 1890 2779 1948 illis
2802 1890 2908 1966 qui
2929 1895 3100 1949 extra

473 1979 788 2037 veritatem
836 1977 1014 2036 realis
1076 1976 1446 2053 praesentiae
1498 1978 1759 2052 corporis
1815 1977 2136 2035 Ecclesiam
2184 1972 2750 2058 (excommunicatis,
2783 1978 3096 2049 damnatis,

474 2066 693 2126 Christi
739 2067 801 2124 in
845 2067 955 2125 hoe
1000 2066 1365 2124 sacramento
1412 2066 1759 2143 explicando
1815 2066 2221 2135 schismaticis,
2256 2062 2596 2148 haereticis)
2636 2085 2786 2142 opus
2810 2068 2968 2142 juris
3000 2086 3097 2126 ca-

474 2156 685 2234 probat
716 2161 777 2214 et
795 2154 1173 2213 discutiendo
1194 2154 1528 2223 confirmat3
1561 2156 1622 2212 in
1640 2156 1679 2213 1.
1700 2165 1756 2217 2.
1814 2155 2009 2213 nonici
2044 2156 2492 2231 systematicum
2539 2156 2611 2214 de
2658 2156 2974 2232 disciplina
3004 2174 3097 2215 ec·

474 2249 638 2305 totus
683 2248 775 2304 est
818 2245 882 2302 in
932 2243 1231 2302 solvendis
1281 2243 1755 2317 quaestionibuS,
1815 2244 2158 2313 clesiastica,
2207 2244 2273 2302 in
2317 2263 2435 2319 quo
2485 2244 2747 2303 ostendit
2777 2246 2999 2320 quibus
3033 2246 3097 2303 in

475 2353 627 2411 quae
661 2334 731 2393 de
764 2333 1027 2403 materia,
1062 2331 1469 2390 accidentibus
1506 2335 1568 2391 et
1587 2333 1755 2391 effec-
1813 2332 2048 2391 casibus
2081 2332 2488 2391 misericordia
2519 2334 2823 2403 servanda,
2858 2334 3098 2410 quando

475 2426 640 2482 tibus
673 2424 853 2498 hujus
888 2421 1235 2481 sacramenti
1277 2422 1501 2479 moveri
1534 2422 1757 2492 solent3

476 2514 541 2571 in
577 2521 632 2575 3.
667 2514 703 2572 l.
736 2512 1052 2588 impugnat
1070 2529 1137 2568 ex
1154 2514 1410 2586 patrum,
1430 2510 1759 2588 Augustini

476 2600 845 2678 praesertim,
881 2599 1151 2658 doctrina
1173 2598 1580 2658 waldensium
1614 2605 1760 2658 tunc

476 2694 910 2750 succrescentes
959 2707 1185 2747 errores
1236 2689 1307 2747 de
1353 2690 1653 2765 probitate
1698 2692 1760 2748 et

477 2780 793 2839 sanctitate
837 2778 1097 2838 ministri
1138 2777 1212 2836 ad
1256 2783 1757 2837 sacramentorum

474 2871 730 2928 valorem
766 2868 1070 2942 requisita.
1136 2868 1408 2937 ,Fateor,
1454 2868 1655 2944 inquit
1685 2869 1758 2927 cl.

478 2952 810 3040 Malou2),
860 2961 1157 3015 auctorem
1208 2959 1497 3026 nostrum,
1551 2976 1758 3031 quam-

476 3067 652 3123 quam
700 3047 774 3105 ab
820 3045 1158 3106 eruditione
1201 3045 1416 3104 merito
1460 3046 1756 3116 laudetur,

476 3140 677 3195 tamen
711 3135 808 3193 hic
825 3136 950 3194 illic
981 3136 1205 3210 scripta
1235 3141 1473 3209 patrum
1509 3153 1755 3212 apocry-

1816 2422 2019 2497 potius
2043 2422 2289 2496 justitia
2320 2422 2657 2480 exercenda.
2719 2423 2803 2480 Eo
2836 2424 3094 2482 multum

1819 2529 1965 2569 usus
1997 2513 2093 2569 est
2122 2511 2171 2569 G
2188 2511 2341 2568 rati
2359 2530 2506 2569 anu
2524 2529 2550 2569 s
2583 2510 2644 2570 in
2667 2511 2969 2571 condendo
2989 2531 3099 2571 suo

1815 2600 2051 2658 decreto
2066 2599 2130 2676 ¹),
2145 2599 2235 2658 ed.
2248 2620 2281 2658 a
2295 2600 2559 2659 Mai-tene
2570 2600 2635 2658 in
2650 2602 2798 2660 thes.
2815 2600 3016 2660 anecd.
3029 2599 3098 2670 V,

1827 2700 2023 2760 10193
2070 2693 2132 2747 et
2160 2691 2197 2748 1.
2231 2691 2300 2747 de
2330 2690 2504 2748 libero
2550 2691 2797 2750 arbitrio
2830 2711 2864 2750 a
2895 2691 3005 2750 Pez
3037 2690 3099 2750 in

1816 2779 1966 2837 thes.
2013 2779 2210 2837 anecd.
2244 2778 2340 2842 IV.
2374 2799 2432 2854 p.
2471 2788 2503 2841 2
2538 2799 2672 2856 pag.
2717 2792 2829 2843 111
2881 2780 3102 2848 editus,

1815 2868 2014 2926 omnia
2074 2867 2254 2926 simul
2315 2869 2380 2926 in
2430 2869 2627 2946 Migne
2688 2871 2902 2945 patrol.
2957 2877 3098 2938 180,

1821 2965 2186 3020 727-—972.
2248 2957 2392 3033 Ejus
2443 2959 2715 3034 epistolae
2761 2958 2918 3016 sicut
2967 2962 3027 3016 et
3060 2958 3101 3016 1.

1814 3047 1883 3104 de
1929 3046 2166 3119 juribus
2214 3047 2494 3105 ecclesiae
2544 3047 2862 3106 leodiensis
2913 3047 3099 3105 inter-

1815 3134 2104 3197 ciderunt.
2116 3136 2291 3197 —De
2307 3135 2593 3195 fractione
2606 3137 2866 3213 corporis
2879 3136 3100 3195 Christi

475 3226 592 3301 pha
622 3229 728 3284 aut
759 3225 943 3284 libros
963 3224 1253 3300 genuinos
1275 3224 1388 3282 sub
1411 3223 1758 3282 nominibus
1814 3241 1932 3282 non
1982 3224 2132 3282 bene
2182 3224 2472 3283 disseruit
2520 3225 2680 3282 Abb
2699 3224 2944 3284 audus
2994 3224 3099 3282 ab·

478 3314 884 3390 supposititiis
946 3313 1233 3389 allegasse
1268 3357 1280 3369 .
1315 3360 1328 3374 .
1362 3364 1374 3376 .
1439 3313 1541 3371 sed
1618 3313 1759 3371 haec
1814 3308 1983 3395 bas2)
2028 3332 2075 3370 c.
2118 3323 2282 3377 1130
2331 3317 2536 3372 contra
2581 3313 2642 3373 P.
2678 3314 3098 3387 Abaelardum‚

476 3403 689 3462 menda
721 3403 937 3480 Algero
968 3402 1139 3461 facile
1172 3401 1560 3460 condonanda
1593 3405 1756 3471 sunt,
1814 3421 1992 3478 quem
2024 3401 2323 3461 immerito
2356 3402 2688 3479 impugnat.
2741 3405 2990 3461 Brevem
3024 3405 3098 3464 tr.

475 3492 656 3567 idque
686 3510 806 3551 non
837 3494 1072 3550 tantum
1097 3492 1172 3550 ob
1194 3509 1505 3561 summam,
1530 3510 1648 3565 qua
1666 3492 1759 3566 ip·
1814 3491 2003 3549 edidit
2036 3491 2420 3550 Mabillonius
2441 3492 2705 3550 Analect.
2740 3495 2782 3550 t.
2809 3502 2842 3554 3
2879 3495 2939 3549 et
2958 3490 3100 3551 inde

477 3581 602 3640 sius
624 3585 783 3639 aetas
801 3580 1126 3650 laborabat,
1152 3580 1444 3638 librorum
1472 3580 1757 3654 inopiam,
1814 3581 2015 3657 Migne
2047 3580 2259 3655 patrol.
2301 3591 2442 3651 166,
2489 3590 2670 3644 1339.

477 3690 686 3729 verum
717 3671 896 3729 etiam
916 3669 1061 3745 quia
1082 3687 1388 3743 nunquam
1414 3669 1762 3728 testimonia

586 3933 627 4000 ¹)
655 3930 722 3982 In
762 3927 959 3982 eadem
1001 3928 1139 3983 bibl.
1169 3927 1414 3983 cluniac.
1456 3945 1511 3996 p.
1540 3929 1645 3982 794
1672 3927 1760 3979 ed.

477 3999 649 4070 paris.
680 4009 831 4057 1614.
885 4000 1045 4054 Hanc
1080 4002 1274 4053 tamen
1315 4014 1615 4051 censuram
1643 3997 1697 4050 M
1718 3998 1760 4051 i-

477 4072 560 4125 ch
577 4089 610 4124 a
628 4072 693 4125 el
731 4088 765 4124 a
791 4091 832 4125 s.
861 4070 1073 4141 Joseph
1101 4071 1163 4126 in
1189 4086 1289 4122 sua
1322 4068 1761 4140 Bibliographia

476 4142 601 4198 crit.
628 4144 669 4196 1.
701 4150 801 4199 188
826 4143 912 4197 ita
941 4142 1356 4211 interpretatur
1381 4164 1391 4194 ε
1421 4141 1609 4205 ..Quae
1637 4157 1761 4194 cen-

477 4231 607 4268 sura
645 4216 807 4284 justa
850 4214 1017 4268 nobis
1063 4213 1311 4276 videtur,
1358 4213 1405 4265 si
1450 4212 1510 4265 in
1563 4212 1760 4295 Algeri

477 4302 645 4356 opere
658 4286 965 4356 praecipue
977 4283 1597 4355 specteturamplitudo
1618 4301 1763 4351 ejus-

1918 3767 1971 3817 8.
1988 3759 2073 3816 De
2092 3776 2332 3832 corpore
2349 3763 2411 3816 et
2425 3758 2719 3834 sanguine
2732 3759 2799 3821 D.
2812 3759 2867 3817 J.
2880 3757 3097 3816 Christi

1816 3850 1879 3905 et
1905 3846 1981 3906 de
2011 3847 2283 3922 pluribus
2303 3847 2437 3906 aliis
2456 3849 2840 3906 sacramentis
2859 3847 3100 3906 disserit

1818 3936 1866 3994 G
1881 3955 1915 3995 o
1933 3936 1998 3993 fr
2014 3936 2034 3994 i
2049 3936 2084 3994 d
2103 3955 2143 3994 u
2160 3955 2188 3995 s
2265 3937 2421 3994 claro
2502 3939 2563 3994 et
2636 3937 2825 3995 nobili
2886 3955 3100 4013 genere

1817 4024 1975 4102 apud
2012 4026 2364 4101 Andegavos
2399 4027 2579 4084 natus
2590 4020 2661 4108 ³).
2695 4026 2893 4084 Prima
2907 4029 3100 4084 aetate

1932 4286 1970 4354 ι)
1999 4280 2081 4336 cf.
2102 4281 2247 4337 nist.
2266 4282 2349 4337 lit.
2369 4283 2463 4336 111.
2485 4285 2697 4341 58--67
2719 4302 2730 4341 ς
2756 4281 2945 4337 Kober
2958 4281 3100 4343 ΚΒ.»

477 4357 605 4411 dem
634 4357 914 4427 copiaque
930 4360 989 4410 et
1005 4358 1234 4410 ubertas
1250 4355 1611 4420 eruditionis,
1627 4371 1762 4408 nam
1818 4354 1860 4418 1,
1888 4361 2022 4413 544;
2061 4354 2113 4406 H
2129 4359 2166 4407 fl
2183 4354 2211 4406 f
2221 4355 2249 4405 t'
2259 4371 2332 4408 er
2358 4354 2621 4424 Beitrage
2647 4372 2750 4408 zur
2773 4353 2973 4407 Gesch.
3002 4354 3103 4408 der

477 4427 785 4483 Lanfranci
811 4446 954 4498 opus
981 4427 1372 4498 praestantius
1413 4427 1656 4482 forsitan
1683 4426 1762 4480 vi·
1820 4425 2058 4490 Quellen
2085 4426 2182 4478 des
2202 4425 2641 4480 Kirchenrechts
2666 4426 2747 4480 im
2769 4424 3102 4481 Mittelalter

477 4499 663 4564 detur,
714 4499 762 4554 si
812 4500 883 4553 ad
936 4516 1139 4554 nervos
1194 4500 1318 4569 ejus
1379 4502 1438 4552 et
1494 4497 1764 4553 dictionis
1823 4502 1975 4557 1862,
2008 4504 2196 4561 1-66,
2225 4497 2324 4552 ubi
2350 4497 2690 4551 describitur
2717 4496 2890 4550 etiam
2918 4496 3102 4566 ipsius

479 4570 817 4639 qualitatem
832 4571 1216 4627 attendamus.
1234 4570 1495 4625 Ceterum
1509 4571 1578 4623 cf.
1596 4570 1764 4640 plura
1818 4573 1949 4623 liber
1959 4574 2342 4623 sententiarum
2354 4587 2534 4628 mem-‚z
2548 4568 2801 4622 Maassen
2818 4568 2878 4622 in
2894 4569 3102 4623 Poezl's

476 4642 580 4697 dei
624 4660 684 4697 so
704 4643 765 4696 in
780 4643 925 4696 Hist.
951 4643 1037 4698 lit.
1055 4642 1123 4696 de
1142 4642 1764 4705 FranceXl,158—67:
1821 4639 1954 4694 krit.
1984 4639 2481 4709 Vierteljahrschr.
2510 4641 2577 4703 V,
2607 4647 2905 4697 186—214.

479 4714 576 4768 Cei
604 4713 708 4768 lier
731 4714 879 4778 XIV,
897 4720 1112 4779 379·86‚
1137 4716 1323 4782 deque
1351 4713 1476 4794 ejus
1501 4712 1765 4765 doctrina

1896 4714 1936 4781 ²)
1965 4711 2045 4766 Cf.
2075 4711 2218 4764 Hist.
2257 4710 2346 4765 lit.
2387 4711 2456 4765 de
2494 4713 2551 4767 la
2579 4710 2792 4766 France
2819 4712 2938 4774 ΧΠ,
2965 4720 3098 4771 444.

477 4787 631 4856 apud
662 4784 900 4839 Werner
925 4784 1165 4840 Gerbert
1183 4803 1230 4844 v,
1250 4786 1525 4839 Aurillac.
1556 4802 1611 4855 p.
1646 4788 1766 4840 182·
1822 4781 2069 4838 Michael
2093 4799 2127 4835 a
2154 4800 2196 4835 s.
2223 4781 2340 4837 Jos.
2366 4783 2430 4835 in
2457 4782 2723 4854 bibliogr.
2751 4783 2875 4837 crit.
2907 4789 2951 4844 1,
2977 4787 3028 4840 8.

481 4862 626 5000 1873)
655 4930 714 4983 ln
743 4930 919 5000 praef.
948 4944 1082 4982 suae
1109 4928 1196 4981 ed.
1224 4927 1549 4998 praemissa.

1930 4861 1970 4911 ⁸)
2001 4853 2083 4909 Cf.
2112 4854 2297 4908 Gallia
2337 4854 2529 4907 christ.
2571 4871 2720 4908 nova
2759 4854 2908 4916 VIII,
2946 4857 3098 4912 1368:

1825 4924 1973 4980 Hist.
2013 4925 2098 4978 lit.
2141 4925 2232 4986 XI,
2278 4928 2558 4983 177—208
2597 4942 2667 4981 ss.
2709 4924 2863 4996 apud
2905 4923 3100 4994 Migne
