3475 5364
380 379 500 431 817

377 549 592 607 reticae
610 545 922 621 pravitatis
943 546 1309 605 constitutus
1326 546 1662 621 inquisitor.

380 635 721 711 Disputavit
750 637 955 693 contra
984 635 1249 704 Husitas,
1283 654 1538 711 quorum
1572 653 1662 693 er-

376 743 538 783 rores
568 724 668 783 vel
683 723 1135 800 Heidelbergam
1168 742 1361 799 usque
1389 727 1663 801 penetra-

377 817 539 884 runt,
557 813 797 871 Hieron.
828 814 1199 890 Pragensem‚
1236 818 1442 872 contra
1468 813 1661 872 scabi-

377 922 586 962 norum
603 899 820 961 occulti
829 901 1044 977 judicii
1081 899 1422 983 (Feymeros
1446 903 1661 961 Vehm·

375 990 618 1070 richter)
653 991 1142 1066 superstitionem
1155 995 1263 1050 etc.
1299 992 1403 1051 Vir
1418 1010 1663 1069 magnae

377 1080 750 1140 auctoritatis
801 1083 929 1138 erat
974 1081 1037 1138 in
1088 1080 1388 1140 academia
1438 1081 1658 1140 heidel-

379 1169 653 1247 bergensi
674 1167 733 1244 (†
760 1180 786 1231 1
803 1178 856 1232 3.
879 1170 1010 1245 Maj.
1040 1165 1250 1249 1440).
1283 1170 1368 1228 Ex
1386 1170 1664 1245 pluribus

377 1257 640 1334 ejusdem
659 1258 897 1333 scriptis
916 1258 1209 1334 prodiisse
1228 1258 1512 1319 videntur
1529 1262 1662 1318 tan-

377 1355 510 1406 tum
542 1348 844 1406 Sermones
874 1348 1205 1422 perbreves,
1253 1349 1357 1407 sed
1402 1350 1659 1408 multum

1206 360 1539 429 Lagenator.
1570 361 1813 414 Thomas
1840 359 2181 414 waldensiS.

2874 377 2997 433 818

1720 545 1794 603 ad
1812 550 2248 604 sacramentum
2280 545 2678 620 poenitentiae
2698 544 3001 604 illustran-

1718 636 1860 694 dum
1894 638 1954 694 et
1985 634 2411 694 confessionem
2442 633 2805 711 probandam
2838 652 3002 710 spec-

1721 727 1868 782 tant.
1907 724 2226 783 Henricum
2263 723 2377 792 VI.‚
2430 724 2528 782 cui
2558 722 2786 799 pariter
2814 728 2941 782 erat
2971 744 3006 781 a

1719 813 2188 873 confessionibus
2220 816 2281 872 et
2313 832 2347 870 a
2377 814 2633 884 secretiS,
2685 813 3004 872 comitatus

1719 907 1812 961 est
1856 902 2115 961 Parisios
2159 902 2235 960 ad
2280 902 2738 971 coronationem,
2790 901 3002 978 quoin

1720 992 1935 1051 itinere
1966 991 2223 1050 decessit
2240 991 2553 1067 Rotomagi
2575 999 2629 1053 3.
2644 991 2792 1051 Nov.
2820 999 3003 1054 1430.

1719 1081 1986 1140 Praefuit
2003 1079 2304 1139 sodalibus
2333 1079 2717 1156 provincialis
2747 1098 3003 1139 munere.

1721 1172 1962 1237 ‚Doctor
2036 1169 2607 1245 praestantissimus‘
2680 1169 3002 1238 salutatur,

1720 1258 2151 1318 haereticorum
2168 1258 2435 1317 omnium
2451 1258 2718 1327 malleus,
2742 1276 2862 1317 non
2881 1260 3004 1317 tam

1724 1347 2050 1409 Waldensis
2073 1367 2253 1423 quam
2266 1347 2511 1406 Validus
2527 1347 2818 1406 Ecclesiae
2841 1347 3005 1406 ensis

376 1436 671 1495 notabiles
687 1439 748 1495 et
764 1436 1042 1495 formales
1063 1437 1134 1495 de
1154 1438 1662 1513 tempore‚Ulmae
1719 1438 2153 1513 nuncupandus
2200 1439 2308 1495 etc.
2355 1440 2415 1494 et
2458 1436 2617 1495 inter
2660 1436 3004 1512 praecipuos

377 1547 419 1584 s.
455 1545 501 1584 a.
535 1529 599 1584 at
619 1546 674 1583 n.
691 1526 1050 1602 typographi
1066 1521 1131 1608 ¹).
1153 1559 1237 1568 —
1260 1527 1478 1587 Contra
1496 1527 1540 1583 F
1556 1546 1661 1585 ra—

378 1620 403 1671 t
419 1635 448 1672 r
463 1615 483 1672 i
499 1633 529 1673 c
544 1634 575 1672 e
590 1615 649 1673 ll
665 1632 700 1673 0
717 1633 744 1673 s
777 1616 980 1689 plures
1009 1619 1082 1673 tr.
1119 1611 1426 1692 (ineditos)
1462 1615 1663 1675 emisit

1720 1527 1944 1586 ordinis
1965 1527 2271 1602 theologos
2288 1525 2707 1584 numerandus
2743 1525 3005 1584 Plurima

1721 1617 1967 1692 reliquit
2026 1615 2252 1690 scripta
2265 1612 2330 1696 1),
2395 1633 2463 1673 ex
2514 1615 2735 1688 quibus
2784 1613 3007 1691 prodiit

379 1704 693 1762 Gabriel
726 1704 798 1762 de
831 1703 1228 1763 Garofolis
1261 1704 1423 1763 OSA.
1456 1706 1658 1780 Spole·
1722 1704 1907 1786 (intra
1962 1725 2011 1763 a.
2072 1700 2531 1780 1415—1429‘)
2596 1703 2758 1779 quod
2817 1705 3007 1763 instar

379 1799 574 1860 tanus,
611 1792 713 1868 qui
747 1810 959 1868 regens
993 1793 1331 1852 studiorum
1363 1795 1662 1853 Bononiae
1720 1796 1983 1854 omnium
2045 1797 2153 1857 est,
2204 1793 2539 1852 Doctrinale
2600 1795 3006 1869 antiquitatum

377 1882 651 1941 interfuit
698 1882 947 1941 concilio
993 1882 1217 1958 pisano.
1286 1883 1530 1942 Crestus
1572 1886 1664 1941 est
1716 1885 1852 1957 fidei
1882 1883 2163 1943 ecelesiae
2194 1882 2515 1941 catholicae
2546 1882 2832 1941 adversus
2855 1882 3004 1941 Wie-

378 1971 693 2047 episcopus
713 1972 1034 2030 nucerinus
1069 1980 1123 2034 8.
1157 1971 1298 2032 Jun.
1340 1982 1527 2038 1429,
1562 1972 1662 2031 de·

377 2060 670 2135 cessitque
714 2069 803 2122 16.
837 2060 959 2126 Jul.
1002 2069 1185 2123 1433.

468 2247 611 2301 407.
633 2238 756 2297 Hos
782 2256 983 2297 omnes
1008 2238 1313 2314 praecellit
1343 2239 1387 2296 Τ
1405 2239 1443 2296 h
1460 2258 1493 2299 o
1512 2260 1569 2297 m
1585 2260 1620 2296 a
1636 2257 1663 2297 s

378 2327 654 2385 Netter
685 2326 748 2385 Ο.
785 2328 965 2386 Carm.
999 2328 1182 2404 vulgo
1218 2327 1663 2387 Waldensis

379 2416 828 2492 cognominatus
856 2435 926 2475 ex
948 2416 1080 2475 vico
1109 2417 1352 2475 Walden
1369 2417 1435 2475 in
1452 2418 1667 2494 Anglia

381 2525 424 2564 e.
469 2514 631 2568 1380
666 2509 851 2564 ortus.
916 2505 1127 2564 Oxonii
1178 2505 1395 2564 studiis
1429 2525 1664 2582 operam

381 2594 544 2654 dedit
574 2597 754 2669 atque
784 2595 1047 2653 lauream
1066 2594 1412 2655 doctoratus
1434 2614 1659 2671 prome-

380 2685 522 2747 ruit.-
552 2685 645 2742 Ab
676 2684 929 2742 Henrico
961 2684 1057 2743 IV.
1093 2685 1166 2744 ad
1197 2702 1355 2745 conc.
1388 2686 1662 2760 Pisanum

380 2793 429 2831 a.
471 2783 635 2836 1409
668 2773 786 2831 fuit
818 2774 1056 2843 missus,
1104 2774 1169 2833 in
1201 2793 1319 2849 quo
1350 2792 1457 2850 pro
1479 2774 1664 2834 schis-

382 2868 537 2921 mate
568 2862 833 2922 tollendo
865 2865 1107 2922 strenue
1153 2863 1439 2922 disseruit
1472 2867 1534 2923 et
1564 2864 1660 2922 ad-

382 2970 583 3010 versus
601 2951 869 3027 Gregorii
901 2954 962 3010 et
976 2951 1283 3011 Benedicti
1317 2957 1515 3027 partes
1546 2952 1664 3011 for-

381 3041 527 3099 titer
542 3040 892 3116 disputavit.
927 3040 1183 3099 Henrico
1205 3041 1269 3109 V.
1304 3045 1433 3100 erat
1460 3061 1495 3099 a
1527 3060 1663 3101 con-

381 3128 736 3188 fessionibus
770 3132 830 3188 et
861 3129 1139 3188 consiliis.
1179 3130 1394 3188 Contra
1430 3131 1663 3190 Wiclef-

381 3217 506 3276 fum
560 3218 854 3297 pugnavit
904 3236 1082 3277 verus
1132 3218 1266 3276 fidei
1301 3220 1488 3296 pugil,
1523 3219 1667 3280 adeo

381 3311 452 3365 ut
482 3325 680 3384 regem
701 3308 858 3366 inter
873 3307 1344 3367 concionandum
1369 3308 1668 3367 socordiae

382 3397 444 3454 in
493 3396 814 3471 puniendis
860 3396 1170 3456 haereticis
1215 3396 1432 3455 acriter
1479 3398 1666 3456 incre-

384 3504 521 3561 pare
551 3504 670 3545 non
705 3485 786 3544 sit
816 3486 1059 3544 veritae.
1092 3489 1143 3545 A
1162 3504 1302 3563 rege
1334 3487 1555 3545 missus
1575 3490 1669 3545 est

382 3575 637 3634 nuncius
659 3578 719 3633 et
738 3577 936 3633 orator
953 3574 1026 3633 ad
1042 3574 1358 3633 concilium
1387 3579 1664 3634 constan-

1719 1973 1935 2031 leffitas
1987 1975 2048 2031 et
2096 1972 2344 2031 Husitas
2391 1976 2433 2030 t.
2470 1981 2505 2033 3
2556 1977 2649 2051 (Nex
2701 1968 3004 2050 quatuor),

1721 2064 1783 2120 in
1831 2081 2084 2138 quorum
2144 2075 2195 2123 1.
2247 2061 2370 2137 agit
2420 2061 2491 2118 de
2552 2060 2691 2130 Deo,
2756 2061 3004 2125 Christo,

1722 2152 1914 2220 Petr0‚
1949 2150 2213 2210 Ecclesia
2257 2161 2437 2225 atque
2480 2149 2806 2227 religiosis;
2851 2150 2916 2207 in
2950 2159 3006 2211 2.

1720 2241 1794 2299 de
1829 2240 2244 2309 sacramentis3
2276 2240 2341 2297 in
2377 2249 2433 2302 3.
2466 2239 2537 2295 de
2569 2239 3003 2298 sacramentali-

1721 2331 1851 2387 buS.
1916 2330 1986 2388 In
2038 2338 2112 2398 4.,
2166 2328 2270 2403 qui
2332 2332 2532 2386 tamen
2581 2346 2700 2386 nou
2762 2327 3004 2403 prodiit,

1720 2418 2010 2496 cogitavit
2057 2436 2229 2495 agere
2276 2416 2347 2475 de
2372 2416 2638 2492 jejuniis,
2692 2415 3007 2494 indulgen·

1721 2507 1848 2576 tiis,
1886 2507 2130 2582 juribus
2180 2509 2241 2564 et
2289 2505 2774 2564 immunitatibus
2825 2507 3006 2564 eccle-

1722 2597 1999 2656 siasticis.
2064 2595 2226 2671 Opus
2256 2613 2434 2654 suum
2469 2594 2709 2653 Romam
2741 2596 2907 2653 misit
2935 2596 3005 2653 ad

1722 2686 2046 2746 Martinum
2070 2686 2134 2743 V.
2167 2703 2275 2761 pro
2308 2684 2748 2760 approbatione.
2781 2685 3009 2745 Prodiit

1723 2776 1961 2836 Parisiis
2016 2783 2356 2838 1521—32
2406 2777 2448 2832 t.
2485 2782 2556 2843 3;
2619 2774 3008 2834 Salmanticae

1735 2876 1929 2933 15663
1979 2863 2243 2924 Venetiis
2285 2860 2440 2926 1571
2484 2865 2526 2920 t.
2564 2871 2598 2923 3
2647 2863 2709 2920 in
2743 2863 2779 2919 f.
2812 2863 3008 2922 brevi-

1722 2954 1836 3013 bus
1882 2955 1936 3012 J.
1970 2955 2035 3012 B.
2068 2953 2256 3011 Rubei
2299 2951 2785 3011 annotationibus
2832 2952 3004 3010 illus-

1723 3047 1987 3111 tratum3
2047 3051 2388 3107 1757—59
2424 3059 2544 3099 cur.
2576 3041 2795 3100 Bonav.
2826 3042 3005 3099 Blan-

1722 3133 1891 3192 ciotti
1939 3137 1981 3191 t.
2044 3142 2078 3195 3
2133 3130 2195 3189 in
2245 3130 2306 3188 f..
2334 3130 2422 3188 ed.
2474 3133 2801 3205 praestans.
2865 3130 3009 3205 Ejus

1723 3221 1905 3280 etiam
1951 3239 2078 3280 esse
2124 3220 2364 3279 videtur
2411 3216 2700 3278 Fasciculi
2746 3220 3010 3278 zizanio-

1723 3330 1858 3369 rum
1904 3329 2054 3386 mag.
2101 3308 2192 3367 Jo.
2242 3307 2466 3385 Wyclif
2503 3325 2638 3366 cum
2669 3307 2885 3375 tritico,
2919 3308 3008 3367 ed.

1724 3418 1867 3457 cura
1896 3399 1984 3456 W.
2021 3398 2254 3473 Shirley
2288 3398 2448 3455 inter
2479 3415 2674 3454 rerum
2696 3396 2835 3456 brit.
2855 3397 3008 3456 med.

1723 3488 1852 3546 aevi
1902 3487 1996 3547 SS.
2043 3508 2100 3546 n.
2154 3496 2226 3555 5.,
2274 3485 2527 3545 Londini
2582 3494 2760 3548 1858.
2824 3486 3009 3561 Prop-

1723 3581 1817 3635 ter
1852 3577 2202 3635 affinitatem
2236 3577 2436 3633 autem
2471 3592 2738 3632 errorum
2770 3574 3009 3632 Wiclef-

382 3664 571 3723 tiense
610 3673 799 3733 1415,
832 3668 893 3722 et
933 3675 1097 3726 1419
1147 3664 1218 3722 ad
1252 3664 1528 3723 Poloniae
1573 3683 1664 3722 re·
1723 3666 1965 3724 sitarum
1994 3669 2055 3723 et
2087 3665 2435 3723 Husitarum
2458 3680 2593 3721 cum
2612 3663 3007 3722 innovationi-

383 3771 514 3829 gem
578 3756 639 3812 et
685 3753 1025 3811 Michaelem
1089 3753 1315 3812 ordinis
1353 3754 1668 3813 teutonici

384 3842 736 3918 magistrum
767 3860 873 3917 pro
904 3842 1310 3918 componenda
1340 3861 1498 3919 pace.
1542 3842 1670 3912 Qua

384 3931 686 3989 occasione
701 3931 1071 3990 Witholdum
1093 3932 1442 3991 Lithuaniae
1458 3932 1668 3992 ducem

384 4020 635 4079 ferocem
649 4020 916 4096 alioquin
929 4024 1245 4097 tyrannum
1255 4021 1327 4079 ad
1343 4021 1513 4080 fidem
1530 4039 1666 4081 con·

384 4110 584 4168 vertit.
634 4110 788 4167 Dum
823 4109 1104 4168 Viennam
1139 4111 1442 4187 transiret,
1478 4111 1670 4170 multa

386 4216 450 4256 se
480 4200 553 4257 ab
574 4199 859 4258 Hebraeis
892 4197 1169 4258 didicisse
1202 4202 1481 4269 testatur,
1518 4219 1670 4275 quae

391 4338 698 4347 ,ῤ’-ἐ,-

467 4430 501 4477 ¹'›
530 4423 612 4478 Cf.
653 4426 831 4477 Franz
871 4423 933 4476 in
974 4440 1005 4478 0
1054 4463 1065 4475 .
1095 4422 1202 4476 Der
1242 4422 1512 4490 Magister
1537 4421 1671 4476 Nik.

388 4494 580 4566 Magni
632 4496 701 4549 de
740 4496 945 4558 Jawor‚
1035 4494 1265 4564 reiburg
1308 4492 1346 4546 i.
1391 4492 1482 4547 Br.
1537 4497 1672 4551 1898

387 4571 647 4635 p.·84-87‚
689 4566 886 4620 Alium
912 4567 998 4620 Jo.
1026 4566 1095 4619 dc
1123 4564 1674 4618 Francofordia

389 4640 450 4693 O.
476 4638 674 4694 Praed.
703 4637 906 4691 laudat
945 4636 1142 4702 Quetif
1167 4638 1201 4699 1,
1234 4640 1354 4699 795,
1396 4652 1566 4704 quem
1592 4637 1673 4689 in-

389 4710 649 4764 terfuisse
690 4712 886 4762 narrat
922 4725 1076 4764 conc.
1115 4708 1539 4769 constantiensi,
1566 4707 1673 4761 dis-

390 4785 618 4850 putasse
647 4782 817 4836 verbo
863 4784 922 4835 et
947 4782 1157 4850 scripto
1185 4780 1455 4833 adversus
1481 4779 1674 4833 Hiero·

1724 3755 1835 3813 bus
1871 3753 2328 3828 protestantium
2349 3753 2602 3811 Thomas
2631 3770 2782 3827 opus
2799 3770 3008 3810 verum

1724 3844 1842 3903 fuit
1873 3841 2394 3902 armamentarium
2439 3859 2547 3915 pro
2581 3840 2872 3917 theologis
2905 3860 3008 3917 po-

1725 3934 1951 3992 lemicis
1986 3931 2292 4007 sequentis
2325 3930 2554 3992 aetatis.

1821 4122 1967 4175 408.
2002 4112 2216 4169 Contra
2248 4109 2576 4168 Graecos
2622 4109 3011 4185 disputarunt

1727 4201 2017 4277 sagaciter
2061 4205 2123 4259 et
2166 4198 2349 4259 solide
2394 4199 2624 4275 aliquot
2655 4197 2916 4275 theologi
2947 4199 3011 4256 in

1728 4290 1975 4350 concilio
2025 4288 2355 4351 florentino,
2407 4307 2663 4363 quorum
2711 4305 3009 4346 sermones

1729 4379 2073 4438 referuntur
2102 4379 2163 4436 in
2196 4378 2361 4435 illius
2393 4377 2628 4435 concilii
2647 4377 2813 4435 actis,
2846 4378 3011 4435 Inter

1730 4469 1835 4527 hos
1885 4467 2232 4545 praeprimis
2284 4466 2627 4525 nominandi
2674 4470 2816 4524 sunt
2877 4467 3008 4526 duo.

1731 4557 1991 4616 Summis
2026 4556 2360 4631 aequalium
2395 4556 2672 4615 encomiis
2704 4555 3014 4613 extollitur

1815 4789 1848 4836 ¹)
1876 4780 1955 4832 Ea
1984 4783 2093 4850 (49)
2121 4778 2225 4832 dili
2267 4780 2426 4832 enter
2461 4781 2754 4831 recensent
2785 4776 3011 4831 Villiers

389 4870 623 4919 nymum
670 4852 739 4905 de
785 4851 987 4922 Plaga,
1032 4852 1356 4921 exposuisse
1396 4851 1433 4907 l.
1468 4852 1591 4904 Job.
1619 4853 1676 4904 et
1731 4852 1799 4917 11,
1826 4842 2102 4911 833—42;
2132 4852 2219 4905 Ou
2261 4851 2322 4903 in
2350 4850 2442 4909 ΙΙΙ,
2472 4853 2628 4905 2214.
2658 4849 2740 4904 cf.
2769 4847 3011 4918 Seeberg

389 4923 642 4977 floruisse
671 4941 716 4978 c.
745 4929 900 4980 1440.

1733 4922 1999 4977 Realenc.
2026 4923 2201 4984 XIII-⁹,
2229 4926 2525 4978 749-753.
