<?xml version="1.0" encoding="UTF-8"?>
<!DOCTYPE html PUBLIC "-//W3C//DTD XHTML 1.0 Transitional//EN"
    "http://www.w3.org/TR/xhtml1/DTD/xhtml1-transitional.dtd">
<html xmlns="http://www.w3.org/1999/xhtml" xml:lang="en" lang="en">
 <head>
  <title>
</title>
<meta http-equiv="Content-Type" content="text/html;charset=utf-8" />
  <meta name='ocr-system' content='tesseract 3.04.00' />
  <meta name='ocr-capabilities' content='ocr_page ocr_carea ocr_par ocr_line ocrx_word'/>
</head>
<body>
  <div class='ocr_page' id='page_1' title='image "./nomenclatorlite10hurtgoog_0486.png"; bbox 0 0 3475 5364; ppageno 0'>
   <div class='ocr_carea' id='block_1_1' title="bbox 514 341 3131 1050">
    <p class='ocr_par' dir='ltr' id='par_1_1' title="bbox 514 341 3131 1050">
     <span class='ocr_line' id='line_1_1' title="bbox 518 341 3129 416; baseline 0 -20"><span class='ocrx_word' id='word_1_1' title='bbox 518 360 641 414; x_wconf 64' lang='lat'><strong>&gt;333</strong></span> <span class='ocrx_word' id='word_1_2' title='bbox 1091 344 1461 398; x_wconf 73' lang='lat'>1426—1450.</span> <span class='ocrx_word' id='word_1_3' title='bbox 1489 341 1797 414; x_wconf 82' lang='lat' dir='ltr'><strong>Theologia</strong></span> <span class='ocrx_word' id='word_1_4' title='bbox 1826 344 2070 400; x_wconf 55' lang='lat' dir='ltr'><strong>morali&amp;</strong></span> <span class='ocrx_word' id='word_1_5' title='bbox 2098 344 2129 398; x_wconf 77' lang='lat' dir='ltr'><strong>,J</strong></span> <span class='ocrx_word' id='word_1_6' title='bbox 2136 359 2345 398; x_wconf 83' lang='lat' dir='ltr'><strong>oannes</strong></span> <span class='ocrx_word' id='word_1_7' title='bbox 2376 344 2567 409; x_wconf 81' lang='lat' dir='ltr'><strong>Nider,</strong></span> <span class='ocrx_word' id='word_1_8' title='bbox 3006 363 3129 416; x_wconf 70' lang='lat'><strong>354</strong></span> 
     </span>
     <span class='ocr_line' id='line_1_2' title="bbox 515 528 3130 605; baseline 0.001 -20"><span class='ocrx_word' id='word_1_9' title='bbox 515 529 717 603; x_wconf 88' lang='lat' dir='ltr'><strong>plures</strong></span> <span class='ocrx_word' id='word_1_10' title='bbox 747 529 1016 605; x_wconf 85' lang='lat' dir='ltr'><strong>insignes</strong></span> <span class='ocrx_word' id='word_1_11' title='bbox 1037 528 1475 588; x_wconf 79' lang='lat' dir='ltr'><strong>cmcionatores</strong></span> <span class='ocrx_word' id='word_1_12' title='bbox 1496 528 1789 590; x_wconf 81' lang='lat' dir='ltr'><strong>formavit.</strong></span> <span class='ocrx_word' id='word_1_13' title='bbox 1849 529 1940 587; x_wconf 86' lang='lat' dir='ltr'><strong>nis</strong></span> <span class='ocrx_word' id='word_1_14' title='bbox 1973 547 2079 604; x_wconf 89' lang='lat' dir='ltr'><strong>per</strong></span> <span class='ocrx_word' id='word_1_15' title='bbox 2100 530 2475 588; x_wconf 80' lang='lat' dir='ltr'><strong>Germaniam</strong></span> <span class='ocrx_word' id='word_1_16' title='bbox 2499 530 2815 605; x_wconf 78' lang='lat' dir='ltr'>dispersis:</span> <span class='ocrx_word' id='word_1_17' title='bbox 2852 549 3035 605; x_wconf 89' lang='lat' dir='ltr'><strong>quare</strong></span> <span class='ocrx_word' id='word_1_18' title='bbox 3056 531 3130 588; x_wconf 86' lang='lat' dir='ltr'><strong>ab</strong></span> 
     </span>
     <span class='ocr_line' id='line_1_3' title="bbox 515 616 3131 696; baseline 0.001 -22"><span class='ocrx_word' id='word_1_19' title='bbox 515 616 777 676; x_wconf 85' lang='lat' dir='ltr'><strong>Jubente</strong></span> <span class='ocrx_word' id='word_1_20' title='bbox 810 617 1062 675; x_wconf 74' lang='lat' dir='ltr'><strong>Martiae</strong></span> <span class='ocrx_word' id='word_1_21' title='bbox 1098 616 1162 675; x_wconf 87' lang='lat' dir='ltr'><strong>V.</strong></span> <span class='ocrx_word' id='word_1_22' title='bbox 1215 617 1792 694; x_wconf 74' lang='lat' dir='ltr'><strong>hierosolymitanam</strong></span> <span class='ocrx_word' id='word_1_23' title='bbox 1848 618 2072 677; x_wconf 81' lang='lat' dir='ltr'><strong>ordinis</strong></span> <span class='ocrx_word' id='word_1_24' title='bbox 2105 619 2391 696; x_wconf 85' lang='lat' dir='ltr'><strong>magistro</strong></span> <span class='ocrx_word' id='word_1_25' title='bbox 2422 619 2682 696; x_wconf 86' lang='lat' dir='ltr'><strong>generali</strong></span> <span class='ocrx_word' id='word_1_26' title='bbox 2701 620 2902 678; x_wconf 44' lang='lat' dir='ltr'><strong>Barthi</strong></span> <span class='ocrx_word' id='word_1_27' title='bbox 2925 619 2969 677; x_wconf 86' lang='lat' dir='ltr'>T</span> <span class='ocrx_word' id='word_1_28' title='bbox 2973 620 3131 678; x_wconf 83' lang='lat' dir='ltr'><strong>exier</strong></span> 
     </span>
     <span class='ocr_line' id='line_1_4' title="bbox 516 705 3129 782; baseline 0.001 -18"><span class='ocrx_word' id='word_1_29' title='bbox 516 705 1052 782; x_wconf 78' lang='lat' dir='ltr'><strong>peregrinationem</strong></span> <span class='ocrx_word' id='word_1_30' title='bbox 1069 711 1129 765; x_wconf 88' lang='lat' dir='ltr'><strong>et</strong></span> <span class='ocrx_word' id='word_1_31' title='bbox 1143 707 1576 782; x_wconf 78' lang='lat' dir='ltr'><strong>praefecturam</strong></span> <span class='ocrx_word' id='word_1_32' title='bbox 1593 723 1792 766; x_wconf 81' lang='lat' dir='ltr'><strong>susce·</strong></span> <span class='ocrx_word' id='word_1_33' title='bbox 1848 709 2212 766; x_wconf 87' lang='lat' dir='ltr'><strong>constitutus</strong></span> <span class='ocrx_word' id='word_1_34' title='bbox 2265 712 2359 767; x_wconf 90' lang='lat' dir='ltr'><strong>est</strong></span> <span class='ocrx_word' id='word_1_35' title='bbox 2408 709 2662 767; x_wconf 79' lang='lat' dir='ltr'><strong>vicarius</strong></span> <span class='ocrx_word' id='word_1_36' title='bbox 2695 708 2957 767; x_wconf 86' lang='lat' dir='ltr'><strong>omnium</strong></span> <span class='ocrx_word' id='word_1_37' title='bbox 2993 722 3129 767; x_wconf 87' lang='lat' dir='ltr'><strong>eon-</strong></span> 
     </span>
     <span class='ocr_line' id='line_1_5' title="bbox 514 795 3127 873; baseline 0.001 -21"><span class='ocrx_word' id='word_1_38' title='bbox 514 795 618 871; x_wconf 84' lang='lat' dir='ltr'><strong>pit.</strong></span> <span class='ocrx_word' id='word_1_39' title='bbox 654 796 795 854; x_wconf 79' lang='lat' dir='ltr'><strong>Ou‘m</strong></span> <span class='ocrx_word' id='word_1_40' title='bbox 831 813 873 855; x_wconf 82' lang='lat' dir='ltr'><strong>s.</strong></span> <span class='ocrx_word' id='word_1_41' title='bbox 905 796 1305 854; x_wconf 83' lang='lat' dir='ltr'><strong>Bernardinus</strong></span> <span class='ocrx_word' id='word_1_42' title='bbox 1336 801 1636 871; x_wconf 70' lang='lat' dir='ltr'><strong>praeesset</strong></span> <span class='ocrx_word' id='word_1_43' title='bbox 1666 814 1792 855; x_wconf 91' lang='lat' dir='ltr'><strong>mo·</strong></span> <span class='ocrx_word' id='word_1_44' title='bbox 1849 801 2137 856; x_wconf 85' lang='lat' dir='ltr'><strong>ventuum</strong></span> <span class='ocrx_word' id='word_1_45' title='bbox 2154 797 2599 856; x_wconf 81' lang='lat' dir='ltr'><strong>reformatorum</strong></span> <span class='ocrx_word' id='word_1_46' title='bbox 2619 817 2725 873; x_wconf 87' lang='lat' dir='ltr'><strong>per</strong></span> <span class='ocrx_word' id='word_1_47' title='bbox 2737 798 3127 856; x_wconf 82' lang='lat' dir='ltr'><strong>Germaniam.</strong></span> 
     </span>
     <span class='ocr_line' id='line_1_6' title="bbox 515 884 3127 955; baseline 0.001 -12"><span class='ocrx_word' id='word_1_48' title='bbox 515 885 791 943; x_wconf 85' lang='lat' dir='ltr'><strong>nasteriis</strong></span> <span class='ocrx_word' id='word_1_49' title='bbox 851 885 1186 943; x_wconf 84' lang='lat' dir='ltr'><strong>reformatis</strong></span> <span class='ocrx_word' id='word_1_50' title='bbox 1248 884 1320 943; x_wconf 90' lang='lat' dir='ltr'><strong>de</strong></span> <span class='ocrx_word' id='word_1_51' title='bbox 1383 885 1790 955; x_wconf 74' lang='lat' dir='ltr'><strong>observantia,</strong></span> <span class='ocrx_word' id='word_1_52' title='bbox 1852 887 2002 943; x_wconf 90' lang='lat' dir='ltr'><strong>Dum</strong></span> <span class='ocrx_word' id='word_1_53' title='bbox 2036 887 2353 945; x_wconf 90' lang='lat' dir='ltr'><strong>concilium</strong></span> <span class='ocrx_word' id='word_1_54' title='bbox 2368 886 2697 945; x_wconf 84' lang='lat' dir='ltr'><strong>basileense</strong></span> <span class='ocrx_word' id='word_1_55' title='bbox 2714 887 3127 955; x_wconf 59' lang='lat' dir='ltr'><strong>celebraretur.</strong></span> 
     </span>
     <span class='ocr_line' id='line_1_7' title="bbox 514 971 3130 1050; baseline 0.001 -18"><span class='ocrx_word' id='word_1_56' title='bbox 514 974 628 1032; x_wconf 85' lang='lat' dir='ltr'><strong>sibi</strong></span> <span class='ocrx_word' id='word_1_57' title='bbox 661 974 875 1050; x_wconf 79' lang='lat' dir='ltr'><strong>selegit</strong></span> <span class='ocrx_word' id='word_1_58' title='bbox 905 974 1370 1032; x_wconf 74' lang='lat' dir='ltr'><strong>commissarium</strong></span> <span class='ocrx_word' id='word_1_59' title='bbox 1417 979 1478 1033; x_wconf 80' lang='lat' dir='ltr'><strong>et</strong></span> <span class='ocrx_word' id='word_1_60' title='bbox 1509 976 1789 1033; x_wconf 83' lang='lat' dir='ltr'><strong>vicarium</strong></span> <span class='ocrx_word' id='word_1_61' title='bbox 1846 975 2106 1050; x_wconf 74' lang='lat' dir='ltr'><strong>praefuit</strong></span> <span class='ocrx_word' id='word_1_62' title='bbox 2136 975 2457 1034; x_wconf 85' lang='lat' dir='ltr'><strong>conventui</strong></span> <span class='ocrx_word' id='word_1_63' title='bbox 2480 976 2815 1035; x_wconf 80' lang='lat' dir='ltr'><strong>basileensi.</strong></span> <span class='ocrx_word' id='word_1_64' title='bbox 2851 971 3130 1035; x_wconf 74' lang='lat' dir='ltr'><strong>Patribus</strong></span> 
     </span>
    </p>
   </div>
   <div class='ocr_carea' id='block_1_2' title="bbox 514 1063 3128 1142">
    <p class='ocr_par' dir='ltr' id='par_1_2' title="bbox 514 1063 3128 1142">
     <span class='ocr_line' id='line_1_8' title="bbox 514 1063 3128 1142; baseline 0 -21"><span class='ocrx_word' id='word_1_65' title='bbox 514 1063 839 1130; x_wconf 72' lang='lat' dir='ltr'><strong>Nicolaum,</strong></span> <span class='ocrx_word' id='word_1_66' title='bbox 875 1063 979 1138; x_wconf 89' lang='lat' dir='ltr'><strong>qui</strong></span> <span class='ocrx_word' id='word_1_67' title='bbox 1012 1064 1225 1138; x_wconf 87' lang='lat' dir='ltr'><strong>plenus</strong></span> <span class='ocrx_word' id='word_1_68' title='bbox 1248 1063 1458 1121; x_wconf 88' lang='lat' dir='ltr'><strong>diebus</strong></span> <span class='ocrx_word' id='word_1_69' title='bbox 1480 1066 1542 1121; x_wconf 91' lang='lat' dir='ltr'><strong>et</strong></span> <span class='ocrx_word' id='word_1_70' title='bbox 1559 1065 1790 1123; x_wconf 85' lang='lat' dir='ltr'><strong>meritis</strong></span> <span class='ocrx_word' id='word_1_71' title='bbox 1846 1064 1920 1121; x_wconf 87' lang='lat' dir='ltr'><strong>ab</strong></span> <span class='ocrx_word' id='word_1_72' title='bbox 1952 1064 2286 1123; x_wconf 80' lang='lat' dir='ltr'><strong>eruditione</strong></span> <span class='ocrx_word' id='word_1_73' title='bbox 2318 1065 2651 1142; x_wconf 77' lang='lat' dir='ltr'><strong>agendique</strong></span> <span class='ocrx_word' id='word_1_74' title='bbox 2670 1065 2909 1124; x_wconf 77' lang='lat' dir='ltr'><strong>solertia</strong></span> <span class='ocrx_word' id='word_1_75' title='bbox 2925 1079 3128 1140; x_wconf 84' lang='lat' dir='ltr'><strong>accep·</strong></span> 
     </span>
    </p>
   </div>
   <div class='ocr_carea' id='block_1_3' title="bbox 512 1151 3126 1231">
    <p class='ocr_par' dir='ltr' id='par_1_3' title="bbox 512 1151 3126 1231">
     <span class='ocr_line' id='line_1_9' title="bbox 512 1151 3126 1231; baseline 0.001 -21"><span class='ocrx_word' id='word_1_76' title='bbox 512 1152 728 1210; x_wconf 78' lang='lat' dir='ltr'><strong>Romae</strong></span> <span class='ocrx_word' id='word_1_77' title='bbox 758 1151 1025 1221; x_wconf 75' lang='lat' dir='ltr'><strong>decessit,</strong></span> <span class='ocrx_word' id='word_1_78' title='bbox 1062 1171 1180 1227; x_wconf 88' lang='lat' dir='ltr'><strong>quo</strong></span> <span class='ocrx_word' id='word_1_79' title='bbox 1211 1155 1412 1211; x_wconf 86' lang='lat' dir='ltr'><strong>tamen</strong></span> <span class='ocrx_word' id='word_1_80' title='bbox 1431 1173 1480 1210; x_wconf 89' lang='lat' dir='ltr'><strong>a.</strong></span> <span class='ocrx_word' id='word_1_81' title='bbox 1496 1163 1616 1212; x_wconf 87' lang='lat' dir='ltr'><strong>non</strong></span> <span class='ocrx_word' id='word_1_82' title='bbox 1649 1155 1792 1213; x_wconf 85' lang='lat' dir='ltr'><strong>satie</strong></span> <span class='ocrx_word' id='word_1_83' title='bbox 1846 1153 2115 1212; x_wconf 82' lang='lat' dir='ltr'><strong>tissimus</strong></span> <span class='ocrx_word' id='word_1_84' title='bbox 2147 1153 2281 1222; x_wconf 84' lang='lat' dir='ltr'><strong>fuit,</strong></span> <span class='ocrx_word' id='word_1_85' title='bbox 2319 1155 2489 1229; x_wconf 86' lang='lat' dir='ltr'><strong>cujus</strong></span> <span class='ocrx_word' id='word_1_86' title='bbox 2523 1158 2584 1213; x_wconf 89' lang='lat' dir='ltr'><strong>et</strong></span> <span class='ocrx_word' id='word_1_87' title='bbox 2603 1173 2777 1230; x_wconf 87' lang='lat' dir='ltr'><strong>opera</strong></span> <span class='ocrx_word' id='word_1_88' title='bbox 2796 1155 2888 1212; x_wconf 87' lang='lat' dir='ltr'><strong>illi</strong></span> <span class='ocrx_word' id='word_1_89' title='bbox 2909 1153 2972 1212; x_wconf 90' lang='lat' dir='ltr'><strong>in</strong></span> <span class='ocrx_word' id='word_1_90' title='bbox 2992 1174 3126 1231; x_wconf 84' lang='lat' dir='ltr'><strong>gra-</strong></span> 
     </span>
    </p>
   </div>
   <div class='ocr_carea' id='block_1_4' title="bbox 511 1241 1790 1762">
    <p class='ocr_par' dir='ltr' id='par_1_4' title="bbox 511 1241 1790 1762">
     <span class='ocr_line' id='line_1_10' title="bbox 513 1241 1788 1316; baseline 0.002 -17"><span class='ocrx_word' id='word_1_91' title='bbox 513 1245 762 1300; x_wconf 80' lang='lat' dir='ltr'><strong>cunstat.</strong></span> <span class='ocrx_word' id='word_1_92' title='bbox 795 1241 1028 1316; x_wconf 80' lang='lat' dir='ltr'><strong>Adjecit</strong></span> <span class='ocrx_word' id='word_1_93' title='bbox 1045 1242 1504 1314; x_wconf 71' lang='lat' dir='ltr'><strong>supplementum</strong></span> <span class='ocrx_word' id='word_1_94' title='bbox 1535 1243 1608 1300; x_wconf 80' lang='lat' dir='ltr'><strong>ad</strong></span> <span class='ocrx_word' id='word_1_95' title='bbox 1639 1243 1788 1301; x_wconf 86' lang='lat' dir='ltr'><strong>cele·</strong></span> 
     </span>
     <span class='ocr_line' id='line_1_11' title="bbox 512 1328 1790 1409; baseline 0.003 -22"><span class='ocrx_word' id='word_1_96' title='bbox 512 1331 676 1389; x_wconf 88' lang='lat' dir='ltr'><strong>brem</strong></span> <span class='ocrx_word' id='word_1_97' title='bbox 712 1328 1017 1390; x_wconf 80' lang='lat' dir='ltr'><strong>Summam</strong></span> <span class='ocrx_word' id='word_1_98' title='bbox 1049 1330 1400 1389; x_wconf 71' lang='lat' dir='ltr'><strong>Pisandlam</strong></span> <span class='ocrx_word' id='word_1_99' title='bbox 1432 1343 1538 1390; x_wconf 85' lang='lat' dir='ltr'><strong>seu</strong></span> <span class='ocrx_word' id='word_1_100' title='bbox 1573 1332 1790 1409; x_wconf 77' lang='lat' dir='ltr'><strong>Magis-</strong></span> 
     </span>
     <span class='ocr_line' id='line_1_12' title="bbox 511 1415 1789 1501; baseline 0.002 -24"><span class='ocrx_word' id='word_1_101' title='bbox 511 1420 763 1478; x_wconf 88' lang='lat' dir='ltr'><strong>trutiam</strong></span> <span class='ocrx_word' id='word_1_102' title='bbox 795 1417 891 1500; x_wconf 88' lang='lat' dir='ltr'><strong>(cf.</strong></span> <span class='ocrx_word' id='word_1_103' title='bbox 927 1437 979 1494; x_wconf 87' lang='lat' dir='ltr'><strong>p.</strong></span> <span class='ocrx_word' id='word_1_104' title='bbox 1018 1415 1192 1501; x_wconf 83' lang='grc'><strong>612).</strong></span> <span class='ocrx_word' id='word_1_105' title='bbox 1228 1420 1385 1496; x_wconf 85' lang='lat' dir='ltr'><strong>quod</strong></span> <span class='ocrx_word' id='word_1_106' title='bbox 1402 1421 1634 1496; x_wconf 78' lang='lat' dir='ltr'><strong>saepius</strong></span> <span class='ocrx_word' id='word_1_107' title='bbox 1655 1440 1789 1497; x_wconf 84' lang='lat' dir='ltr'><strong>pro·</strong></span> 
     </span>
     <span class='ocr_line' id='line_1_13' title="bbox 512 1507 1789 1581; baseline 0.006 -15"><span class='ocrx_word' id='word_1_108' title='bbox 512 1507 639 1576; x_wconf 90' lang='lat' dir='ltr'><strong>diit,</strong></span> <span class='ocrx_word' id='word_1_109' title='bbox 717 1507 982 1566; x_wconf 86' lang='lat' dir='ltr'><strong>Venetiis</strong></span> <span class='ocrx_word' id='word_1_110' title='bbox 1056 1519 1249 1578; x_wconf 75' lang='lat'><strong>14733</strong></span> <span class='ocrx_word' id='word_1_111' title='bbox 1325 1519 1518 1578; x_wconf 76' lang='lat'>14743</span> <span class='ocrx_word' id='word_1_112' title='bbox 1594 1522 1789 1581; x_wconf 78' lang='lat'>14763</span> 
     </span>
     <span class='ocr_line' id='line_1_14' title="bbox 525 1598 1786 1668; baseline -0.003 -9"><span class='ocrx_word' id='word_1_113' title='bbox 525 1607 676 1660; x_wconf 83' lang='grc'><strong>1481</strong></span> <span class='ocrx_word' id='word_1_114' title='bbox 706 1618 719 1667; x_wconf 88' lang='grc'>;</span> <span class='ocrx_word' id='word_1_115' title='bbox 756 1606 950 1663; x_wconf 72' lang='lat'>14843</span> <span class='ocrx_word' id='word_1_116' title='bbox 983 1607 1176 1664; x_wconf 78' lang='lat'>1495;</span> <span class='ocrx_word' id='word_1_117' title='bbox 1213 1598 1446 1657; x_wconf 86' lang='lat' dir='ltr'><strong>Genuae</strong></span> <span class='ocrx_word' id='word_1_118' title='bbox 1478 1608 1633 1661; x_wconf 79' lang='grc'><strong>1474</strong></span> <span class='ocrx_word' id='word_1_119' title='bbox 1657 1603 1786 1668; x_wconf 63' lang='lat' dir='ltr'><strong>etc„</strong></span> 
     </span>
     <span class='ocr_line' id='line_1_15' title="bbox 512 1685 1788 1762; baseline 0.002 -18"><span class='ocrx_word' id='word_1_120' title='bbox 512 1706 547 1744; x_wconf 91' lang='lat' dir='ltr'><strong>a</strong></span> <span class='ocrx_word' id='word_1_121' title='bbox 577 1704 696 1761; x_wconf 86' lang='lat' dir='ltr'><strong>quo</strong></span> <span class='ocrx_word' id='word_1_122' title='bbox 716 1705 835 1744; x_wconf 88' lang='lat' dir='ltr'><strong>non</strong></span> <span class='ocrx_word' id='word_1_123' title='bbox 857 1685 1251 1762; x_wconf 83' lang='lat' dir='ltr'><strong>distinguitur</strong></span> <span class='ocrx_word' id='word_1_124' title='bbox 1274 1687 1513 1746; x_wconf 81' lang='lat' dir='ltr'><strong>Summa</strong></span> <span class='ocrx_word' id='word_1_125' title='bbox 1545 1707 1788 1747; x_wconf 66' lang='lat' dir='ltr'><strong>cambum</strong></span> 
     </span>
    </p>
   </div>
   <div class='ocr_carea' id='block_1_5' title="bbox 1845 1243 3128 1764">
    <p class='ocr_par' dir='ltr' id='par_1_5' title="bbox 1845 1243 3128 1764">
     <span class='ocr_line' id='line_1_16' title="bbox 1848 1243 3127 1312; baseline 0.002 -13"><span class='ocrx_word' id='word_1_126' title='bbox 1848 1243 2090 1301; x_wconf 77' lang='lat' dir='ltr'><strong>vissima</strong></span> <span class='ocrx_word' id='word_1_127' title='bbox 2120 1259 2298 1301; x_wconf 83' lang='lat' dir='ltr'><strong>causa</strong></span> <span class='ocrx_word' id='word_1_128' title='bbox 2331 1247 2474 1302; x_wconf 91' lang='lat' dir='ltr'><strong>sunt</strong></span> <span class='ocrx_word' id='word_1_129' title='bbox 2507 1243 2621 1312; x_wconf 85' lang='lat' dir='ltr'><strong>usi,</strong></span> <span class='ocrx_word' id='word_1_130' title='bbox 2657 1244 2909 1302; x_wconf 81' lang='lat' dir='ltr'><strong>maxime</strong></span> <span class='ocrx_word' id='word_1_131' title='bbox 2930 1244 2990 1301; x_wconf 90' lang='lat' dir='ltr'><strong>in</strong></span> <span class='ocrx_word' id='word_1_132' title='bbox 3014 1245 3127 1302; x_wconf 87' lang='lat' dir='ltr'><strong>Bo—</strong></span> 
     </span>
     <span class='ocr_line' id='line_1_17' title="bbox 1846 1330 3127 1409; baseline 0.001 -21"><span class='ocrx_word' id='word_1_133' title='bbox 1846 1331 2154 1391; x_wconf 86' lang='lat' dir='ltr'><strong>hemerum</strong></span> <span class='ocrx_word' id='word_1_134' title='bbox 2188 1333 2444 1409; x_wconf 82' lang='lat' dir='ltr'><strong>negoti0‚</strong></span> <span class='ocrx_word' id='word_1_135' title='bbox 2481 1342 2615 1390; x_wconf 77' lang='lat' dir='ltr'><strong>nam</strong></span> <span class='ocrx_word' id='word_1_136' title='bbox 2638 1351 2773 1392; x_wconf 89' lang='lat' dir='ltr'><strong>cum</strong></span> <span class='ocrx_word' id='word_1_137' title='bbox 2794 1330 2929 1390; x_wconf 85' lang='lat' dir='ltr'><strong>aliis</strong></span> <span class='ocrx_word' id='word_1_138' title='bbox 2949 1334 3127 1407; x_wconf 89' lang='lat' dir='ltr'><strong>quin-</strong></span> 
     </span>
     <span class='ocr_line' id='line_1_18' title="bbox 1846 1421 3127 1498; baseline 0.002 -21"><span class='ocrx_word' id='word_1_139' title='bbox 1846 1438 1962 1495; x_wconf 84' lang='lat' dir='ltr'><strong>que</strong></span> <span class='ocrx_word' id='word_1_140' title='bbox 2013 1421 2247 1498; x_wconf 87' lang='lat' dir='ltr'><strong>legatus</strong></span> <span class='ocrx_word' id='word_1_141' title='bbox 2300 1421 2416 1479; x_wconf 83' lang='lat' dir='ltr'><strong>suit</strong></span> <span class='ocrx_word' id='word_1_142' title='bbox 2465 1422 2704 1488; x_wconf 85' lang='lat' dir='ltr'><strong>missus,</strong></span> <span class='ocrx_word' id='word_1_143' title='bbox 2752 1421 2857 1496; x_wconf 91' lang='lat' dir='ltr'><strong>qui</strong></span> <span class='ocrx_word' id='word_1_144' title='bbox 2903 1440 3003 1480; x_wconf 87' lang='lat' dir='ltr'><strong>eos</strong></span> <span class='ocrx_word' id='word_1_145' title='bbox 3055 1422 3127 1480; x_wconf 90' lang='lat' dir='ltr'><strong>ad</strong></span> 
     </span>
     <span class='ocr_line' id='line_1_19' title="bbox 1847 1510 3126 1583; baseline 0.002 -16"><span class='ocrx_word' id='word_1_146' title='bbox 1847 1527 2047 1583; x_wconf 87' lang='lat' dir='ltr'><strong>pacem</strong></span> <span class='ocrx_word' id='word_1_147' title='bbox 2080 1515 2141 1568; x_wconf 91' lang='lat' dir='ltr'><strong>et</strong></span> <span class='ocrx_word' id='word_1_148' title='bbox 2175 1515 2244 1568; x_wconf 89' lang='lat' dir='ltr'><strong>ut</strong></span> <span class='ocrx_word' id='word_1_149' title='bbox 2262 1511 2559 1569; x_wconf 83' lang='lat' dir='ltr'><strong>Basileam</strong></span> <span class='ocrx_word' id='word_1_150' title='bbox 2581 1511 2869 1576; x_wconf 85' lang='lat' dir='ltr'><strong>venirent,</strong></span> <span class='ocrx_word' id='word_1_151' title='bbox 2904 1510 3126 1569; x_wconf 77' lang='lat' dir='ltr'><strong>invita-</strong></span> 
     </span>
     <span class='ocr_line' id='line_1_20' title="bbox 1845 1599 3126 1676; baseline 0 -20"><span class='ocrx_word' id='word_1_152' title='bbox 1845 1603 1997 1659; x_wconf 87' lang='lat' dir='ltr'><strong>rent.</strong></span> <span class='ocrx_word' id='word_1_153' title='bbox 2032 1617 2139 1658; x_wconf 89' lang='lat' dir='ltr'><strong>nec</strong></span> <span class='ocrx_word' id='word_1_154' title='bbox 2170 1599 2297 1658; x_wconf 90' lang='lat' dir='ltr'><strong>eine</strong></span> <span class='ocrx_word' id='word_1_155' title='bbox 2328 1599 2543 1658; x_wconf 85' lang='lat' dir='ltr'><strong>fructu.</strong></span> <span class='ocrx_word' id='word_1_156' title='bbox 2578 1600 2723 1658; x_wconf 86' lang='lat' dir='ltr'><strong>Cum</strong></span> <span class='ocrx_word' id='word_1_157' title='bbox 2757 1599 3020 1676; x_wconf 75' lang='lat' dir='ltr'><strong>synodus</strong></span> <span class='ocrx_word' id='word_1_158' title='bbox 3053 1601 3126 1658; x_wconf 88' lang='lat' dir='ltr'><strong>ab</strong></span> 
     </span>
     <span class='ocr_line' id='line_1_21' title="bbox 1848 1688 3128 1764; baseline 0.001 -19"><span class='ocrx_word' id='word_1_159' title='bbox 1848 1688 2111 1763; x_wconf 79' lang='lat' dir='ltr'><strong>Eugenio</strong></span> <span class='ocrx_word' id='word_1_160' title='bbox 2143 1688 2238 1746; x_wconf 91' lang='lat' dir='ltr'><strong>IV.</strong></span> <span class='ocrx_word' id='word_1_161' title='bbox 2273 1689 2565 1764; x_wconf 84' lang='lat' dir='ltr'><strong>coepisset</strong></span> <span class='ocrx_word' id='word_1_162' title='bbox 2608 1688 2872 1758; x_wconf 85' lang='lat' dir='ltr'><strong>deficere,</strong></span> <span class='ocrx_word' id='word_1_163' title='bbox 2905 1690 3128 1747; x_wconf 88' lang='lat' dir='ltr'><strong>mansit</strong></span> 
     </span>
    </p>
   </div>
   <div class='ocr_carea' id='block_1_6' title="bbox 512 1775 3126 1854">
    <p class='ocr_par' dir='ltr' id='par_1_6' title="bbox 512 1775 3126 1854">
     <span class='ocr_line' id='line_1_22' title="bbox 512 1775 3126 1854; baseline 0.001 -22"><span class='ocrx_word' id='word_1_164' title='bbox 512 1775 623 1851; x_wconf 84' lang='lat' dir='ltr'><strong>ipsi</strong></span> <span class='ocrx_word' id='word_1_165' title='bbox 655 1776 913 1844; x_wconf 81' lang='lat' dir='ltr'><strong>tributa3</strong></span> <span class='ocrx_word' id='word_1_166' title='bbox 965 1776 1117 1834; x_wconf 79' lang='lat' dir='ltr'><strong>della</strong></span> <span class='ocrx_word' id='word_1_167' title='bbox 1149 1776 1494 1849; x_wconf 73' lang='lat' dir='ltr'><strong>confessione</strong></span> <span class='ocrx_word' id='word_1_168' title='bbox 1539 1777 1651 1835; x_wconf 85' lang='lat' dir='ltr'><strong>sub</strong></span> <span class='ocrx_word' id='word_1_169' title='bbox 1684 1793 1789 1836; x_wconf 84' lang='lat' dir='ltr'><strong>ne·</strong></span> <span class='ocrx_word' id='word_1_170' title='bbox 1843 1777 1972 1852; x_wconf 87' lang='lat' dir='ltr'><strong>ipse</strong></span> <span class='ocrx_word' id='word_1_171' title='bbox 2004 1776 2271 1852; x_wconf 83' lang='lat' dir='ltr'><strong>pontifici</strong></span> <span class='ocrx_word' id='word_1_172' title='bbox 2305 1777 2496 1836; x_wconf 89' lang='lat' dir='ltr'><strong>fidelis</strong></span> <span class='ocrx_word' id='word_1_173' title='bbox 2516 1778 2825 1853; x_wconf 89' lang='lat' dir='ltr'><strong>multaque</strong></span> <span class='ocrx_word' id='word_1_174' title='bbox 2857 1783 3126 1854; x_wconf 87' lang='lat' dir='ltr'><strong>propter-</strong></span> 
     </span>
    </p>
   </div>
   <div class='ocr_carea' id='block_1_7' title="bbox 510 1855 1791 2744">
    <p class='ocr_par' dir='ltr' id='par_1_7' title="bbox 510 1855 1791 2744">
     <span class='ocr_line' id='line_1_23' title="bbox 515 1855 1788 1937; baseline 0.005 -16"><span class='ocrx_word' id='word_1_175' title='bbox 515 1865 672 1922; x_wconf 88' lang='lat' dir='ltr'><strong>mine</strong></span> <span class='ocrx_word' id='word_1_176' title='bbox 719 1883 762 1922; x_wconf 81' lang='lat' dir='ltr'><strong>s,</strong></span> <span class='ocrx_word' id='word_1_177' title='bbox 815 1855 1305 1933; x_wconf 86' lang='lat' dir='ltr'><strong>Bernardini,</strong></span> <span class='ocrx_word' id='word_1_178' title='bbox 1386 1875 1541 1927; x_wconf 85' lang='grc'><strong>1494</strong></span> <span class='ocrx_word' id='word_1_179' title='bbox 1605 1866 1668 1924; x_wconf 89' lang='lat' dir='ltr'><strong>in</strong></span> <span class='ocrx_word' id='word_1_180' title='bbox 1717 1876 1788 1937; x_wconf 80' lang='lat'><strong>4;</strong></span> 
     </span>
     <span class='ocr_line' id='line_1_24' title="bbox 512 1943 1789 2031; baseline 0.002 -20"><span class='ocrx_word' id='word_1_181' title='bbox 512 1943 1032 2031; x_wconf 76' lang='lat' dir='ltr'><strong>Interroqatorium</strong></span> <span class='ocrx_word' id='word_1_182' title='bbox 1071 1954 1478 2030; x_wconf 65' lang='lat' dir='ltr'><strong>confessorum,</strong></span> <span class='ocrx_word' id='word_1_183' title='bbox 1528 1953 1789 2014; x_wconf 80' lang='lat' dir='ltr'><strong>venetiis</strong></span> 
     </span>
     <span class='ocr_line' id='line_1_25' title="bbox 522 2043 1791 2119; baseline -0.002 -14"><span class='ocrx_word' id='word_1_184' title='bbox 522 2051 719 2112; x_wconf 61' lang='grc'><strong>14893</strong></span> <span class='ocrx_word' id='word_1_185' title='bbox 775 2043 1074 2119; x_wconf 76' lang='lat' dir='ltr'><strong>Quadriqa</strong></span> <span class='ocrx_word' id='word_1_186' title='bbox 1114 2045 1458 2118; x_wconf 72' lang='lat' dir='ltr'><strong>spiritualis,</strong></span> <span class='ocrx_word' id='word_1_187' title='bbox 1513 2059 1663 2119; x_wconf 79' lang='lat' dir='ltr'><strong>quae</strong></span> <span class='ocrx_word' id='word_1_188' title='bbox 1696 2049 1791 2103; x_wconf 90' lang='lat' dir='ltr'><strong>est</strong></span> 
     </span>
     <span class='ocr_line' id='line_1_26' title="bbox 510 2131 1786 2210; baseline 0.002 -21"><span class='ocrx_word' id='word_1_189' title='bbox 510 2131 831 2190; x_wconf 80' lang='lat' dir='ltr'><strong>instructio</strong></span> <span class='ocrx_word' id='word_1_190' title='bbox 863 2132 1217 2190; x_wconf 83' lang='lat' dir='ltr'><strong>catechetica</strong></span> <span class='ocrx_word' id='word_1_191' title='bbox 1249 2132 1321 2191; x_wconf 94' lang='lat' dir='ltr'><strong>de</strong></span> <span class='ocrx_word' id='word_1_192' title='bbox 1353 2131 1483 2200; x_wconf 79' lang='lat' dir='ltr'><strong>fide,</strong></span> <span class='ocrx_word' id='word_1_193' title='bbox 1531 2133 1603 2191; x_wconf 92' lang='lat' dir='ltr'><strong>de</strong></span> <span class='ocrx_word' id='word_1_194' title='bbox 1653 2149 1786 2210; x_wconf 83' lang='lat' dir='ltr'><strong>pec·</strong></span> 
     </span>
     <span class='ocr_line' id='line_1_27' title="bbox 512 2215 1790 2298; baseline 0.001 -19"><span class='ocrx_word' id='word_1_195' title='bbox 512 2220 658 2279; x_wconf 88' lang='lat' dir='ltr'><strong>catis</strong></span> <span class='ocrx_word' id='word_1_196' title='bbox 690 2221 752 2279; x_wconf 92' lang='lat' dir='ltr'><strong>et</strong></span> <span class='ocrx_word' id='word_1_197' title='bbox 781 2222 979 2280; x_wconf 88' lang='lat' dir='ltr'><strong>decem</strong></span> <span class='ocrx_word' id='word_1_198' title='bbox 1013 2221 1358 2296; x_wconf 65' lang='lat' dir='ltr'><strong>praeceptis),</strong></span> <span class='ocrx_word' id='word_1_199' title='bbox 1407 2215 1479 2279; x_wconf 89' lang='lat' dir='ltr'><strong>de</strong></span> <span class='ocrx_word' id='word_1_200' title='bbox 1512 2223 1790 2298; x_wconf 82' lang='lat' dir='ltr'><strong>operibus</strong></span> 
     </span>
     <span class='ocr_line' id='line_1_28' title="bbox 512 2307 1789 2379; baseline 0.001 -10"><span class='ocrx_word' id='word_1_201' title='bbox 512 2308 772 2369; x_wconf 86' lang='lat' dir='ltr'><strong>caritatis</strong></span> <span class='ocrx_word' id='word_1_202' title='bbox 804 2313 930 2378; x_wconf 69' lang='lat' dir='ltr'><strong>etc„</strong></span> <span class='ocrx_word' id='word_1_203' title='bbox 965 2309 1085 2368; x_wconf 86' lang='lat' dir='ltr'><strong>Esii</strong></span> <span class='ocrx_word' id='word_1_204' title='bbox 1124 2320 1319 2379; x_wconf 85' lang='lat'>1475;</span> <span class='ocrx_word' id='word_1_205' title='bbox 1353 2329 1487 2370; x_wconf 89' lang='lat' dir='ltr'><strong>cum</strong></span> <span class='ocrx_word' id='word_1_206' title='bbox 1510 2307 1789 2371; x_wconf 83' lang='lat' dir='ltr'><strong>Giardino</strong></span> 
     </span>
     <span class='ocr_line' id='line_1_29' title="bbox 512 2398 1786 2468; baseline 0.002 -11"><span class='ocrx_word' id='word_1_207' title='bbox 512 2399 573 2457; x_wconf 93' lang='lat' dir='ltr'><strong>di</strong></span> <span class='ocrx_word' id='word_1_208' title='bbox 622 2398 919 2468; x_wconf 80' lang='lat' dir='ltr'><strong>Orazione,</strong></span> <span class='ocrx_word' id='word_1_209' title='bbox 979 2409 1142 2462; x_wconf 87' lang='grc'><strong>1494</strong></span> <span class='ocrx_word' id='word_1_210' title='bbox 1196 2400 1322 2458; x_wconf 91' lang='lat' dir='ltr'><strong>sine</strong></span> <span class='ocrx_word' id='word_1_211' title='bbox 1377 2401 1637 2460; x_wconf 86' lang='lat' dir='ltr'><strong>auctoris</strong></span> <span class='ocrx_word' id='word_1_212' title='bbox 1683 2421 1786 2460; x_wconf 90' lang='lat' dir='ltr'><strong>no·</strong></span> 
     </span>
     <span class='ocr_line' id='line_1_30' title="bbox 510 2489 1786 2565; baseline 0.001 -20"><span class='ocrx_word' id='word_1_213' title='bbox 510 2489 666 2547; x_wconf 84' lang='lat' dir='ltr'><strong>mine</strong></span> <span class='ocrx_word' id='word_1_214' title='bbox 683 2490 726 2561; x_wconf 80' lang='grc' dir='ltr'><strong>ι)</strong></span> <span class='ocrx_word' id='word_1_215' title='bbox 747 2499 761 2558; x_wconf 74' lang='lat'>3</span> <span class='ocrx_word' id='word_1_216' title='bbox 785 2489 1114 2547; x_wconf 61' lang='lat' dir='ltr'><strong>Dentur-atio</strong></span> <span class='ocrx_word' id='word_1_217' title='bbox 1130 2506 1309 2563; x_wconf 88' lang='lat' dir='ltr'><strong>super</strong></span> <span class='ocrx_word' id='word_1_218' title='bbox 1329 2491 1536 2565; x_wconf 85' lang='lat' dir='ltr'><strong>regula</strong></span> <span class='ocrx_word' id='word_1_219' title='bbox 1551 2490 1610 2547; x_wconf 78' lang='lat' dir='ltr'><strong>F.</strong></span> <span class='ocrx_word' id='word_1_220' title='bbox 1628 2489 1786 2560; x_wconf 66' lang='lat' dir='ltr'><strong>Min„</strong></span> 
     </span>
     <span class='ocr_line' id='line_1_31' title="bbox 513 2577 1779 2655; baseline 0.001 -19"><span class='ocrx_word' id='word_1_221' title='bbox 513 2591 693 2651; x_wconf 85' lang='lat' dir='ltr'><strong>quarn</strong></span> <span class='ocrx_word' id='word_1_222' title='bbox 726 2596 799 2635; x_wconf 85' lang='lat' dir='ltr'><strong>ss.</strong></span> <span class='ocrx_word' id='word_1_223' title='bbox 834 2577 1238 2636; x_wconf 83' lang='lat' dir='ltr'><strong>Bernardlnus</strong></span> <span class='ocrx_word' id='word_1_224' title='bbox 1272 2582 1330 2635; x_wconf 90' lang='lat' dir='ltr'><strong>et</strong></span> <span class='ocrx_word' id='word_1_225' title='bbox 1360 2578 1450 2636; x_wconf 88' lang='lat' dir='ltr'><strong>Jo.</strong></span> <span class='ocrx_word' id='word_1_226' title='bbox 1487 2579 1779 2655; x_wconf 74' lang='lat' dir='ltr'><strong>capistra-</strong></span> 
     </span>
     <span class='ocr_line' id='line_1_32' title="bbox 510 2667 1203 2744; baseline 0 -19"><span class='ocrx_word' id='word_1_227' title='bbox 510 2686 626 2726; x_wconf 88' lang='lat' dir='ltr'><strong>nus</strong></span> <span class='ocrx_word' id='word_1_228' title='bbox 658 2667 1066 2744; x_wconf 84' lang='lat' dir='ltr'><strong>approbarunt</strong></span> <span class='ocrx_word' id='word_1_229' title='bbox 1095 2671 1203 2727; x_wconf 89' lang='lat' dir='ltr'><strong>etc.</strong></span> 
     </span>
    </p>
   </div>
   <div class='ocr_carea' id='block_1_8' title="bbox 507 2845 1788 3640">
    <p class='ocr_par' dir='ltr' id='par_1_8' title="bbox 507 2845 1788 3640">
     <span class='ocr_line' id='line_1_33' title="bbox 604 2845 1786 2922; baseline -0.001 -16"><span class='ocrx_word' id='word_1_230' title='bbox 604 2855 746 2907; x_wconf 83' lang='lat'>427.</span> <span class='ocrx_word' id='word_1_231' title='bbox 784 2846 1054 2922; x_wconf 84' lang='lat' dir='ltr'><strong>Magnam</strong></span> <span class='ocrx_word' id='word_1_232' title='bbox 1101 2846 1355 2906; x_wconf 85' lang='lat' dir='ltr'><strong>nominis</strong></span> <span class='ocrx_word' id='word_1_233' title='bbox 1403 2845 1619 2904; x_wconf 81' lang='lat' dir='ltr'><strong>famam</strong></span> <span class='ocrx_word' id='word_1_234' title='bbox 1654 2860 1786 2922; x_wconf 83' lang='lat' dir='ltr'><strong>pro-</strong></span> 
     </span>
     <span class='ocr_line' id='line_1_34' title="bbox 511 2933 1788 3017; baseline 0.002 -25"><span class='ocrx_word' id='word_1_235' title='bbox 511 2934 942 2993; x_wconf 85' lang='lat' dir='ltr'><strong>meruitJonn</strong></span> <span class='ocrx_word' id='word_1_236' title='bbox 964 2953 1049 2992; x_wconf 93' lang='lat' dir='ltr'><strong>ne</strong></span> <span class='ocrx_word' id='word_1_237' title='bbox 1067 2954 1092 2992; x_wconf 87' lang='lat' dir='ltr'><strong>s</strong></span> <span class='ocrx_word' id='word_1_238' title='bbox 1125 2934 1258 2992; x_wconf 86' lang='lat' dir='ltr'><strong>Nid</strong></span> <span class='ocrx_word' id='word_1_239' title='bbox 1276 2948 1353 2992; x_wconf 87' lang='lat' dir='ltr'><strong>er</strong></span> <span class='ocrx_word' id='word_1_240' title='bbox 1386 2933 1608 3017; x_wconf 81' lang='lat' dir='ltr'><strong>(minus</strong></span> <span class='ocrx_word' id='word_1_241' title='bbox 1630 2938 1788 2994; x_wconf 91' lang='lat' dir='ltr'><strong>recte</strong></span> 
     </span>
     <span class='ocr_line' id='line_1_35' title="bbox 511 3014 1787 3103; baseline 0.001 -21"><span class='ocrx_word' id='word_1_242' title='bbox 511 3016 744 3095; x_wconf 85' lang='lat' dir='ltr'><strong>Nieder,</strong></span> <span class='ocrx_word' id='word_1_243' title='bbox 782 3019 1005 3103; x_wconf 85' lang='lat' dir='ltr'><strong>Nyder)</strong></span> <span class='ocrx_word' id='word_1_244' title='bbox 1043 3025 1105 3082; x_wconf 88' lang='lat' dir='ltr'><strong>O.</strong></span> <span class='ocrx_word' id='word_1_245' title='bbox 1141 3014 1340 3082; x_wconf 81' lang='lat' dir='ltr'><strong>Praed.</strong></span> <span class='ocrx_word' id='word_1_246' title='bbox 1375 3043 1443 3082; x_wconf 86' lang='lat' dir='ltr'><strong>ex</strong></span> <span class='ocrx_word' id='word_1_247' title='bbox 1475 3042 1626 3101; x_wconf 88' lang='lat' dir='ltr'><strong>pago</strong></span> <span class='ocrx_word' id='word_1_248' title='bbox 1649 3019 1787 3101; x_wconf 80' lang='lat' dir='ltr'><strong>Isny</strong></span> 
     </span>
     <span class='ocr_line' id='line_1_36' title="bbox 510 3112 1788 3188; baseline 0.001 -18"><span class='ocrx_word' id='word_1_249' title='bbox 510 3114 573 3171; x_wconf 92' lang='lat' dir='ltr'><strong>in</strong></span> <span class='ocrx_word' id='word_1_250' title='bbox 607 3113 840 3188; x_wconf 72' lang='lat' dir='ltr'><strong>suevia,</strong></span> <span class='ocrx_word' id='word_1_251' title='bbox 892 3112 1149 3171; x_wconf 87' lang='lat' dir='ltr'><strong>Viennae</strong></span> <span class='ocrx_word' id='word_1_252' title='bbox 1179 3116 1240 3171; x_wconf 90' lang='lat' dir='ltr'><strong>et</strong></span> <span class='ocrx_word' id='word_1_253' title='bbox 1272 3112 1541 3172; x_wconf 86' lang='lat' dir='ltr'><strong>Coloniae</strong></span> <span class='ocrx_word' id='word_1_254' title='bbox 1572 3114 1788 3171; x_wconf 86' lang='lat' dir='ltr'><strong>studiis</strong></span> 
     </span>
     <span class='ocr_line' id='line_1_37' title="bbox 511 3199 1784 3277; baseline -0.002 -15"><span class='ocrx_word' id='word_1_255' title='bbox 511 3220 748 3277; x_wconf 88' lang='lat' dir='ltr'><strong>operam</strong></span> <span class='ocrx_word' id='word_1_256' title='bbox 799 3201 979 3271; x_wconf 82' lang='lat' dir='ltr'><strong>dedit,</strong></span> <span class='ocrx_word' id='word_1_257' title='bbox 1032 3201 1252 3277; x_wconf 86' lang='lat' dir='ltr'><strong>quibus</strong></span> <span class='ocrx_word' id='word_1_258' title='bbox 1303 3199 1377 3260; x_wconf 84' lang='lat' dir='ltr'><strong>ab</strong></span> <span class='ocrx_word' id='word_1_259' title='bbox 1413 3202 1597 3261; x_wconf 83' lang='lat' dir='ltr'><strong>elutis</strong></span> <span class='ocrx_word' id='word_1_260' title='bbox 1648 3218 1784 3262; x_wconf 83' lang='lat' dir='ltr'><strong>con·</strong></span> 
     </span>
     <span class='ocr_line' id='line_1_38' title="bbox 510 3289 1786 3351; baseline 0 -1"><span class='ocrx_word' id='word_1_261' title='bbox 510 3290 780 3351; x_wconf 87' lang='lat' dir='ltr'><strong>cionibus</strong></span> <span class='ocrx_word' id='word_1_262' title='bbox 842 3289 1131 3351; x_wconf 85' lang='lat' dir='ltr'><strong>habendis</strong></span> <span class='ocrx_word' id='word_1_263' title='bbox 1195 3292 1255 3348; x_wconf 89' lang='lat' dir='ltr'><strong>et</strong></span> <span class='ocrx_word' id='word_1_264' title='bbox 1315 3291 1786 3351; x_wconf 76' lang='lat' dir='ltr'><strong>confessionibus</strong></span> 
     </span>
     <span class='ocr_line' id='line_1_39' title="bbox 509 3374 1783 3457; baseline -0.002 -15"><span class='ocrx_word' id='word_1_265' title='bbox 509 3374 868 3457; x_wconf 86' lang='lat' dir='ltr'><strong>excipiendis</strong></span> <span class='ocrx_word' id='word_1_266' title='bbox 900 3384 1093 3441; x_wconf 88' lang='lat' dir='ltr'><strong>totum</strong></span> <span class='ocrx_word' id='word_1_267' title='bbox 1125 3398 1189 3438; x_wconf 89' lang='lat' dir='ltr'><strong>se</strong></span> <span class='ocrx_word' id='word_1_268' title='bbox 1222 3378 1457 3439; x_wconf 82' lang='lat' dir='ltr'><strong>dicavit.</strong></span> <span class='ocrx_word' id='word_1_269' title='bbox 1524 3381 1783 3440; x_wconf 85' lang='lat' dir='ltr'><strong>Concilio</strong></span> 
     </span>
     <span class='ocr_line' id='line_1_40' title="bbox 510 3470 1783 3538; baseline -0.002 -7"><span class='ocrx_word' id='word_1_270' title='bbox 510 3471 940 3531; x_wconf 73' lang='lat' dir='ltr'><strong>constantiensi</strong></span> <span class='ocrx_word' id='word_1_271' title='bbox 989 3470 1198 3538; x_wconf 86' lang='lat' dir='ltr'><strong>adfuit,</strong></span> <span class='ocrx_word' id='word_1_272' title='bbox 1250 3470 1388 3529; x_wconf 85' lang='lat' dir='ltr'><strong>inde</strong></span> <span class='ocrx_word' id='word_1_273' title='bbox 1439 3471 1502 3529; x_wconf 90' lang='lat' dir='ltr'><strong>in</strong></span> <span class='ocrx_word' id='word_1_274' title='bbox 1547 3471 1783 3530; x_wconf 84' lang='lat' dir='ltr'><strong>Italiam</strong></span> 
     </span>
     <span class='ocr_line' id='line_1_41' title="bbox 507 3560 1784 3640; baseline -0.002 -19"><span class='ocrx_word' id='word_1_275' title='bbox 507 3561 808 3640; x_wconf 76' lang='lat' dir='ltr'><strong>profectus</strong></span> <span class='ocrx_word' id='word_1_276' title='bbox 863 3561 1175 3619; x_wconf 76' lang='lat' dir='ltr'><strong>arctiorem</strong></span> <span class='ocrx_word' id='word_1_277' title='bbox 1210 3560 1435 3618; x_wconf 84' lang='lat' dir='ltr'><strong>ordinis</strong></span> <span class='ocrx_word' id='word_1_278' title='bbox 1467 3561 1784 3620; x_wconf 81' lang='lat' dir='ltr'><strong>observan-</strong></span> 
     </span>
    </p>
   </div>
   <div class='ocr_carea' id='block_1_9' title="bbox 507 3644 3226 3733">
    <p class='ocr_par' dir='ltr' id='par_1_9' title="bbox 507 3644 3226 3733">
     <span class='ocr_line' id='line_1_42' title="bbox 507 3644 3226 3733; baseline 0.001 -23"><span class='ocrx_word' id='word_1_279' title='bbox 507 3652 649 3710; x_wconf 86' lang='lat' dir='ltr'><strong>tiam</strong></span> <span class='ocrx_word' id='word_1_280' title='bbox 702 3670 736 3708; x_wconf 90' lang='lat' dir='ltr'><strong>a</strong></span> <span class='ocrx_word' id='word_1_281' title='bbox 786 3644 1000 3709; x_wconf 86' lang='lat' dir='ltr'><strong>celebri</strong></span> <span class='ocrx_word' id='word_1_282' title='bbox 1052 3644 1201 3709; x_wconf 87' lang='lat' dir='ltr'><strong>card.</strong></span> <span class='ocrx_word' id='word_1_283' title='bbox 1235 3647 1326 3707; x_wconf 88' lang='lat' dir='ltr'><strong>J0.</strong></span> <span class='ocrx_word' id='word_1_284' title='bbox 1364 3644 1649 3708; x_wconf 85' lang='lat' dir='ltr'><strong>Dominici</strong></span> <span class='ocrx_word' id='word_1_285' title='bbox 1694 3649 1783 3708; x_wconf 91' lang='lat' dir='ltr'><strong>in·</strong></span> <span class='ocrx_word' id='word_1_286' title='bbox 1839 3649 2017 3707; x_wconf 87' lang='lat' dir='ltr'><strong>torati</strong></span> <span class='ocrx_word' id='word_1_287' title='bbox 2085 3667 2203 3705; x_wconf 86' lang='lat' dir='ltr'><strong>cur.</strong></span> <span class='ocrx_word' id='word_1_288' title='bbox 2255 3648 2380 3707; x_wconf 86' lang='lat' dir='ltr'><strong>Jac.</strong></span> <span class='ocrx_word' id='word_1_289' title='bbox 2446 3648 2851 3726; x_wconf 84' lang='lat' dir='ltr'><strong>Wimpheling</strong></span> <span class='ocrx_word' id='word_1_290' title='bbox 2924 3660 3117 3715; x_wconf 82' lang='lat'>1517;</span> <span class='ocrx_word' id='word_1_291' title='bbox 3222 3731 3226 3733; x_wconf 17' lang='grc' dir='ltr'><strong><em>Δ</em></strong></span> 
     </span>
    </p>
   </div>
   <div class='ocr_carea' id='block_1_10' title="bbox 507 3738 1783 3801">
    <p class='ocr_par' dir='ltr' id='par_1_10' title="bbox 507 3738 1783 3801">
     <span class='ocr_line' id='line_1_43' title="bbox 507 3738 1783 3801; baseline -0.002 -2"><span class='ocrx_word' id='word_1_292' title='bbox 507 3742 743 3801; x_wconf 81' lang='lat' dir='ltr'><strong>ductam</strong></span> <span class='ocrx_word' id='word_1_293' title='bbox 776 3738 1001 3798; x_wconf 76' lang='lat' dir='ltr'><strong>didicit.</strong></span> <span class='ocrx_word' id='word_1_294' title='bbox 1066 3739 1134 3797; x_wconf 89' lang='lat' dir='ltr'><strong>ln</strong></span> <span class='ocrx_word' id='word_1_295' title='bbox 1169 3738 1538 3797; x_wconf 86' lang='lat' dir='ltr'><strong>Germaniam</strong></span> <span class='ocrx_word' id='word_1_296' title='bbox 1587 3758 1783 3797; x_wconf 82' lang='lat' dir='ltr'><strong>rever-</strong></span> 
     </span>
    </p>
   </div>
   <div class='ocr_carea' id='block_1_11' title="bbox 1844 1865 3125 2032">
    <p class='ocr_par' dir='ltr' id='par_1_11' title="bbox 1844 1865 3125 2032">
     <span class='ocr_line' id='line_1_44' title="bbox 1845 1865 3125 1941; baseline 0.002 -18"><span class='ocrx_word' id='word_1_297' title='bbox 1845 1884 1913 1923; x_wconf 89' lang='lat' dir='ltr'><strong>ea</strong></span> <span class='ocrx_word' id='word_1_298' title='bbox 1944 1871 2035 1924; x_wconf 82' lang='lat' dir='ltr'><strong>est</strong></span> <span class='ocrx_word' id='word_1_299' title='bbox 2064 1879 2287 1941; x_wconf 72' lang='lat' dir='ltr'><strong>passus</strong></span> <span class='ocrx_word' id='word_1_300' title='bbox 2323 1865 2614 1925; x_wconf 84' lang='lat' dir='ltr'><strong>Viennam</strong></span> <span class='ocrx_word' id='word_1_301' title='bbox 2648 1868 2870 1925; x_wconf 87' lang='lat' dir='ltr'><strong>iterum</strong></span> <span class='ocrx_word' id='word_1_302' title='bbox 2891 1885 2953 1925; x_wconf 90' lang='lat' dir='ltr'><strong>se</strong></span> <span class='ocrx_word' id='word_1_303' title='bbox 2984 1885 3125 1925; x_wconf 90' lang='lat' dir='ltr'><strong>con-</strong></span> 
     </span>
     <span class='ocr_line' id='line_1_45' title="bbox 1844 1954 3125 2032; baseline 0.001 -20"><span class='ocrx_word' id='word_1_304' title='bbox 1844 1954 1988 2012; x_wconf 87' lang='lat' dir='ltr'><strong>tulit</strong></span> <span class='ocrx_word' id='word_1_305' title='bbox 2019 1955 2091 2012; x_wconf 88' lang='lat' dir='ltr'><strong>ad</strong></span> <span class='ocrx_word' id='word_1_306' title='bbox 2123 1954 2454 2014; x_wconf 83' lang='lat' dir='ltr'><strong>docendum</strong></span> <span class='ocrx_word' id='word_1_307' title='bbox 2503 1974 2716 2032; x_wconf 81' lang='lat' dir='ltr'><strong>magno</strong></span> <span class='ocrx_word' id='word_1_308' title='bbox 2763 1955 3125 2032; x_wconf 87' lang='lat' dir='ltr'><strong>collegarum</strong></span> 
     </span>
    </p>
   </div>
   <div class='ocr_carea' id='block_1_12' title="bbox 1844 2044 3225 2128">
    <p class='ocr_par' dir='ltr' id='par_1_12' title="bbox 1844 2044 3225 2128">
     <span class='ocr_line' id='line_1_46' title="bbox 1844 2044 3225 2128; baseline 0.001 -26"><span class='ocrx_word' id='word_1_309' title='bbox 1844 2044 2081 2119; x_wconf 85' lang='lat' dir='ltr'><strong>gaudio,</strong></span> <span class='ocrx_word' id='word_1_310' title='bbox 2116 2045 2220 2118; x_wconf 90' lang='lat' dir='ltr'><strong>qui</strong></span> <span class='ocrx_word' id='word_1_311' title='bbox 2252 2059 2389 2104; x_wconf 87' lang='lat' dir='ltr'><strong>eum</strong></span> <span class='ocrx_word' id='word_1_312' title='bbox 2442 2044 2537 2102; x_wconf 86' lang='lat' dir='ltr'><strong>bis</strong></span> <span class='ocrx_word' id='word_1_313' title='bbox 2588 2046 2650 2101; x_wconf 89' lang='lat' dir='ltr'><strong>in</strong></span> <span class='ocrx_word' id='word_1_314' title='bbox 2683 2045 2974 2104; x_wconf 83' lang='lat' dir='ltr'><strong>decanum</strong></span> <span class='ocrx_word' id='word_1_315' title='bbox 3007 2045 3123 2103; x_wconf 89' lang='lat' dir='ltr'><strong>ele·</strong></span> <span class='ocrx_word' id='word_1_316' title='bbox 3222 2127 3225 2128; x_wconf 15' lang='lat'><em>⁷</em></span> 
     </span>
    </p>
   </div>
   <div class='ocr_carea' id='block_1_13' title="bbox 1840 2133 3127 3636">
    <p class='ocr_par' dir='ltr' id='par_1_13' title="bbox 1840 2133 3127 3636">
     <span class='ocr_line' id='line_1_47' title="bbox 1844 2133 3122 2207; baseline 0.002 -17"><span class='ocrx_word' id='word_1_317' title='bbox 1844 2136 2079 2207; x_wconf 86' lang='lat' dir='ltr'><strong>gerunt.</strong></span> <span class='ocrx_word' id='word_1_318' title='bbox 2144 2133 2278 2192; x_wconf 90' lang='lat' dir='ltr'><strong>Non</strong></span> <span class='ocrx_word' id='word_1_319' title='bbox 2328 2133 2565 2192; x_wconf 83' lang='lat' dir='ltr'><strong>destitit</strong></span> <span class='ocrx_word' id='word_1_320' title='bbox 2609 2139 2809 2193; x_wconf 83' lang='lat' dir='ltr'><strong>tamen</strong></span> <span class='ocrx_word' id='word_1_321' title='bbox 2855 2154 2888 2192; x_wconf 88' lang='lat' dir='ltr'><strong>a</strong></span> <span class='ocrx_word' id='word_1_322' title='bbox 2934 2133 3122 2192; x_wconf 84' lang='lat' dir='ltr'><strong>refor-</strong></span> 
     </span>
     <span class='ocr_line' id='line_1_48' title="bbox 1845 2222 3127 2298; baseline 0.002 -19"><span class='ocrx_word' id='word_1_323' title='bbox 1845 2222 2125 2280; x_wconf 79' lang='lat' dir='ltr'><strong>mationis</strong></span> <span class='ocrx_word' id='word_1_324' title='bbox 2141 2222 2401 2298; x_wconf 77' lang='lat' dir='ltr'><strong>negotio,</strong></span> <span class='ocrx_word' id='word_1_325' title='bbox 2436 2222 2793 2281; x_wconf 82' lang='lat' dir='ltr'><strong>Colmarinm</strong></span> <span class='ocrx_word' id='word_1_326' title='bbox 2811 2225 3127 2297; x_wconf 84' lang='lat' dir='ltr'><strong>propterea</strong></span> 
     </span>
     <span class='ocr_line' id='line_1_49' title="bbox 1847 2310 3124 2386; baseline 0 -17"><span class='ocrx_word' id='word_1_327' title='bbox 1847 2310 2162 2386; x_wconf 85' lang='lat' dir='ltr'><strong>profectus,</strong></span> <span class='ocrx_word' id='word_1_328' title='bbox 2198 2316 2268 2369; x_wconf 91' lang='lat' dir='ltr'><strong>ut</strong></span> <span class='ocrx_word' id='word_1_329' title='bbox 2299 2330 2424 2369; x_wconf 91' lang='lat' dir='ltr'><strong>eam</strong></span> <span class='ocrx_word' id='word_1_330' title='bbox 2458 2311 2768 2369; x_wconf 89' lang='lat' dir='ltr'><strong>induceret</strong></span> <span class='ocrx_word' id='word_1_331' title='bbox 2787 2312 2847 2370; x_wconf 91' lang='lat' dir='ltr'><strong>in</strong></span> <span class='ocrx_word' id='word_1_332' title='bbox 2871 2331 3124 2371; x_wconf 85' lang='lat' dir='ltr'><strong>conven-</strong></span> 
     </span>
     <span class='ocr_line' id='line_1_50' title="bbox 1846 2400 3123 2478; baseline 0.001 -21"><span class='ocrx_word' id='word_1_333' title='bbox 1846 2408 1976 2457; x_wconf 87' lang='lat' dir='ltr'><strong>tum</strong></span> <span class='ocrx_word' id='word_1_334' title='bbox 2037 2418 2325 2470; x_wconf 86' lang='lat' dir='ltr'><strong>sororum,</strong></span> <span class='ocrx_word' id='word_1_335' title='bbox 2390 2400 2647 2459; x_wconf 87' lang='lat' dir='ltr'><strong>decessit</strong></span> <span class='ocrx_word' id='word_1_336' title='bbox 2699 2400 3123 2478; x_wconf 85' lang='lat' dir='ltr'><strong>Norimbergae</strong></span> 
     </span>
     <span class='ocr_line' id='line_1_51' title="bbox 1854 2487 3120 2565; baseline -0.002 -15"><span class='ocrx_word' id='word_1_337' title='bbox 1854 2497 1947 2551; x_wconf 87' lang='grc'><strong>13.</strong></span> <span class='ocrx_word' id='word_1_338' title='bbox 1972 2492 2121 2565; x_wconf 83' lang='lat' dir='ltr'><strong>Aug.</strong></span> <span class='ocrx_word' id='word_1_339' title='bbox 2168 2496 2329 2553; x_wconf 84' lang='lat'>1438</span> <span class='ocrx_word' id='word_1_340' title='bbox 2364 2490 2759 2564; x_wconf 89' lang='lat' dir='ltr'><strong>sepultusque</strong></span> <span class='ocrx_word' id='word_1_341' title='bbox 2792 2489 2911 2548; x_wconf 79' lang='lat' dir='ltr'><strong>luit</strong></span> <span class='ocrx_word' id='word_1_342' title='bbox 2941 2490 3015 2549; x_wconf 83' lang='lat' dir='ltr'><strong>ad</strong></span> <span class='ocrx_word' id='word_1_343' title='bbox 3035 2487 3120 2547; x_wconf 85' lang='lat' dir='ltr'><strong>la-</strong></span> 
     </span>
     <span class='ocr_line' id='line_1_52' title="bbox 1844 2578 3121 2654; baseline 0.001 -19"><span class='ocrx_word' id='word_1_344' title='bbox 1844 2581 1944 2636; x_wconf 86' lang='lat' dir='ltr'><strong>tus</strong></span> <span class='ocrx_word' id='word_1_345' title='bbox 1977 2578 2314 2653; x_wconf 71' lang='lat' dir='ltr'><strong>Raymunili</strong></span> <span class='ocrx_word' id='word_1_346' title='bbox 2358 2578 2430 2636; x_wconf 94' lang='lat' dir='ltr'><strong>de</strong></span> <span class='ocrx_word' id='word_1_347' title='bbox 2462 2579 2664 2654; x_wconf 87' lang='lat' dir='ltr'><strong>Capua</strong></span> <span class='ocrx_word' id='word_1_348' title='bbox 2695 2579 2788 2637; x_wconf 89' lang='lat' dir='ltr'><strong>sui</strong></span> <span class='ocrx_word' id='word_1_349' title='bbox 2825 2578 3121 2654; x_wconf 81' lang='lat' dir='ltr'><strong>quondum</strong></span> 
     </span>
     <span class='ocr_line' id='line_1_53' title="bbox 1845 2667 3117 2745; baseline 0.001 -20"><span class='ocrx_word' id='word_1_350' title='bbox 1845 2667 2115 2744; x_wconf 78' lang='lat' dir='ltr'><strong>magistri</strong></span> <span class='ocrx_word' id='word_1_351' title='bbox 2132 2667 2389 2745; x_wconf 85' lang='lat' dir='ltr'><strong>generali</strong></span> <span class='ocrx_word' id='word_1_352' title='bbox 2398 2687 2425 2727; x_wconf 91' lang='lat' dir='ltr'><strong>s</strong></span> <span class='ocrx_word' id='word_1_353' title='bbox 2437 2672 2499 2726; x_wconf 94' lang='lat' dir='ltr'><strong>et</strong></span> <span class='ocrx_word' id='word_1_354' title='bbox 2510 2668 2940 2728; x_wconf 77' lang='lat' dir='ltr'><strong>reformationis</strong></span> <span class='ocrx_word' id='word_1_355' title='bbox 2952 2686 3117 2745; x_wconf 88' lang='lat' dir='ltr'><strong>prae·</strong></span> 
     </span>
     <span class='ocr_line' id='line_1_54' title="bbox 1843 2756 3123 2834; baseline 0.002 -20"><span class='ocrx_word' id='word_1_356' title='bbox 1843 2757 2003 2833; x_wconf 90' lang='lat' dir='ltr'><strong>cipui</strong></span> <span class='ocrx_word' id='word_1_357' title='bbox 2036 2757 2303 2815; x_wconf 85' lang='lat' dir='ltr'><strong>fautoris.</strong></span> <span class='ocrx_word' id='word_1_358' title='bbox 2352 2756 2535 2826; x_wconf 81' lang='lat' dir='ltr'><strong>Quam</strong></span> <span class='ocrx_word' id='word_1_359' title='bbox 2571 2758 2831 2833; x_wconf 87' lang='lat' dir='ltr'><strong>plurima</strong></span> <span class='ocrx_word' id='word_1_360' title='bbox 2876 2758 3123 2834; x_wconf 88' lang='lat' dir='ltr'><strong>reliquit</strong></span> 
     </span>
     <span class='ocr_line' id='line_1_55' title="bbox 1844 2846 3120 2923; baseline 0 -18"><span class='ocrx_word' id='word_1_361' title='bbox 1844 2860 2046 2921; x_wconf 86' lang='lat' dir='ltr'><strong>opera:</strong></span> <span class='ocrx_word' id='word_1_362' title='bbox 2095 2846 2414 2922; x_wconf 86' lang='lat' dir='ltr'><strong>praecipua</strong></span> <span class='ocrx_word' id='word_1_363' title='bbox 2457 2850 2630 2906; x_wconf 86' lang='lat' dir='ltr'><strong>sunt:</strong></span> <span class='ocrx_word' id='word_1_364' title='bbox 2664 2847 2984 2923; x_wconf 74' lang='lat' dir='ltr'><strong>Myrmecia</strong></span> <span class='ocrx_word' id='word_1_365' title='bbox 3026 2847 3120 2905; x_wconf 85' lang='lat' dir='ltr'><strong>bo-</strong></span> 
     </span>
     <span class='ocr_line' id='line_1_56' title="bbox 1843 2935 3119 3005; baseline 0.002 -13"><span class='ocrx_word' id='word_1_366' title='bbox 1843 2952 2051 2993; x_wconf 81' lang='lat' dir='ltr'><strong>norum</strong></span> <span class='ocrx_word' id='word_1_367' title='bbox 2085 2935 2210 2993; x_wconf 81' lang='lat' dir='ltr'><strong>sive</strong></span> <span class='ocrx_word' id='word_1_368' title='bbox 2232 2935 2633 2994; x_wconf 72' lang='lat' dir='ltr'><strong>Fbrmi&#39;carius</strong></span> <span class='ocrx_word' id='word_1_369' title='bbox 2657 2936 2719 2994; x_wconf 88' lang='lat' dir='ltr'><strong>in</strong></span> <span class='ocrx_word' id='word_1_370' title='bbox 2740 2945 2771 2999; x_wconf 88' lang='lat'>5</span> <span class='ocrx_word' id='word_1_371' title='bbox 2792 2937 2852 2994; x_wconf 91' lang='lat' dir='ltr'><strong>ll.</strong></span> <span class='ocrx_word' id='word_1_372' title='bbox 2870 2936 3119 3005; x_wconf 84' lang='lat' dir='ltr'><strong>divisus,</strong></span> 
     </span>
     <span class='ocr_line' id='line_1_57' title="bbox 1842 3023 3118 3100; baseline 0.002 -18"><span class='ocrx_word' id='word_1_373' title='bbox 1842 3023 1915 3082; x_wconf 92' lang='lat' dir='ltr'><strong>ad</strong></span> <span class='ocrx_word' id='word_1_374' title='bbox 1963 3025 2298 3100; x_wconf 83' lang='lat' dir='ltr'><strong>exemplum</strong></span> <span class='ocrx_word' id='word_1_375' title='bbox 2348 3024 2673 3100; x_wconf 73' lang='lat' dir='ltr'><strong>sapientiae</strong></span> <span class='ocrx_word' id='word_1_376' title='bbox 2718 3025 2791 3083; x_wconf 88' lang='lat' dir='ltr'><strong>de</strong></span> <span class='ocrx_word' id='word_1_377' title='bbox 2836 3025 3118 3095; x_wconf 82' lang='lat' dir='ltr'><strong>formicis,</strong></span> 
     </span>
     <span class='ocr_line' id='line_1_58' title="bbox 1842 3113 3119 3189; baseline 0.002 -18"><span class='ocrx_word' id='word_1_378' title='bbox 1842 3113 2062 3188; x_wconf 87' lang='lat' dir='ltr'><strong>quibus</strong></span> <span class='ocrx_word' id='word_1_379' title='bbox 2096 3113 2452 3172; x_wconf 87' lang='lat' dir='ltr'><strong>christianus</strong></span> <span class='ocrx_word' id='word_1_380' title='bbox 2484 3115 2741 3189; x_wconf 86' lang='lat' dir='ltr'><strong>quilibet</strong></span> <span class='ocrx_word' id='word_1_381' title='bbox 2770 3118 2903 3173; x_wconf 89' lang='lat' dir='ltr'><strong>tum</strong></span> <span class='ocrx_word' id='word_1_382' title='bbox 2935 3114 3119 3173; x_wconf 84' lang='lat' dir='ltr'><strong>admi-</strong></span> 
     </span>
     <span class='ocr_line' id='line_1_59' title="bbox 1841 3201 3117 3277; baseline 0.002 -18"><span class='ocrx_word' id='word_1_383' title='bbox 1841 3201 2019 3259; x_wconf 83' lang='lat' dir='ltr'><strong>rabili</strong></span> <span class='ocrx_word' id='word_1_384' title='bbox 2051 3202 2431 3261; x_wconf 87' lang='lat' dir='ltr'><strong>formicarum</strong></span> <span class='ocrx_word' id='word_1_385' title='bbox 2463 3204 2734 3277; x_wconf 78' lang='lat' dir='ltr'><strong>exemplo</strong></span> <span class='ocrx_word' id='word_1_386' title='bbox 2767 3208 2896 3261; x_wconf 89' lang='lat' dir='ltr'><strong>tum</strong></span> <span class='ocrx_word' id='word_1_387' title='bbox 2932 3203 3117 3263; x_wconf 86' lang='lat' dir='ltr'><strong>histo-</strong></span> 
     </span>
     <span class='ocr_line' id='line_1_60' title="bbox 1841 3291 3118 3367; baseline 0.002 -18"><span class='ocrx_word' id='word_1_388' title='bbox 1841 3291 1946 3349; x_wconf 86' lang='lat' dir='ltr'><strong>riis</strong></span> <span class='ocrx_word' id='word_1_389' title='bbox 1977 3310 2082 3366; x_wconf 88' lang='lat' dir='ltr'><strong>pro</strong></span> <span class='ocrx_word' id='word_1_390' title='bbox 2116 3310 2179 3350; x_wconf 93' lang='lat' dir='ltr'><strong>re</strong></span> <span class='ocrx_word' id='word_1_391' title='bbox 2210 3294 2664 3351; x_wconf 79' lang='lat' dir='ltr'><strong>accommodat-is</strong></span> <span class='ocrx_word' id='word_1_392' title='bbox 2707 3297 2767 3350; x_wconf 88' lang='lat' dir='ltr'><strong>et</strong></span> <span class='ocrx_word' id='word_1_393' title='bbox 2800 3294 2872 3352; x_wconf 81' lang='lat' dir='ltr'><strong>ad</strong></span> <span class='ocrx_word' id='word_1_394' title='bbox 2907 3312 3118 3367; x_wconf 88' lang='lat' dir='ltr'><strong>paran-</strong></span> 
     </span>
     <span class='ocr_line' id='line_1_61' title="bbox 1842 3380 3117 3456; baseline 0.002 -19"><span class='ocrx_word' id='word_1_395' title='bbox 1842 3381 1977 3438; x_wconf 89' lang='lat' dir='ltr'><strong>dam</strong></span> <span class='ocrx_word' id='word_1_396' title='bbox 2010 3380 2122 3438; x_wconf 89' lang='lat' dir='ltr'><strong>sibi</strong></span> <span class='ocrx_word' id='word_1_397' title='bbox 2141 3380 2492 3456; x_wconf 86' lang='lat' dir='ltr'><strong>sapientiam</strong></span> <span class='ocrx_word' id='word_1_398' title='bbox 2509 3386 2570 3439; x_wconf 91' lang='lat' dir='ltr'><strong>et</strong></span> <span class='ocrx_word' id='word_1_399' title='bbox 2585 3381 2659 3439; x_wconf 88' lang='lat' dir='ltr'><strong>ad</strong></span> <span class='ocrx_word' id='word_1_400' title='bbox 2676 3382 2855 3440; x_wconf 80' lang='lat' dir='ltr'><strong>vitam</strong></span> <span class='ocrx_word' id='word_1_401' title='bbox 2877 3385 3117 3440; x_wconf 86' lang='lat' dir='ltr'><strong>honeste</strong></span> 
     </span>
     <span class='ocr_line' id='line_1_62' title="bbox 1840 3470 3120 3545; baseline 0.002 -19"><span class='ocrx_word' id='word_1_402' title='bbox 1840 3471 2057 3545; x_wconf 88' lang='lat' dir='ltr'><strong>pieque</strong></span> <span class='ocrx_word' id='word_1_403' title='bbox 2090 3470 2523 3529; x_wconf 87' lang='lat' dir='ltr'><strong>instituendam</strong></span> <span class='ocrx_word' id='word_1_404' title='bbox 2554 3470 2955 3530; x_wconf 79' lang='lat' dir='ltr'><strong>efficacissime</strong></span> <span class='ocrx_word' id='word_1_405' title='bbox 2986 3490 3120 3530; x_wconf 88' lang='lat' dir='ltr'><strong>eru-</strong></span> 
     </span>
     <span class='ocr_line' id='line_1_63' title="bbox 1841 3559 3117 3636; baseline 0.002 -20"><span class='ocrx_word' id='word_1_406' title='bbox 1841 3559 2020 3629; x_wconf 89' lang='lat' dir='ltr'><strong>ditur,</strong></span> <span class='ocrx_word' id='word_1_407' title='bbox 2058 3577 2232 3634; x_wconf 86' lang='lat' dir='ltr'><strong>saepe</strong></span> <span class='ocrx_word' id='word_1_408' title='bbox 2277 3560 2474 3618; x_wconf 88' lang='lat' dir='ltr'><strong>editus</strong></span> <span class='ocrx_word' id='word_1_409' title='bbox 2520 3578 2562 3616; x_wconf 89' lang='lat' dir='ltr'><strong>s.</strong></span> <span class='ocrx_word' id='word_1_410' title='bbox 2597 3560 2632 3618; x_wconf 92' lang='lat' dir='ltr'><strong>l.</strong></span> <span class='ocrx_word' id='word_1_411' title='bbox 2667 3566 2728 3618; x_wconf 89' lang='lat' dir='ltr'><strong>et</strong></span> <span class='ocrx_word' id='word_1_412' title='bbox 2758 3580 2839 3631; x_wconf 84' lang='lat' dir='ltr'><strong>a.;</strong></span> <span class='ocrx_word' id='word_1_413' title='bbox 2888 3564 3117 3636; x_wconf 83' lang='lat' dir='ltr'><strong>Argen-</strong></span> 
     </span>
    </p>
   </div>
   <div class='ocr_carea' id='block_1_14' title="bbox 1843 3737 3117 3807">
    <p class='ocr_par' dir='ltr' id='par_1_14' title="bbox 1843 3737 3117 3807">
     <span class='ocr_line' id='line_1_64' title="bbox 1843 3737 3117 3807; baseline 0.001 -12"><span class='ocrx_word' id='word_1_414' title='bbox 1843 3738 2085 3795; x_wconf 84' lang='lat' dir='ltr'><strong>Parisiis</strong></span> <span class='ocrx_word' id='word_1_415' title='bbox 2127 3747 2327 3807; x_wconf 79' lang='lat'>1519;</span> <span class='ocrx_word' id='word_1_416' title='bbox 2364 3737 2547 3796; x_wconf 88' lang='lat' dir='ltr'><strong>Duaci</strong></span> <span class='ocrx_word' id='word_1_417' title='bbox 2577 3748 2739 3800; x_wconf 84' lang='lat'>1602</span> <span class='ocrx_word' id='word_1_418' title='bbox 2775 3756 2910 3798; x_wconf 89' lang='lat' dir='ltr'><strong>cum</strong></span> <span class='ocrx_word' id='word_1_419' title='bbox 2941 3738 3117 3796; x_wconf 88' lang='lat' dir='ltr'><strong>bonis</strong></span> 
     </span>
    </p>
   </div>
   <div class='ocr_carea' id='block_1_15' title="bbox 505 3826 3121 4086">
    <p class='ocr_par' dir='ltr' id='par_1_15' title="bbox 505 3826 3121 4086">
     <span class='ocr_line' id='line_1_65' title="bbox 507 3826 3117 3903; baseline -0.001 -15"><span class='ocrx_word' id='word_1_420' title='bbox 507 3850 608 3889; x_wconf 85' lang='lat' dir='ltr'><strong>sus</strong></span> <span class='ocrx_word' id='word_1_421' title='bbox 641 3828 928 3888; x_wconf 83' lang='lat' dir='ltr'><strong>Viennam</strong></span> <span class='ocrx_word' id='word_1_422' title='bbox 960 3831 1052 3886; x_wconf 87' lang='lat' dir='ltr'><strong>est</strong></span> <span class='ocrx_word' id='word_1_423' title='bbox 1085 3828 1299 3887; x_wconf 83' lang='lat' dir='ltr'><strong>missus</strong></span> <span class='ocrx_word' id='word_1_424' title='bbox 1331 3828 1405 3886; x_wconf 85' lang='lat' dir='ltr'><strong>ad</strong></span> <span class='ocrx_word' id='word_1_425' title='bbox 1437 3829 1695 3886; x_wconf 83' lang='lat' dir='ltr'><strong>lauream</strong></span> <span class='ocrx_word' id='word_1_426' title='bbox 1718 3830 1783 3887; x_wconf 92' lang='lat' dir='ltr'><strong>in</strong></span> <span class='ocrx_word' id='word_1_427' title='bbox 1839 3826 2332 3885; x_wconf 86' lang='lat' dir='ltr'><strong>annotationibus</strong></span> <span class='ocrx_word' id='word_1_428' title='bbox 2428 3826 2665 3903; x_wconf 81' lang='lat' dir='ltr'><strong>Georgii</strong></span> <span class='ocrx_word' id='word_1_429' title='bbox 2752 3827 3117 3893; x_wconf 78' lang='lat' dir='ltr'><strong>Golvenerii;</strong></span> 
     </span>
     <span class='ocr_line' id='line_1_66' title="bbox 505 3915 3121 3995; baseline -0.001 -18"><span class='ocrx_word' id='word_1_430' title='bbox 505 3916 802 3995; x_wconf 86' lang='lat' dir='ltr'><strong>theologia</strong></span> <span class='ocrx_word' id='word_1_431' title='bbox 833 3936 963 3976; x_wconf 86' lang='lat' dir='ltr'><strong>asse</strong></span> <span class='ocrx_word' id='word_1_432' title='bbox 988 3917 1259 3987; x_wconf 75' lang='lat' dir='ltr'><strong>mendam</strong></span> <span class='ocrx_word' id='word_1_433' title='bbox 1283 3922 1343 3974; x_wconf 90' lang='lat' dir='ltr'><strong>et</strong></span> <span class='ocrx_word' id='word_1_434' title='bbox 1361 3919 1433 3975; x_wconf 86' lang='lat' dir='ltr'><strong>ad</strong></span> <span class='ocrx_word' id='word_1_435' title='bbox 1466 3919 1781 3993; x_wconf 85' lang='lat' dir='ltr'><strong>regendam</strong></span> <span class='ocrx_word' id='word_1_436' title='bbox 1840 3915 2194 3975; x_wconf 89' lang='lat' dir='ltr'><strong>Helmstadii</strong></span> <span class='ocrx_word' id='word_1_437' title='bbox 2219 3925 2385 3977; x_wconf 64' lang='grc'><strong>1692</strong></span> <span class='ocrx_word' id='word_1_438' title='bbox 2406 3916 2520 3973; x_wconf 86' lang='lat' dir='ltr'><strong>sub</strong></span> <span class='ocrx_word' id='word_1_439' title='bbox 2536 3915 2717 3975; x_wconf 86' lang='lat' dir='ltr'><strong>titulo</strong></span> <span class='ocrx_word' id='word_1_440' title='bbox 2730 3918 2799 3974; x_wconf 80' lang='lat' dir='ltr'><strong>de</strong></span> <span class='ocrx_word' id='word_1_441' title='bbox 2809 3916 3121 3976; x_wconf 68' lang='lat' dir='ltr'><strong>visionibus</strong></span> 
     </span>
     <span class='ocr_line' id='line_1_67' title="bbox 507 4000 3119 4086; baseline -0.001 -20"><span class='ocrx_word' id='word_1_442' title='bbox 507 4006 859 4066; x_wconf 82' lang='lat' dir='ltr'><strong>cathedram.</strong></span> <span class='ocrx_word' id='word_1_443' title='bbox 907 4005 1239 4064; x_wconf 88' lang='lat' dir='ltr'><strong>Admodum</strong></span> <span class='ocrx_word' id='word_1_444' title='bbox 1274 4000 1557 4065; x_wconf 87' lang='lat' dir='ltr'><strong>in&#39;claruit</strong></span> <span class='ocrx_word' id='word_1_445' title='bbox 1586 4007 1648 4065; x_wconf 90' lang='lat' dir='ltr'><strong>in</strong></span> <span class='ocrx_word' id='word_1_446' title='bbox 1681 4004 1785 4065; x_wconf 88' lang='lat' dir='ltr'><strong>illa</strong></span> <span class='ocrx_word' id='word_1_447' title='bbox 1839 4013 1889 4062; x_wconf 75' lang='lat' dir='ltr'><strong>et</strong></span> <span class='ocrx_word' id='word_1_448' title='bbox 1918 4002 2374 4065; x_wconf 74' lang='lat' dir='ltr'><strong>revelationibus.</strong></span> <span class='ocrx_word' id='word_1_449' title='bbox 2394 4005 2573 4063; x_wconf 81' lang='lat' dir='ltr'><strong>Liber</strong></span> <span class='ocrx_word' id='word_1_450' title='bbox 2602 4005 2663 4063; x_wconf 90' lang='lat' dir='ltr'><strong>V.</strong></span> <span class='ocrx_word' id='word_1_451' title='bbox 2691 4006 2760 4062; x_wconf 78' lang='lat' dir='ltr'><strong>de</strong></span> <span class='ocrx_word' id='word_1_452' title='bbox 2788 4006 3059 4079; x_wconf 69' lang='lat' dir='ltr'><strong>maleficis</strong></span> <span class='ocrx_word' id='word_1_453' title='bbox 3074 4003 3119 4086; x_wconf 86' lang='lat'><strong>¹)</strong></span> 
     </span>
    </p>
   </div>
   <div class='ocr_carea' id='block_1_16' title="bbox 505 4094 1784 4259">
    <p class='ocr_par' dir='ltr' id='par_1_16' title="bbox 505 4094 1784 4259">
     <span class='ocr_line' id='line_1_68' title="bbox 505 4094 1784 4169; baseline -0.002 -13"><span class='ocrx_word' id='word_1_454' title='bbox 505 4096 803 4156; x_wconf 85' lang='lat' dir='ltr'><strong>academia</strong></span> <span class='ocrx_word' id='word_1_455' title='bbox 862 4094 1202 4169; x_wconf 83' lang='lat' dir='ltr'><strong>multosque</strong></span> <span class='ocrx_word' id='word_1_456' title='bbox 1264 4095 1565 4154; x_wconf 78' lang='lat' dir='ltr'><strong>doctrinae</strong></span> <span class='ocrx_word' id='word_1_457' title='bbox 1626 4096 1784 4154; x_wconf 82' lang='lat' dir='ltr'><strong>tama</strong></span> 
     </span>
     <span class='ocr_line' id='line_1_69' title="bbox 507 4183 1775 4259; baseline 0.002 -14"><span class='ocrx_word' id='word_1_458' title='bbox 507 4184 754 4245; x_wconf 84' lang='lat' dir='ltr'><strong>attraxit</strong></span> <span class='ocrx_word' id='word_1_459' title='bbox 785 4184 1119 4259; x_wconf 86' lang='lat' dir='ltr'><strong>discipulos.</strong></span> <span class='ocrx_word' id='word_1_460' title='bbox 1155 4183 1392 4243; x_wconf 86' lang='lat' dir='ltr'><strong>Electus</strong></span> <span class='ocrx_word' id='word_1_461' title='bbox 1423 4190 1580 4243; x_wconf 83' lang='lat' dir='ltr'><strong>esta.</strong></span> <span class='ocrx_word' id='word_1_462' title='bbox 1616 4194 1775 4247; x_wconf 75' lang='lat'><strong>1427</strong></span> 
     </span>
    </p>
   </div>
   <div class='ocr_carea' id='block_1_17' title="bbox 507 4273 1918 4349">
    <p class='ocr_par' dir='ltr' id='par_1_17' title="bbox 507 4273 1918 4349">
     <span class='ocr_line' id='line_1_70' title="bbox 507 4273 1918 4349; baseline -0.003 -16"><span class='ocrx_word' id='word_1_463' title='bbox 507 4276 566 4333; x_wconf 88' lang='lat' dir='ltr'><strong>in</strong></span> <span class='ocrx_word' id='word_1_464' title='bbox 599 4274 852 4349; x_wconf 82' lang='lat' dir='ltr'><strong>priorem</strong></span> <span class='ocrx_word' id='word_1_465' title='bbox 884 4277 1212 4333; x_wconf 80' lang='lat' dir='ltr'><strong>conventus</strong></span> <span class='ocrx_word' id='word_1_466' title='bbox 1243 4273 1540 4348; x_wconf 83' lang='lat' dir='ltr'><strong>praecipui</strong></span> <span class='ocrx_word' id='word_1_467' title='bbox 1559 4274 1780 4331; x_wconf 87' lang='lat' dir='ltr'><strong>norim·</strong></span> <span class='ocrx_word' id='word_1_468' title='bbox 1835 4283 1918 4335; x_wconf 81' lang='lat' dir='ltr'><strong>ge</strong></span> 
     </span>
    </p>
   </div>
   <div class='ocr_carea' id='block_1_18' title="bbox 505 4361 1783 4441">
    <p class='ocr_par' dir='ltr' id='par_1_18' title="bbox 505 4361 1783 4441">
     <span class='ocr_line' id='line_1_71' title="bbox 505 4361 1783 4441; baseline -0.001 -18"><span class='ocrx_word' id='word_1_469' title='bbox 505 4363 811 4441; x_wconf 79' lang='lat' dir='ltr'><strong>bergensis</strong></span> <span class='ocrx_word' id='word_1_470' title='bbox 854 4367 914 4422; x_wconf 90' lang='lat' dir='ltr'><strong>et</strong></span> <span class='ocrx_word' id='word_1_471' title='bbox 945 4361 1152 4422; x_wconf 79' lang='lat' dir='ltr'><strong>exinde</strong></span> <span class='ocrx_word' id='word_1_472' title='bbox 1198 4366 1364 4421; x_wconf 87' lang='lat' dir='ltr'><strong>totus</strong></span> <span class='ocrx_word' id='word_1_473' title='bbox 1409 4361 1688 4420; x_wconf 88' lang='lat' dir='ltr'><strong>incubuit</strong></span> <span class='ocrx_word' id='word_1_474' title='bbox 1719 4362 1783 4422; x_wconf 91' lang='lat' dir='ltr'><strong>in</strong></span> 
     </span>
    </p>
   </div>
   <div class='ocr_carea' id='block_1_19' title="bbox 1845 4111 2157 4120">
    <p class='ocr_par' dir='ltr' id='par_1_19' title="bbox 1845 4111 2157 4120">
     <span class='ocr_line' id='line_1_72' title="bbox 1845 4111 2157 4120; baseline 0 1244"><span class='ocrx_word' id='word_1_475' title='bbox 1845 4111 2157 4120; x_wconf 95' lang='lat' dir='ltr'><strong> </strong></span> 
     </span>
    </p>
   </div>
   <div class='ocr_carea' id='block_1_20' title="bbox 1837 4192 3121 4478">
    <p class='ocr_par' dir='ltr' id='par_1_20' title="bbox 1917 4192 3119 4318">
     <span class='ocr_line' id='line_1_73' title="bbox 1917 4192 3119 4318; baseline 0.002 -73"><span class='ocrx_word' id='word_1_476' title='bbox 1917 4196 1957 4318; x_wconf 48' lang='grc' dir='ltr'><strong>’ἶ</strong></span> <span class='ocrx_word' id='word_1_477' title='bbox 1980 4193 2062 4247; x_wconf 85' lang='lat' dir='ltr'><strong>De</strong></span> <span class='ocrx_word' id='word_1_478' title='bbox 2104 4193 2208 4248; x_wconf 90' lang='lat' dir='ltr'><strong>hoc</strong></span> <span class='ocrx_word' id='word_1_479' title='bbox 2252 4197 2588 4262; x_wconf 85' lang='lat' dir='ltr'><strong>argumento</strong></span> <span class='ocrx_word' id='word_1_480' title='bbox 2632 4192 2865 4263; x_wconf 72' lang='lat' dir='ltr'><strong>scripsit</strong></span> <span class='ocrx_word' id='word_1_481' title='bbox 2901 4198 2958 4247; x_wconf 86' lang='lat' dir='ltr'><strong>et</strong></span> <span class='ocrx_word' id='word_1_482' title='bbox 2998 4197 3046 4247; x_wconf 82' lang='lat' dir='ltr'>A</span> <span class='ocrx_word' id='word_1_483' title='bbox 3064 4213 3119 4247; x_wconf 88' lang='lat' dir='ltr'><strong>n-</strong></span> 
     </span>
    </p>

    <p class='ocr_par' dir='ltr' id='par_1_21' title="bbox 1837 4263 3121 4478">
     <span class='ocr_line' id='line_1_74' title="bbox 1975 4263 3121 4331; baseline -0.001 -12"><span class='ocrx_word' id='word_1_484' title='bbox 1975 4283 2054 4319; x_wconf 90' lang='lat' dir='ltr'><strong>us</strong></span> <span class='ocrx_word' id='word_1_485' title='bbox 2103 4265 2173 4317; x_wconf 91' lang='lat' dir='ltr'><strong>de</strong></span> <span class='ocrx_word' id='word_1_486' title='bbox 2224 4263 3121 4331; x_wconf 83' lang='lat' dir='ltr'><strong>Gambellionibus(Ga111·</strong></span> 
     </span>
     <span class='ocr_line' id='line_1_75' title="bbox 1840 4334 3119 4407; baseline 0.001 -17"><span class='ocrx_word' id='word_1_487' title='bbox 1840 4336 1998 4407; x_wconf 85' lang='lat' dir='ltr'><strong>bilio)</strong></span> <span class='ocrx_word' id='word_1_488' title='bbox 2027 4336 2314 4401; x_wconf 71' lang='lat' dir='ltr'><strong>Aretinm,</strong></span> <span class='ocrx_word' id='word_1_489' title='bbox 2356 4334 2601 4406; x_wconf 86' lang='lat' dir='ltr'><strong>insignis</strong></span> <span class='ocrx_word' id='word_1_490' title='bbox 2634 4334 2785 4405; x_wconf 86' lang='lat' dir='ltr'><strong>juris</strong></span> <span class='ocrx_word' id='word_1_491' title='bbox 2824 4338 3119 4391; x_wconf 86' lang='lat' dir='ltr'><strong>consultus</strong></span> 
     </span>
     <span class='ocr_line' id='line_1_76' title="bbox 1837 4404 3120 4478; baseline 0.001 -17"><span class='ocrx_word' id='word_1_492' title='bbox 1837 4408 1896 4461; x_wconf 89' lang='lat' dir='ltr'><strong>et</strong></span> <span class='ocrx_word' id='word_1_493' title='bbox 1914 4408 2063 4478; x_wconf 81' lang='lat' dir='ltr'><strong>juris</strong></span> <span class='ocrx_word' id='word_1_494' title='bbox 2090 4409 2372 4477; x_wconf 86' lang='lat' dir='ltr'><strong>professor</strong></span> <span class='ocrx_word' id='word_1_495' title='bbox 2411 4407 2700 4461; x_wconf 73' lang='lat' dir='ltr'><strong>Fet-mriae</strong></span> <span class='ocrx_word' id='word_1_496' title='bbox 2724 4404 2786 4461; x_wconf 84' lang='lat' dir='ltr'><strong>et</strong></span> <span class='ocrx_word' id='word_1_497' title='bbox 2810 4407 3120 4471; x_wconf 77' lang='lat' dir='ltr'><strong>Bononiae,</strong></span> 
     </span>
    </p>
   </div>
   <div class='ocr_carea' id='block_1_21' title="bbox 503 4451 3120 4622">
    <p class='ocr_par' dir='ltr' id='par_1_22' title="bbox 503 4451 3120 4622">
     <span class='ocr_line' id='line_1_77' title="bbox 506 4451 3119 4549; baseline -0.001 -36"><span class='ocrx_word' id='word_1_498' title='bbox 506 4452 903 4531; x_wconf 85' lang='lat' dir='ltr'><strong>promovenda</strong></span> <span class='ocrx_word' id='word_1_499' title='bbox 934 4452 1201 4512; x_wconf 85' lang='lat' dir='ltr'><strong>arctioris</strong></span> <span class='ocrx_word' id='word_1_500' title='bbox 1246 4451 1656 4510; x_wconf 84' lang='lat' dir='ltr'><strong>observantiae</strong></span> <span class='ocrx_word' id='word_1_501' title='bbox 1689 4471 1781 4509; x_wconf 87' lang='lat' dir='ltr'><strong>re·</strong></span> <span class='ocrx_word' id='word_1_502' title='bbox 1835 4478 1897 4532; x_wconf 65' lang='lat' dir='ltr'><strong>in</strong></span> <span class='ocrx_word' id='word_1_503' title='bbox 1943 4483 2011 4533; x_wconf 50' lang='lat' dir='ltr'><strong>tr·</strong></span> <span class='ocrx_word' id='word_1_504' title='bbox 2051 4482 2294 4549; x_wconf 75' lang='lat' dir='ltr'><strong>prae-ttca</strong></span> <span class='ocrx_word' id='word_1_505' title='bbox 2338 4482 2715 4547; x_wconf 56' lang='lat' dir='ltr'><strong>„mmm-„rum</strong></span> <span class='ocrx_word' id='word_1_506' title='bbox 2768 4483 2907 4536; x_wconf 73' lang='lat'>1472</span> <span class='ocrx_word' id='word_1_507' title='bbox 2957 4497 2999 4534; x_wconf 45' lang='grc' dir='ltr'><strong>Β.</strong></span> <span class='ocrx_word' id='word_1_508' title='bbox 3052 4480 3119 4534; x_wconf 53' lang='lat' dir='ltr'><strong>L:</strong></span> 
     </span>
     <span class='ocr_line' id='line_1_78' title="bbox 503 4541 3120 4622; baseline 0.002 -20"><span class='ocrx_word' id='word_1_509' title='bbox 503 4543 728 4622; x_wconf 82' lang='lat' dir='ltr'><strong>gularis</strong></span> <span class='ocrx_word' id='word_1_510' title='bbox 761 4543 1075 4618; x_wconf 88' lang='lat' dir='ltr'><strong>disciplina</strong></span> <span class='ocrx_word' id='word_1_511' title='bbox 1107 4543 1168 4600; x_wconf 91' lang='lat' dir='ltr'><strong>in</strong></span> <span class='ocrx_word' id='word_1_512' title='bbox 1200 4542 1593 4600; x_wconf 86' lang='lat' dir='ltr'><strong>conventibus</strong></span> <span class='ocrx_word' id='word_1_513' title='bbox 1620 4541 1779 4599; x_wconf 90' lang='lat' dir='ltr'><strong>ordi·</strong></span> <span class='ocrx_word' id='word_1_514' title='bbox 1838 4551 2105 4606; x_wconf 85' lang='lat' dir='ltr'><strong>Coloniae</strong></span> <span class='ocrx_word' id='word_1_515' title='bbox 2132 4556 2270 4609; x_wconf 77' lang='lat'>1599</span> <span class='ocrx_word' id='word_1_516' title='bbox 2297 4553 2355 4605; x_wconf 90' lang='lat' dir='ltr'><strong>et</strong></span> <span class='ocrx_word' id='word_1_517' title='bbox 2379 4569 2507 4603; x_wconf 84' lang='lat' dir='ltr'><strong>cum</strong></span> <span class='ocrx_word' id='word_1_518' title='bbox 2530 4550 2745 4605; x_wconf 84' lang='lat' dir='ltr'><strong>Alberti</strong></span> <span class='ocrx_word' id='word_1_519' title='bbox 2764 4551 3012 4606; x_wconf 83' lang='lat' dir='ltr'><strong>Gandini</strong></span> <span class='ocrx_word' id='word_1_520' title='bbox 3029 4567 3120 4620; x_wconf 89' lang='lat' dir='ltr'><strong>op.</strong></span> 
     </span>
    </p>
   </div>
   <div class='ocr_carea' id='block_1_22' title="bbox 511 4686 796 4694">
    <p class='ocr_par' dir='ltr' id='par_1_23' title="bbox 511 4686 796 4694">
     <span class='ocr_line' id='line_1_79' title="bbox 511 4686 796 4694; baseline 0 670"><span class='ocrx_word' id='word_1_521' title='bbox 511 4686 796 4694; x_wconf 95' lang='lat' dir='ltr'><strong> </strong></span> 
     </span>
    </p>
   </div>
   <div class='ocr_carea' id='block_1_23' title="bbox 1836 4622 3121 4692">
    <p class='ocr_par' dir='ltr' id='par_1_24' title="bbox 1836 4622 3121 4692">
     <span class='ocr_line' id='line_1_80' title="bbox 1836 4622 3121 4692; baseline 0.001 -14"><span class='ocrx_word' id='word_1_522' title='bbox 1836 4624 1906 4678; x_wconf 88' lang='lat' dir='ltr'><strong>de</strong></span> <span class='ocrx_word' id='word_1_523' title='bbox 1933 4623 2129 4677; x_wconf 87' lang='lat' dir='ltr'><strong>eodem</strong></span> <span class='ocrx_word' id='word_1_524' title='bbox 2157 4626 2498 4692; x_wconf 84' lang='lat' dir='ltr'><strong>argumento</strong></span> <span class='ocrx_word' id='word_1_525' title='bbox 2514 4622 2767 4675; x_wconf 83' lang='lat' dir='ltr'><strong>Venetiis</strong></span> <span class='ocrx_word' id='word_1_526' title='bbox 2786 4626 2955 4688; x_wconf 73' lang='lat'>1573:</span> <span class='ocrx_word' id='word_1_527' title='bbox 2981 4628 3121 4680; x_wconf 69' lang='lat'>1598</span> 
     </span>
    </p>
   </div>
   <div class='ocr_carea' id='block_1_24' title="bbox 1838 4693 3118 4764">
    <p class='ocr_par' dir='ltr' id='par_1_25' title="bbox 1838 4693 3118 4764">
     <span class='ocr_line' id='line_1_81' title="bbox 1838 4693 3118 4764; baseline -0.001 -16"><span class='ocrx_word' id='word_1_528' title='bbox 1838 4697 1897 4749; x_wconf 88' lang='lat' dir='ltr'><strong>in</strong></span> <span class='ocrx_word' id='word_1_529' title='bbox 1927 4695 1966 4750; x_wconf 64' lang='grc' dir='ltr'><strong>ξ’.</strong></span> <span class='ocrx_word' id='word_1_530' title='bbox 1994 4695 2268 4764; x_wconf 82' lang='lat' dir='ltr'><strong>adjuncta</strong></span> <span class='ocrx_word' id='word_1_531' title='bbox 2293 4694 2543 4748; x_wconf 85' lang='lat' dir='ltr'><strong>auctoris</strong></span> <span class='ocrx_word' id='word_1_532' title='bbox 2571 4693 2689 4747; x_wconf 80' lang='lat' dir='ltr'><strong>vita</strong></span> <span class='ocrx_word' id='word_1_533' title='bbox 2717 4694 2990 4764; x_wconf 86' lang='lat' dir='ltr'><strong>scriptore</strong></span> <span class='ocrx_word' id='word_1_534' title='bbox 3018 4693 3118 4747; x_wconf 89' lang='lat' dir='ltr'><strong>Ph.</strong></span> 
     </span>
    </p>
   </div>
   <div class='ocr_carea' id='block_1_25' title="bbox 507 4765 3120 4906">
    <p class='ocr_par' dir='ltr' id='par_1_26' title="bbox 507 4765 3120 4906">
     <span class='ocr_line' id='line_1_82' title="bbox 584 4765 3120 4839; baseline -0.001 -18"><span class='ocrx_word' id='word_1_535' title='bbox 584 4774 618 4839; x_wconf 78' lang='lat'><strong>¹)</strong></span> <span class='ocrx_word' id='word_1_536' title='bbox 647 4768 917 4827; x_wconf 78' lang='lat' dir='ltr'><strong>Cf,.1eiler</strong></span> <span class='ocrx_word' id='word_1_537' title='bbox 933 4765 1027 4819; x_wconf 62' lang='lat'><strong>141,</strong></span> <span class='ocrx_word' id='word_1_538' title='bbox 1048 4778 1070 4820; x_wconf 90' lang='lat'><strong>&#39;.</strong></span> <span class='ocrx_word' id='word_1_539' title='bbox 1086 4774 1136 4829; x_wconf 76' lang='grc'><strong>9,</strong></span> <span class='ocrx_word' id='word_1_540' title='bbox 1155 4770 1291 4821; x_wconf 71' lang='grc' dir='ltr'><strong>335ι</strong></span> <span class='ocrx_word' id='word_1_541' title='bbox 1315 4766 1582 4819; x_wconf 73' lang='lat' dir='ltr'><strong>Sbaralea</strong></span> <span class='ocrx_word' id='word_1_542' title='bbox 1594 4784 1648 4835; x_wconf 86' lang='lat' dir='ltr'><strong>p.</strong></span> <span class='ocrx_word' id='word_1_543' title='bbox 1661 4773 1783 4827; x_wconf 70' lang='lat'><strong>5502</strong></span> <span class='ocrx_word' id='word_1_544' title='bbox 1836 4766 2282 4835; x_wconf 82' lang='lat' dir='ltr'><strong>DiplovatacciO.</strong></span> <span class='ocrx_word' id='word_1_545' title='bbox 2310 4765 2440 4819; x_wconf 82' lang='lat' dir='ltr'><strong>Alia</strong></span> <span class='ocrx_word' id='word_1_546' title='bbox 2468 4767 2721 4835; x_wconf 84' lang='lat' dir='ltr'><strong>ejusdem</strong></span> <span class='ocrx_word' id='word_1_547' title='bbox 2749 4780 2922 4835; x_wconf 82' lang='lat' dir='ltr'><strong>opera</strong></span> <span class='ocrx_word' id='word_1_548' title='bbox 2948 4765 3120 4834; x_wconf 86' lang='lat' dir='ltr'><strong>respi-</strong></span> 
     </span>
     <span class='ocr_line' id='line_1_83' title="bbox 507 4836 3118 4906; baseline 0 -13"><span class='ocrx_word' id='word_1_549' title='bbox 507 4840 789 4905; x_wconf 84' lang='lat' dir='ltr'><strong>Dietterle‚</strong></span> <span class='ocrx_word' id='word_1_550' title='bbox 832 4839 921 4891; x_wconf 83' lang='lat' dir='ltr'><strong>die</strong></span> <span class='ocrx_word' id='word_1_551' title='bbox 967 4836 1486 4892; x_wconf 79' lang='lat' dir='ltr'><strong>franziskanischen</strong></span> <span class='ocrx_word' id='word_1_552' title='bbox 1518 4838 1783 4892; x_wconf 78' lang='lat' dir='ltr'><strong>Summae</strong></span> <span class='ocrx_word' id='word_1_553' title='bbox 1839 4840 2003 4892; x_wconf 88' lang='lat' dir='ltr'><strong>ciunt</strong></span> <span class='ocrx_word' id='word_1_554' title='bbox 2043 4839 2141 4906; x_wconf 79' lang='lat' dir='ltr'><strong>jus</strong></span> <span class='ocrx_word' id='word_1_555' title='bbox 2191 4837 2376 4892; x_wconf 75' lang='lat' dir='ltr'><strong>civile.</strong></span> <span class='ocrx_word' id='word_1_556' title='bbox 2452 4838 2534 4891; x_wconf 80' lang='lat' dir='ltr'><strong>Cf.</strong></span> <span class='ocrx_word' id='word_1_557' title='bbox 2585 4836 2879 4891; x_wconf 79' lang='lat' dir='ltr'><strong>Fabricius</strong></span> <span class='ocrx_word' id='word_1_558' title='bbox 2934 4836 2969 4901; x_wconf 76' lang='grc' dir='ltr'><strong>Ι,</strong></span> <span class='ocrx_word' id='word_1_559' title='bbox 3020 4841 3118 4897; x_wconf 80' lang='lat'><strong>95;</strong></span> 
     </span>
    </p>
   </div>
   <div class='ocr_carea' id='block_1_26' title="bbox 501 4909 1708 4977">
    <p class='ocr_par' dir='ltr' id='par_1_27' title="bbox 501 4909 1708 4977">
     <span class='ocr_line' id='line_1_84' title="bbox 501 4909 1708 4977; baseline -0.004 -12"><span class='ocrx_word' id='word_1_560' title='bbox 501 4914 901 4966; x_wconf 66' lang='lat' dir='ltr'><strong>confessorum.</strong></span> <span class='ocrx_word' id='word_1_561' title='bbox 935 4911 1182 4967; x_wconf 68' lang='lat' dir='ltr'><strong>Dobelen</strong></span> <span class='ocrx_word' id='word_1_562' title='bbox 1211 4914 1349 4965; x_wconf 62' lang='lat'><strong>1893</strong></span> <span class='ocrx_word' id='word_1_563' title='bbox 1375 4926 1431 4977; x_wconf 85' lang='lat' dir='ltr'><strong>p.</strong></span> <span class='ocrx_word' id='word_1_564' title='bbox 1461 4909 1610 4962; x_wconf 78' lang='lat' dir='ltr'><strong>XVll</strong></span> <span class='ocrx_word' id='word_1_565' title='bbox 1639 4928 1708 4963; x_wconf 84' lang='lat' dir='ltr'><strong>ss.</strong></span> 
     </span>
    </p>
   </div>
   <div class='ocr_carea' id='block_1_27' title="bbox 1840 4909 2310 4971">
    <p class='ocr_par' dir='ltr' id='par_1_28' title="bbox 1840 4909 2310 4971">
     <span class='ocr_line' id='line_1_85' title="bbox 1840 4909 2310 4971; baseline 0.013 -9"><span class='ocrx_word' id='word_1_566' title='bbox 1840 4909 2070 4964; x_wconf 69' lang='lat' dir='ltr'><strong>Schulte</strong></span> <span class='ocrx_word' id='word_1_567' title='bbox 2100 4909 2164 4971; x_wconf 77' lang='lat'><strong>11,</strong></span> <span class='ocrx_word' id='word_1_568' title='bbox 2192 4914 2310 4969; x_wconf 71' lang='lat'><strong>365.</strong></span> 
     </span>
    </p>
   </div>
  </div>
 </body>
</html>
