<?xml version="1.0" encoding="UTF-8"?>
<!DOCTYPE html PUBLIC "-//W3C//DTD XHTML 1.0 Transitional//EN"
    "http://www.w3.org/TR/xhtml1/DTD/xhtml1-transitional.dtd">
<html xmlns="http://www.w3.org/1999/xhtml" xml:lang="en" lang="en">
 <head>
  <title>
</title>
<meta http-equiv="Content-Type" content="text/html;charset=utf-8" />
  <meta name='ocr-system' content='tesseract 3.04.00' />
  <meta name='ocr-capabilities' content='ocr_page ocr_carea ocr_par ocr_line ocrx_word'/>
</head>
<body>
  <div class='ocr_page' id='page_1' title='image "./nomenclatorlite10hurtgoog_0157.png"; bbox 0 0 3475 5364; ppageno 0'>
   <div class='ocr_carea' id='block_1_1' title="bbox 205 371 2791 446">
    <p class='ocr_par' dir='ltr' id='par_1_1' title="bbox 205 371 2791 446">
     <span class='ocr_line' id='line_1_1' title="bbox 205 371 2791 446; baseline 0.002 -21"><span class='ocrx_word' id='word_1_1' title='bbox 205 394 319 446; x_wconf 73' lang='lat'>239</span> <span class='ocrx_word' id='word_1_2' title='bbox 593 373 902 444; x_wconf 87' lang='lat' dir='ltr'>Biographi</span> <span class='ocrx_word' id='word_1_3' title='bbox 931 391 974 425; x_wconf 88' lang='lat' dir='ltr'>s.</span> <span class='ocrx_word' id='word_1_4' title='bbox 1001 375 1041 427; x_wconf 86' lang='lat' dir='ltr'>F</span> <span class='ocrx_word' id='word_1_5' title='bbox 1045 390 1200 427; x_wconf 87' lang='lat' dir='ltr'>ranc.</span> <span class='ocrx_word' id='word_1_6' title='bbox 1227 372 1396 426; x_wconf 81' lang='lat' dir='ltr'>Assia.</span> <span class='ocrx_word' id='word_1_7' title='bbox 1425 372 1671 426; x_wconf 81' lang='lat' dir='ltr'>Thomas</span> <span class='ocrx_word' id='word_1_8' title='bbox 1697 372 1767 425; x_wconf 89' lang='lat' dir='ltr'>de</span> <span class='ocrx_word' id='word_1_9' title='bbox 1798 371 1932 437; x_wconf 89' lang='lat' dir='ltr'>Cel.,</span> <span class='ocrx_word' id='word_1_10' title='bbox 1960 371 2226 426; x_wconf 77' lang='lat' dir='ltr'>Julianus</span> <span class='ocrx_word' id='word_1_11' title='bbox 2252 374 2359 429; x_wconf 78' lang='lat' dir='ltr'>etc.</span> <span class='ocrx_word' id='word_1_12' title='bbox 2671 392 2791 446; x_wconf 82' lang='lat'>290</span> 
     </span>
    </p>
   </div>
   <div class='ocr_carea' id='block_1_2' title="bbox 193 558 2843 2421">
    <p class='ocr_par' dir='ltr' id='par_1_2' title="bbox 193 558 2843 2331">
     <span class='ocr_line' id='line_1_2' title="bbox 207 558 2794 634; baseline 0 -16"><span class='ocrx_word' id='word_1_13' title='bbox 207 561 357 618; x_wconf 78' lang='lat' dir='ltr'>velut</span> <span class='ocrx_word' id='word_1_14' title='bbox 401 578 569 618; x_wconf 86' lang='lat' dir='ltr'>arena</span> <span class='ocrx_word' id='word_1_15' title='bbox 615 561 680 618; x_wconf 92' lang='lat' dir='ltr'>in</span> <span class='ocrx_word' id='word_1_16' title='bbox 724 560 924 619; x_wconf 87' lang='lat' dir='ltr'>littore</span> <span class='ocrx_word' id='word_1_17' title='bbox 971 559 1166 628; x_wconf 89' lang='lat' dir='ltr'>maris,</span> <span class='ocrx_word' id='word_1_18' title='bbox 1214 561 1453 618; x_wconf 87' lang='lat' dir='ltr'>nactum</span> <span class='ocrx_word' id='word_1_19' title='bbox 1511 558 1685 634; x_wconf 88' lang='lat' dir='ltr'>quasi</span> <span class='ocrx_word' id='word_1_20' title='bbox 1716 558 2122 617; x_wconf 77' lang='lat' dir='ltr'><strong>authenticam</strong></span> <span class='ocrx_word' id='word_1_21' title='bbox 2143 560 2523 617; x_wconf 75' lang='lat' dir='ltr'>concinnaret</span> <span class='ocrx_word' id='word_1_22' title='bbox 2539 579 2582 617; x_wconf 87' lang='lat' dir='ltr'>s.</span> <span class='ocrx_word' id='word_1_23' title='bbox 2603 561 2794 618; x_wconf 85' lang='lat' dir='ltr'>Patris</span> 
     </span>
     <span class='ocr_line' id='line_1_3' title="bbox 204 648 2843 725; baseline -0 -17"><span class='ocrx_word' id='word_1_24' title='bbox 204 667 319 709; x_wconf 84' lang='lat' dir='ltr'>esse</span> <span class='ocrx_word' id='word_1_25' title='bbox 351 650 540 723; x_wconf 89' lang='lat' dir='ltr'>plures</span> <span class='ocrx_word' id='word_1_26' title='bbox 573 650 944 725; x_wconf 82' lang='lat' dir='ltr'>biographos.</span> <span class='ocrx_word' id='word_1_27' title='bbox 998 649 1233 707; x_wconf 82' lang='lat' dir='ltr'><strong>Primus</strong></span> <span class='ocrx_word' id='word_1_28' title='bbox 1263 649 1359 707; x_wconf 80' lang='lat' dir='ltr'>vel</span> <span class='ocrx_word' id='word_1_29' title='bbox 1388 667 1458 707; x_wconf 83' lang='lat' dir='ltr'>ex</span> <span class='ocrx_word' id='word_1_30' title='bbox 1513 648 1714 706; x_wconf 88' lang='lat' dir='ltr'>vitam.</span> <span class='ocrx_word' id='word_1_31' title='bbox 1769 648 1937 706; x_wconf 92' lang='lat' dir='ltr'>Ouod</span> <span class='ocrx_word' id='word_1_32' title='bbox 1977 666 2109 705; x_wconf 86' lang='lat' dir='ltr'>cum</span> <span class='ocrx_word' id='word_1_33' title='bbox 2146 649 2564 722; x_wconf 80' lang='lat' dir='ltr'><strong>praestitisset,</strong></span> <span class='ocrx_word' id='word_1_34' title='bbox 2602 650 2793 724; x_wconf 86' lang='lat' dir='ltr'>pluri·</span> <span class='ocrx_word' id='word_1_35' title='bbox 2826 673 2843 689; x_wconf 94' lang='lat'><strong>·</strong></span> 
     </span>
     <span class='ocr_line' id='line_1_4' title="bbox 204 736 2792 814; baseline 0 -18"><span class='ocrx_word' id='word_1_36' title='bbox 204 739 393 814; x_wconf 85' lang='lat' dir='ltr'>primis</span> <span class='ocrx_word' id='word_1_37' title='bbox 452 737 563 795; x_wconf 87' lang='lat' dir='ltr'>fuit</span> <span class='ocrx_word' id='word_1_38' title='bbox 621 738 771 796; x_wconf 86' lang='lat' dir='ltr'>Tho</span> <span class='ocrx_word' id='word_1_39' title='bbox 794 759 848 795; x_wconf 86' lang='lat' dir='ltr'>m</span> <span class='ocrx_word' id='word_1_40' title='bbox 868 758 946 796; x_wconf 87' lang='lat' dir='ltr'>as</span> <span class='ocrx_word' id='word_1_41' title='bbox 1024 737 1097 796; x_wconf 91' lang='lat' dir='ltr'>de</span> <span class='ocrx_word' id='word_1_42' title='bbox 1173 737 1459 796; x_wconf 86' lang='lat' dir='ltr'>Celano</span> <span class='ocrx_word' id='word_1_43' title='bbox 1512 756 1677 794; x_wconf 88' lang='lat' dir='ltr'>mum</span> <span class='ocrx_word' id='word_1_44' title='bbox 1724 740 1903 795; x_wconf 88' lang='lat' dir='ltr'>utens</span> <span class='ocrx_word' id='word_1_45' title='bbox 1951 736 2252 795; x_wconf 78' lang='lat' dir='ltr'><strong>laboribus</strong></span> <span class='ocrx_word' id='word_1_46' title='bbox 2302 737 2572 804; x_wconf 78' lang='lat' dir='ltr'>Thomas,</span> <span class='ocrx_word' id='word_1_47' title='bbox 2626 759 2792 814; x_wconf 82' lang='lat' dir='ltr'>prae-</span> 
     </span>
     <span class='ocr_line' id='line_1_5' title="bbox 204 826 2793 903; baseline 0.001 -19"><span class='ocrx_word' id='word_1_48' title='bbox 204 846 249 884; x_wconf 78' lang='lat' dir='ltr'>s,</span> <span class='ocrx_word' id='word_1_49' title='bbox 277 827 551 885; x_wconf 81' lang='lat' dir='ltr'>Francisci</span> <span class='ocrx_word' id='word_1_50' title='bbox 594 827 926 903; x_wconf 83' lang='lat' dir='ltr'>discipulus</span> <span class='ocrx_word' id='word_1_51' title='bbox 973 832 1034 885; x_wconf 88' lang='lat' dir='ltr'>et</span> <span class='ocrx_word' id='word_1_52' title='bbox 1079 845 1285 885; x_wconf 88' lang='lat' dir='ltr'>comes.</span> <span class='ocrx_word' id='word_1_53' title='bbox 1349 827 1460 884; x_wconf 88' lang='lat' dir='ltr'>Hic</span> <span class='ocrx_word' id='word_1_54' title='bbox 1513 826 1675 900; x_wconf 92' lang='lat' dir='ltr'>cepit</span> <span class='ocrx_word' id='word_1_55' title='bbox 1703 827 1982 902; x_wconf 87' lang='lat' dir='ltr'>generale</span> <span class='ocrx_word' id='word_1_56' title='bbox 2016 827 2334 900; x_wconf 85' lang='lat' dir='ltr'>capitulum</span> <span class='ocrx_word' id='word_1_57' title='bbox 2371 826 2571 901; x_wconf 83' lang='lat' dir='ltr'>,quod</span> <span class='ocrx_word' id='word_1_58' title='bbox 2593 847 2793 887; x_wconf 90' lang='lat' dir='ltr'>omnes</span> 
     </span>
     <span class='ocr_line' id='line_1_6' title="bbox 203 915 2796 991; baseline 0.001 -17"><span class='ocrx_word' id='word_1_59' title='bbox 203 917 401 974; x_wconf 85' lang='lat' dir='ltr'>missus</span> <span class='ocrx_word' id='word_1_60' title='bbox 431 915 542 973; x_wconf 82' lang='lat' dir='ltr'>fuit</span> <span class='ocrx_word' id='word_1_61' title='bbox 572 936 619 974; x_wconf 88' lang='lat' dir='ltr'>a.</span> <span class='ocrx_word' id='word_1_62' title='bbox 651 926 806 979; x_wconf 85' lang='lat'>1221</span> <span class='ocrx_word' id='word_1_63' title='bbox 851 917 914 975; x_wconf 90' lang='lat' dir='ltr'>in</span> <span class='ocrx_word' id='word_1_64' title='bbox 939 916 1329 985; x_wconf 80' lang='lat' dir='ltr'>Germaniam,</span> <span class='ocrx_word' id='word_1_65' title='bbox 1354 916 1458 974; x_wconf 92' lang='lat' dir='ltr'>ubi</span> <span class='ocrx_word' id='word_1_66' title='bbox 1512 915 1822 991; x_wconf 88' lang='lat' dir='ltr'>Legendae</span> <span class='ocrx_word' id='word_1_67' title='bbox 1869 916 1940 973; x_wconf 91' lang='lat' dir='ltr'>de</span> <span class='ocrx_word' id='word_1_68' title='bbox 1984 915 2040 973; x_wconf 94' lang='lat' dir='ltr'>b.</span> <span class='ocrx_word' id='word_1_69' title='bbox 2073 915 2385 974; x_wconf 85' lang='lat' dir='ltr'>Francisco</span> <span class='ocrx_word' id='word_1_70' title='bbox 2436 916 2578 974; x_wconf 91' lang='lat' dir='ltr'>olim</span> <span class='ocrx_word' id='word_1_71' title='bbox 2611 916 2796 976; x_wconf 82' lang='lat' dir='ltr'>sactae</span> 
     </span>
     <span class='ocr_line' id='line_1_7' title="bbox 201 1004 2792 1080; baseline 0.001 -18"><span class='ocrx_word' id='word_1_72' title='bbox 201 1005 445 1079; x_wconf 87' lang='lat' dir='ltr'>plurium</span> <span class='ocrx_word' id='word_1_73' title='bbox 475 1007 693 1064; x_wconf 84' lang='lat' dir='ltr'>electus</span> <span class='ocrx_word' id='word_1_74' title='bbox 714 1011 808 1064; x_wconf 89' lang='lat' dir='ltr'>est</span> <span class='ocrx_word' id='word_1_75' title='bbox 827 1008 1228 1064; x_wconf 82' lang='lat' dir='ltr'>conventuum</span> <span class='ocrx_word' id='word_1_76' title='bbox 1259 1009 1459 1063; x_wconf 75' lang='lat' dir='ltr'>custos</span> <span class='ocrx_word' id='word_1_77' title='bbox 1515 1004 1830 1063; x_wconf 88' lang='lat' dir='ltr'>deleantur</span> <span class='ocrx_word' id='word_1_78' title='bbox 1862 1009 1922 1062; x_wconf 92' lang='lat' dir='ltr'>et</span> <span class='ocrx_word' id='word_1_79' title='bbox 1952 1005 2057 1062; x_wconf 79' lang='lat' dir='ltr'>ubi</span> <span class='ocrx_word' id='word_1_80' title='bbox 2094 1005 2353 1063; x_wconf 84' lang='lat' dir='ltr'>inveniri</span> <span class='ocrx_word' id='word_1_81' title='bbox 2385 1009 2664 1080; x_wconf 88' lang='lat' dir='ltr'>poterunt</span> <span class='ocrx_word' id='word_1_82' title='bbox 2696 1026 2792 1064; x_wconf 86' lang='lat' dir='ltr'>ex-</span> 
     </span>
     <span class='ocr_line' id='line_1_8' title="bbox 207 1088 2797 1175; baseline -0.001 -20"><span class='ocrx_word' id='word_1_83' title='bbox 207 1088 432 1173; x_wconf 50' lang='lat'>(1223).</span> <span class='ocrx_word' id='word_1_84' title='bbox 467 1094 603 1152; x_wconf 84' lang='lat' dir='ltr'>Post</span> <span class='ocrx_word' id='word_1_85' title='bbox 617 1094 880 1153; x_wconf 88' lang='lat' dir='ltr'>reditum</span> <span class='ocrx_word' id='word_1_86' title='bbox 891 1096 1098 1171; x_wconf 89' lang='lat' dir='ltr'>jussus</span> <span class='ocrx_word' id='word_1_87' title='bbox 1114 1096 1210 1152; x_wconf 92' lang='lat' dir='ltr'>est</span> <span class='ocrx_word' id='word_1_88' title='bbox 1230 1089 1457 1175; x_wconf 84' lang='grc'>(1229)</span> <span class='ocrx_word' id='word_1_89' title='bbox 1515 1099 1608 1151; x_wconf 90' lang='lat' dir='ltr'>tra</span> <span class='ocrx_word' id='word_1_90' title='bbox 1670 1094 1956 1162; x_wconf 86' lang='lat' dir='ltr'><strong>ordinem,</strong></span> <span class='ocrx_word' id='word_1_91' title='bbox 2022 1094 2181 1168; x_wconf 87' lang='lat' dir='ltr'>ipsas</span> <span class='ocrx_word' id='word_1_92' title='bbox 2241 1096 2450 1152; x_wconf 80' lang='lat' dir='ltr'>fratres</span> <span class='ocrx_word' id='word_1_93' title='bbox 2515 1095 2797 1153; x_wconf 85' lang='lat' dir='ltr'>studeant</span> 
     </span>
     <span class='ocr_line' id='line_1_9' title="bbox 201 1183 2798 1259; baseline 0.001 -19"><span class='ocrx_word' id='word_1_94' title='bbox 201 1183 615 1259; x_wconf 86' lang='lat' dir='ltr'>aGregoriolX.</span> <span class='ocrx_word' id='word_1_95' title='bbox 635 1184 1004 1242; x_wconf 77' lang='lat' dir='ltr'><strong>conscribere</strong></span> <span class='ocrx_word' id='word_1_96' title='bbox 1023 1185 1201 1242; x_wconf 84' lang='lat' dir='ltr'>vitam</span> <span class='ocrx_word' id='word_1_97' title='bbox 1216 1201 1258 1241; x_wconf 91' lang='lat' dir='ltr'>s.</span> <span class='ocrx_word' id='word_1_98' title='bbox 1277 1183 1459 1242; x_wconf 87' lang='lat' dir='ltr'>Fran·</span> <span class='ocrx_word' id='word_1_99' title='bbox 1513 1201 1802 1251; x_wconf 82' lang='lat' dir='ltr'>amovere,</span> <span class='ocrx_word' id='word_1_100' title='bbox 1838 1200 1973 1240; x_wconf 93' lang='lat' dir='ltr'>cum</span> <span class='ocrx_word' id='word_1_101' title='bbox 2004 1183 2110 1240; x_wconf 88' lang='lat' dir='ltr'>illa</span> <span class='ocrx_word' id='word_1_102' title='bbox 2140 1183 2428 1259; x_wconf 82' lang='lat' dir='ltr'>Legenda,</span> <span class='ocrx_word' id='word_1_103' title='bbox 2464 1203 2613 1257; x_wconf 83' lang='lat' dir='ltr'>quae</span> <span class='ocrx_word' id='word_1_104' title='bbox 2649 1185 2798 1242; x_wconf 79' lang='lat' dir='ltr'>facta</span> 
     </span>
     <span class='ocr_line' id='line_1_10' title="bbox 203 1268 2798 1355; baseline 0.001 -26"><span class='ocrx_word' id='word_1_105' title='bbox 203 1271 348 1339; x_wconf 82' lang='lat' dir='ltr'>cisci,</span> <span class='ocrx_word' id='word_1_106' title='bbox 378 1291 520 1345; x_wconf 88' lang='lat' dir='ltr'>quae</span> <span class='ocrx_word' id='word_1_107' title='bbox 560 1272 718 1331; x_wconf 82' lang='lat' dir='ltr'>dicta</span> <span class='ocrx_word' id='word_1_108' title='bbox 749 1276 840 1331; x_wconf 87' lang='lat' dir='ltr'>est</span> <span class='ocrx_word' id='word_1_109' title='bbox 871 1274 1140 1349; x_wconf 76' lang='lat' dir='ltr'>Leyenda</span> <span class='ocrx_word' id='word_1_110' title='bbox 1175 1268 1457 1352; x_wconf 56' lang='lat' dir='ltr'>primm).</span> <span class='ocrx_word' id='word_1_111' title='bbox 1514 1274 1607 1329; x_wconf 89' lang='lat' dir='ltr'>est</span> <span class='ocrx_word' id='word_1_112' title='bbox 1637 1290 1746 1346; x_wconf 89' lang='lat' dir='ltr'>per</span> <span class='ocrx_word' id='word_1_113' title='bbox 1778 1272 2109 1347; x_wconf 83' lang='lat' dir='ltr'>generalem</span> <span class='ocrx_word' id='word_1_114' title='bbox 2150 1268 2681 1355; x_wconf 85' lang='lat' dir='ltr'>(Bonaventuram)</span> <span class='ocrx_word' id='word_1_115' title='bbox 2716 1274 2798 1331; x_wconf 90' lang='lat' dir='ltr'>sit</span> 
     </span>
     <span class='ocr_line' id='line_1_11' title="bbox 203 1361 2796 1436; baseline 0.001 -19"><span class='ocrx_word' id='word_1_116' title='bbox 203 1361 338 1418; x_wconf 81' lang='lat' dir='ltr'>Eam</span> <span class='ocrx_word' id='word_1_117' title='bbox 369 1362 535 1419; x_wconf 86' lang='lat' dir='ltr'>habes</span> <span class='ocrx_word' id='word_1_118' title='bbox 560 1362 621 1419; x_wconf 92' lang='lat' dir='ltr'>in</span> <span class='ocrx_word' id='word_1_119' title='bbox 640 1365 770 1420; x_wconf 89' lang='lat' dir='ltr'>Act.</span> <span class='ocrx_word' id='word_1_120' title='bbox 794 1362 887 1421; x_wconf 89' lang='lat' dir='ltr'>SS.</span> <span class='ocrx_word' id='word_1_121' title='bbox 912 1373 967 1423; x_wconf 83' lang='lat'>4.</span> <span class='ocrx_word' id='word_1_122' title='bbox 991 1363 1115 1420; x_wconf 89' lang='lat' dir='ltr'>Oct.</span> <span class='ocrx_word' id='word_1_123' title='bbox 1137 1362 1212 1431; x_wconf 85' lang='lat' dir='ltr'>II,</span> <span class='ocrx_word' id='word_1_124' title='bbox 1238 1370 1359 1424; x_wconf 82' lang='lat'>683</span> <span class='ocrx_word' id='word_1_125' title='bbox 1385 1380 1458 1419; x_wconf 86' lang='lat' dir='ltr'>ss.</span> <span class='ocrx_word' id='word_1_126' title='bbox 1511 1361 1854 1435; x_wconf 87' lang='lat' dir='ltr'>compilata,</span> <span class='ocrx_word' id='word_1_127' title='bbox 1909 1363 2091 1435; x_wconf 89' lang='lat' dir='ltr'>prout</span> <span class='ocrx_word' id='word_1_128' title='bbox 2139 1362 2267 1436; x_wconf 88' lang='lat' dir='ltr'>ipse</span> <span class='ocrx_word' id='word_1_129' title='bbox 2321 1361 2529 1419; x_wconf 87' lang='lat' dir='ltr'>babuit</span> <span class='ocrx_word' id='word_1_130' title='bbox 2574 1362 2647 1419; x_wconf 85' lang='lat' dir='ltr'>ab</span> <span class='ocrx_word' id='word_1_131' title='bbox 2698 1381 2796 1420; x_wconf 88' lang='lat' dir='ltr'>ore</span> 
     </span>
     <span class='ocr_line' id='line_1_12' title="bbox 203 1449 2794 1525; baseline 0.001 -18"><span class='ocrx_word' id='word_1_132' title='bbox 203 1449 314 1507; x_wconf 86' lang='lat' dir='ltr'>Sed</span> <span class='ocrx_word' id='word_1_133' title='bbox 357 1470 479 1507; x_wconf 88' lang='lat' dir='ltr'>cum</span> <span class='ocrx_word' id='word_1_134' title='bbox 526 1451 589 1508; x_wconf 92' lang='lat' dir='ltr'>in</span> <span class='ocrx_word' id='word_1_135' title='bbox 639 1470 706 1509; x_wconf 87' lang='lat' dir='ltr'>ea</span> <span class='ocrx_word' id='word_1_136' title='bbox 739 1452 931 1509; x_wconf 87' lang='lat' dir='ltr'>multa</span> <span class='ocrx_word' id='word_1_137' title='bbox 962 1450 1458 1517; x_wconf 83' lang='lat' dir='ltr'>desiderarentur,</span> <span class='ocrx_word' id='word_1_138' title='bbox 1514 1449 1776 1519; x_wconf 86' lang='lat' dir='ltr'>illorum,</span> <span class='ocrx_word' id='word_1_139' title='bbox 1829 1449 1935 1524; x_wconf 91' lang='lat' dir='ltr'>qui</span> <span class='ocrx_word' id='word_1_140' title='bbox 1985 1469 2119 1508; x_wconf 90' lang='lat' dir='ltr'>cum</span> <span class='ocrx_word' id='word_1_141' title='bbox 2170 1450 2224 1507; x_wconf 88' lang='lat' dir='ltr'>b.</span> <span class='ocrx_word' id='word_1_142' title='bbox 2270 1450 2577 1510; x_wconf 84' lang='lat' dir='ltr'>Francisco</span> <span class='ocrx_word' id='word_1_143' title='bbox 2623 1451 2794 1525; x_wconf 87' lang='lat' dir='ltr'><strong>quasi</strong></span> 
     </span>
     <span class='ocr_line' id='line_1_13' title="bbox 193 1539 2792 1617; baseline 0 -20"><span class='ocrx_word' id='word_1_144' title='bbox 193 1539 372 1613; x_wconf 82' lang='lat' dir='ltr'>jussit</span> <span class='ocrx_word' id='word_1_145' title='bbox 400 1539 758 1599; x_wconf 80' lang='lat' dir='ltr'>crescentius</span> <span class='ocrx_word' id='word_1_146' title='bbox 789 1541 1064 1598; x_wconf 89' lang='lat' dir='ltr'>minister</span> <span class='ocrx_word' id='word_1_147' title='bbox 1083 1540 1376 1617; x_wconf 89' lang='lat' dir='ltr'>generalis</span> <span class='ocrx_word' id='word_1_148' title='bbox 1397 1539 1462 1597; x_wconf 92' lang='lat' dir='ltr'>in</span> <span class='ocrx_word' id='word_1_149' title='bbox 1517 1556 1752 1613; x_wconf 85' lang='lat' dir='ltr'>semper</span> <span class='ocrx_word' id='word_1_150' title='bbox 1783 1539 2028 1597; x_wconf 86' lang='lat' dir='ltr'>fuerunt</span> <span class='ocrx_word' id='word_1_151' title='bbox 2058 1543 2119 1597; x_wconf 90' lang='lat' dir='ltr'>et</span> <span class='ocrx_word' id='word_1_152' title='bbox 2150 1548 2364 1597; x_wconf 88' lang='lat' dir='ltr'>cuncta</span> <span class='ocrx_word' id='word_1_153' title='bbox 2404 1540 2792 1598; x_wconf 74' lang='lat' dir='ltr'>certitudine—</span> 
     </span>
     <span class='ocr_line' id='line_1_14' title="bbox 201 1628 2798 1704; baseline 0 -18"><span class='ocrx_word' id='word_1_154' title='bbox 201 1628 662 1702; x_wconf 38' lang='lat' dir='ltr'>capituloxl244,</span> <span class='ocrx_word' id='word_1_155' title='bbox 695 1634 769 1687; x_wconf 91' lang='lat' dir='ltr'>ut</span> <span class='ocrx_word' id='word_1_156' title='bbox 790 1629 1023 1688; x_wconf 90' lang='lat' dir='ltr'>sodales</span> <span class='ocrx_word' id='word_1_157' title='bbox 1054 1647 1205 1704; x_wconf 87' lang='lat' dir='ltr'>quae</span> <span class='ocrx_word' id='word_1_158' title='bbox 1237 1647 1456 1687; x_wconf 89' lang='lat' dir='ltr'>memo·</span> <span class='ocrx_word' id='word_1_159' title='bbox 1516 1628 1653 1685; x_wconf 88' lang='lat' dir='ltr'>liter</span> <span class='ocrx_word' id='word_1_160' title='bbox 1683 1628 1969 1686; x_wconf 87' lang='lat' dir='ltr'>sciverint</span> <span class='ocrx_word' id='word_1_161' title='bbox 2000 1633 2061 1686; x_wconf 91' lang='lat' dir='ltr'>et</span> <span class='ocrx_word' id='word_1_162' title='bbox 2092 1629 2338 1703; x_wconf 73' lang='lat' dir='ltr'>probata</span> <span class='ocrx_word' id='word_1_163' title='bbox 2368 1629 2451 1686; x_wconf 91' lang='lat' dir='ltr'>ibi</span> <span class='ocrx_word' id='word_1_164' title='bbox 2466 1629 2588 1687; x_wconf 88' lang='lat' dir='ltr'>sint</span> <span class='ocrx_word' id='word_1_165' title='bbox 2605 1630 2798 1704; x_wconf 81' lang='lat' dir='ltr'>posita</span> 
     </span>
     <span class='ocr_line' id='line_1_15' title="bbox 201 1713 2797 1797; baseline 0.001 -24"><span class='ocrx_word' id='word_1_166' title='bbox 201 1716 289 1774; x_wconf 88' lang='lat' dir='ltr'>ria</span> <span class='ocrx_word' id='word_1_167' title='bbox 315 1716 480 1791; x_wconf 86' lang='lat' dir='ltr'>digna</span> <span class='ocrx_word' id='word_1_168' title='bbox 508 1718 577 1775; x_wconf 90' lang='lat' dir='ltr'>de</span> <span class='ocrx_word' id='word_1_169' title='bbox 599 1737 643 1775; x_wconf 86' lang='lat' dir='ltr'>s.</span> <span class='ocrx_word' id='word_1_170' title='bbox 664 1718 978 1778; x_wconf 72' lang='lat' dir='ltr'>Franci-:co</span> <span class='ocrx_word' id='word_1_171' title='bbox 1011 1719 1248 1788; x_wconf 89' lang='lat' dir='ltr'>scirent,</span> <span class='ocrx_word' id='word_1_172' title='bbox 1281 1718 1459 1776; x_wconf 87' lang='lat' dir='ltr'>refer·</span> <span class='ocrx_word' id='word_1_173' title='bbox 1516 1717 1837 1793; x_wconf 81' lang='lat' dir='ltr'>diligenter</span> <span class='ocrx_word' id='word_1_174' title='bbox 1887 1713 2073 1797; x_wconf 88' lang='lat' dir='ltr'>(apud</span> <span class='ocrx_word' id='word_1_175' title='bbox 2122 1717 2433 1775; x_wconf 88' lang='lat' dir='ltr'>Riualdi</span> <span class='ocrx_word' id='word_1_176' title='bbox 2497 1718 2797 1793; x_wconf 90' lang='lat' dir='ltr'>Seraphici</span> 
     </span>
     <span class='ocr_line' id='line_1_16' title="bbox 202 1806 2794 1883; baseline 0.001 -22"><span class='ocrx_word' id='word_1_177' title='bbox 202 1810 348 1862; x_wconf 82' lang='lat' dir='ltr'>rent.</span> <span class='ocrx_word' id='word_1_178' title='bbox 403 1806 514 1863; x_wconf 85' lang='lat' dir='ltr'>Has</span> <span class='ocrx_word' id='word_1_179' title='bbox 545 1808 809 1876; x_wconf 88' lang='lat' dir='ltr'>notitias,</span> <span class='ocrx_word' id='word_1_180' title='bbox 858 1808 1017 1866; x_wconf 91' lang='lat' dir='ltr'>inter</span> <span class='ocrx_word' id='word_1_181' title='bbox 1063 1826 1207 1883; x_wconf 91' lang='lat' dir='ltr'>quas</span> <span class='ocrx_word' id='word_1_182' title='bbox 1240 1806 1461 1865; x_wconf 89' lang='lat' dir='ltr'>emine·</span> <span class='ocrx_word' id='word_1_183' title='bbox 1516 1806 1631 1863; x_wconf 87' lang='lat' dir='ltr'>viri</span> <span class='ocrx_word' id='word_1_184' title='bbox 1665 1825 1709 1863; x_wconf 81' lang='lat' dir='ltr'>e.</span> <span class='ocrx_word' id='word_1_185' title='bbox 1745 1806 1835 1862; x_wconf 89' lang='lat' dir='ltr'>Fr.</span> <span class='ocrx_word' id='word_1_186' title='bbox 1870 1811 1935 1863; x_wconf 83' lang='lat' dir='ltr'>A.</span> <span class='ocrx_word' id='word_1_187' title='bbox 1977 1807 2141 1864; x_wconf 87' lang='lat' dir='ltr'>Vitae</span> <span class='ocrx_word' id='word_1_188' title='bbox 2172 1807 2322 1864; x_wconf 86' lang='lat' dir='ltr'>duae</span> <span class='ocrx_word' id='word_1_189' title='bbox 2355 1810 2593 1865; x_wconf 84' lang='lat' dir='ltr'>auctore</span> <span class='ocrx_word' id='word_1_190' title='bbox 2617 1807 2667 1864; x_wconf 90' lang='lat' dir='ltr'>b.</span> <span class='ocrx_word' id='word_1_191' title='bbox 2691 1808 2794 1865; x_wconf 87' lang='lat' dir='ltr'>Th.</span> 
     </span>
     <span class='ocr_line' id='line_1_17' title="bbox 206 1894 2797 1971; baseline 0.001 -20"><span class='ocrx_word' id='word_1_192' title='bbox 206 1895 344 1952; x_wconf 87' lang='lat' dir='ltr'>bant</span> <span class='ocrx_word' id='word_1_193' title='bbox 387 1915 465 1964; x_wconf 82' lang='lat' dir='ltr'>ea,</span> <span class='ocrx_word' id='word_1_194' title='bbox 514 1915 664 1971; x_wconf 90' lang='lat' dir='ltr'>quae</span> <span class='ocrx_word' id='word_1_195' title='bbox 713 1896 1051 1955; x_wconf 88' lang='lat' dir='ltr'>referebant</span> <span class='ocrx_word' id='word_1_196' title='bbox 1098 1900 1221 1955; x_wconf 91' lang='lat' dir='ltr'>tres</span> <span class='ocrx_word' id='word_1_197' title='bbox 1270 1896 1459 1954; x_wconf 90' lang='lat' dir='ltr'>sancti</span> <span class='ocrx_word' id='word_1_198' title='bbox 1516 1896 1587 1953; x_wconf 92' lang='lat' dir='ltr'>de</span> <span class='ocrx_word' id='word_1_199' title='bbox 1620 1894 1674 1952; x_wconf 83' lang='grc' dir='ltr'>Ο.</span> <span class='ocrx_word' id='word_1_200' title='bbox 1713 1914 1767 1969; x_wconf 91' lang='lat' dir='ltr'>p.</span> <span class='ocrx_word' id='word_1_201' title='bbox 1790 1895 1952 1968; x_wconf 83' lang='lat' dir='ltr'>xl).‹</span> <span class='ocrx_word' id='word_1_202' title='bbox 1990 1895 2143 1953; x_wconf 88' lang='lat' dir='ltr'>Hinc</span> <span class='ocrx_word' id='word_1_203' title='bbox 2163 1896 2377 1970; x_wconf 82' lang='lat' dir='ltr'>duplex</span> <span class='ocrx_word' id='word_1_204' title='bbox 2399 1896 2652 1954; x_wconf 83' lang='lat' dir='ltr'>Thomae</span> <span class='ocrx_word' id='word_1_205' title='bbox 2672 1897 2797 1954; x_wconf 83' lang='lat' dir='ltr'>vita</span> 
     </span>
     <span class='ocr_line' id='line_1_18' title="bbox 203 1983 2793 2065; baseline 0 -24"><span class='ocrx_word' id='word_1_206' title='bbox 203 1983 384 2041; x_wconf 83' lang='lat' dir='ltr'><strong>nostri</strong></span> <span class='ocrx_word' id='word_1_207' title='bbox 430 1984 701 2060; x_wconf 85' lang='lat' dir='ltr'>discipuli</span> <span class='ocrx_word' id='word_1_208' title='bbox 762 1986 1081 2044; x_wconf 87' lang='lat' dir='ltr'>admodum</span> <span class='ocrx_word' id='word_1_209' title='bbox 1141 1985 1461 2065; x_wconf 76' lang='lat' dir='ltr'>familiares</span> <span class='ocrx_word' id='word_1_210' title='bbox 1516 2002 1649 2042; x_wconf 89' lang='lat' dir='ltr'>rara</span> <span class='ocrx_word' id='word_1_211' title='bbox 1682 1988 1776 2041; x_wconf 88' lang='lat' dir='ltr'>est</span> <span class='ocrx_word' id='word_1_212' title='bbox 1803 1984 1955 2042; x_wconf 85' lang='lat' dir='ltr'>facta</span> <span class='ocrx_word' id='word_1_213' title='bbox 1974 1989 2154 2059; x_wconf 84' lang='lat' dir='ltr'>atque</span> <span class='ocrx_word' id='word_1_214' title='bbox 2175 1985 2474 2042; x_wconf 79' lang='lat' dir='ltr'>rarissime</span> <span class='ocrx_word' id='word_1_215' title='bbox 2496 1984 2793 2064; x_wconf 75' lang='lat' dir='ltr'>prodiit1).</span> 
     </span>
     <span class='ocr_line' id='line_1_19' title="bbox 206 2070 2797 2155; baseline 0.001 -26"><span class='ocrx_word' id='word_1_216' title='bbox 206 2072 702 2150; x_wconf 80' lang='lat' dir='ltr'>Le0.Angelus</span> <span class='ocrx_word' id='word_1_217' title='bbox 735 2080 795 2133; x_wconf 94' lang='lat' dir='ltr'>et</span> <span class='ocrx_word' id='word_1_218' title='bbox 815 2076 864 2132; x_wconf 90' lang='lat' dir='ltr'>R</span> <span class='ocrx_word' id='word_1_219' title='bbox 885 2070 1299 2155; x_wconf 77' lang='lat' dir='ltr'>asinus(qui</span> <span class='ocrx_word' id='word_1_220' title='bbox 1320 2091 1458 2131; x_wconf 90' lang='lat' dir='ltr'>auc·</span> <span class='ocrx_word' id='word_1_221' title='bbox 1518 2072 1734 2131; x_wconf 83' lang='lat' dir='ltr'>Nostro</span> <span class='ocrx_word' id='word_1_222' title='bbox 1769 2073 2023 2131; x_wconf 73' lang='lat' dir='ltr'>&#39;rhomae</span> <span class='ocrx_word' id='word_1_223' title='bbox 2072 2073 2365 2131; x_wconf 81' lang='lat' dir='ltr'>tribuitur</span> <span class='ocrx_word' id='word_1_224' title='bbox 2397 2074 2797 2149; x_wconf 84' lang='lat' dir='ltr'>pulcherrima</span> 
     </span>
     <span class='ocr_line' id='line_1_20' title="bbox 204 2162 2795 2240; baseline 0 -22"><span class='ocrx_word' id='word_1_225' title='bbox 204 2168 354 2219; x_wconf 87' lang='lat' dir='ltr'>tores</span> <span class='ocrx_word' id='word_1_226' title='bbox 382 2168 685 2222; x_wconf 85' lang='lat' dir='ltr'>censentur</span> <span class='ocrx_word' id='word_1_227' title='bbox 718 2164 1130 2222; x_wconf 84' lang='lat' dir='ltr'>celeberrimae</span> <span class='ocrx_word' id='word_1_228' title='bbox 1162 2163 1464 2240; x_wconf 73' lang='lat' dir='ltr'>Leymdae</span> <span class='ocrx_word' id='word_1_229' title='bbox 1518 2162 1840 2237; x_wconf 85' lang='lat' dir='ltr'>Sequentia</span> <span class='ocrx_word' id='word_1_230' title='bbox 1857 2162 1996 2220; x_wconf 84' lang='lat' dir='ltr'>Dies</span> <span class='ocrx_word' id='word_1_231' title='bbox 2010 2164 2151 2219; x_wconf 82' lang='lat' dir='ltr'>irae.</span> <span class='ocrx_word' id='word_1_232' title='bbox 2171 2164 2250 2220; x_wconf 87' lang='lat' dir='ltr'>Cf.</span> <span class='ocrx_word' id='word_1_233' title='bbox 2270 2163 2721 2240; x_wconf 77' lang='lat' dir='ltr'>Studireligiosi</span> <span class='ocrx_word' id='word_1_234' title='bbox 2742 2163 2795 2220; x_wconf 90' lang='lat' dir='ltr'>ll</span> 
     </span>
     <span class='ocr_line' id='line_1_21' title="bbox 206 2249 2314 2331; baseline 0 -24"><span class='ocrx_word' id='word_1_235' title='bbox 206 2252 370 2308; x_wconf 78' lang='lat' dir='ltr'>trium</span> <span class='ocrx_word' id='word_1_236' title='bbox 398 2254 692 2322; x_wconf 76' lang='lat' dir='ltr'>sociorum,</span> <span class='ocrx_word' id='word_1_237' title='bbox 736 2253 810 2310; x_wconf 89' lang='lat' dir='ltr'>de</span> <span class='ocrx_word' id='word_1_238' title='bbox 856 2273 975 2326; x_wconf 89' lang='lat' dir='ltr'>qua</span> <span class='ocrx_word' id='word_1_239' title='bbox 1020 2257 1224 2311; x_wconf 87' lang='lat' dir='ltr'>nostra</span> <span class='ocrx_word' id='word_1_240' title='bbox 1269 2254 1462 2310; x_wconf 86' lang='lat' dir='ltr'>aetate</span> <span class='ocrx_word' id='word_1_241' title='bbox 1517 2249 1743 2331; x_wconf 83' lang='grc'>(1902)</span> <span class='ocrx_word' id='word_1_242' title='bbox 1780 2252 1913 2309; x_wconf 70' lang='lat' dir='ltr'>fasc.</span> <span class='ocrx_word' id='word_1_243' title='bbox 1951 2262 1985 2313; x_wconf 90' lang='grc'><strong><em>3</em></strong></span> <span class='ocrx_word' id='word_1_244' title='bbox 2023 2271 2076 2326; x_wconf 91' lang='lat' dir='ltr'>p.</span> <span class='ocrx_word' id='word_1_245' title='bbox 2117 2260 2236 2313; x_wconf 82' lang='lat'>269</span> <span class='ocrx_word' id='word_1_246' title='bbox 2272 2271 2314 2309; x_wconf 71' lang='lat' dir='ltr'>a.</span> 
     </span>
    </p>

    <p class='ocr_par' dir='ltr' id='par_1_3' title="bbox 205 2337 1460 2421">
     <span class='ocr_line' id='line_1_22' title="bbox 205 2337 1460 2421; baseline 0.002 -25"><span class='ocrx_word' id='word_1_247' title='bbox 205 2359 400 2415; x_wconf 89' lang='lat' dir='ltr'>magna</span> <span class='ocrx_word' id='word_1_248' title='bbox 441 2344 566 2399; x_wconf 83' lang='lat' dir='ltr'>orta</span> <span class='ocrx_word' id='word_1_249' title='bbox 610 2346 705 2400; x_wconf 92' lang='lat' dir='ltr'>est</span> <span class='ocrx_word' id='word_1_250' title='bbox 745 2343 1144 2401; x_wconf 87' lang='lat' dir='ltr'>controversia</span> <span class='ocrx_word' id='word_1_251' title='bbox 1175 2337 1460 2421; x_wconf 87' lang='lat' dir='ltr'>literaria)</span> 
     </span>
    </p>
   </div>
   <div class='ocr_carea' id='block_1_3' title="bbox 202 2429 1465 2495">
    <p class='ocr_par' dir='ltr' id='par_1_4' title="bbox 202 2429 1465 2495">
     <span class='ocr_line' id='line_1_23' title="bbox 202 2429 1465 2495; baseline 0.001 -9"><span class='ocrx_word' id='word_1_252' title='bbox 202 2429 432 2487; x_wconf 69' lang='lat' dir='ltr'>indidit</span> <span class='ocrx_word' id='word_1_253' title='bbox 461 2430 832 2489; x_wconf 78' lang='lat' dir='ltr'>crescentius</span> <span class='ocrx_word' id='word_1_254' title='bbox 878 2435 1081 2491; x_wconf 89' lang='lat' dir='ltr'>nostro</span> <span class='ocrx_word' id='word_1_255' title='bbox 1113 2431 1360 2495; x_wconf 88' lang='lat' dir='ltr'>auctori,</span> <span class='ocrx_word' id='word_1_256' title='bbox 1395 2434 1465 2489; x_wconf 91' lang='lat' dir='ltr'>ut</span> 
     </span>
    </p>
   </div>
   <div class='ocr_carea' id='block_1_4' title="bbox 208 2482 2798 2685">
    <p class='ocr_par' dir='ltr' id='par_1_5' title="bbox 208 2482 2798 2685">
     <span class='ocr_line' id='line_1_24' title="bbox 208 2482 2796 2596; baseline -0.002 -21"><span class='ocrx_word' id='word_1_257' title='bbox 208 2518 442 2592; x_wconf 86' lang='lat' dir='ltr'>priorem</span> <span class='ocrx_word' id='word_1_258' title='bbox 490 2520 797 2596; x_wconf 82' lang='lat' dir='ltr'>legendam</span> <span class='ocrx_word' id='word_1_259' title='bbox 849 2524 1198 2579; x_wconf 82' lang='lat' dir='ltr'>retractaret</span> <span class='ocrx_word' id='word_1_260' title='bbox 1248 2523 1308 2577; x_wconf 89' lang='lat' dir='ltr'>et</span> <span class='ocrx_word' id='word_1_261' title='bbox 1357 2539 1462 2577; x_wconf 90' lang='lat' dir='ltr'>au·</span> <span class='ocrx_word' id='word_1_262' title='bbox 1614 2491 1752 2544; x_wconf 72' lang='lat'>¹62·</span> <span class='ocrx_word' id='word_1_263' title='bbox 1790 2482 2191 2582; x_wconf 37' lang='lat' dir='ltr'>’Aliffautem</span> <span class='ocrx_word' id='word_1_264' title='bbox 2217 2483 2430 2583; x_wconf 41' lang='lat' dir='ltr'><strong>omn-{³⁹</strong></span> <span class='ocrx_word' id='word_1_265' title='bbox 2453 2483 2710 2560; x_wconf 67' lang='lat' dir='ltr'>legimus</span> <span class='ocrx_word' id='word_1_266' title='bbox 2734 2484 2796 2541; x_wconf 67' lang='lat' dir='ltr'>in</span> 
     </span>
     <span class='ocr_line' id='line_1_25' title="bbox 209 2571 2798 2685; baseline -0.003 -49"><span class='ocrx_word' id='word_1_267' title='bbox 209 2612 390 2681; x_wconf 55' lang='lat' dir='ltr'>geret:</span> <span class='ocrx_word' id='word_1_268' title='bbox 439 2607 568 2666; x_wconf 67' lang='lat' dir='ltr'>hinc</span> <span class='ocrx_word' id='word_1_269' title='bbox 599 2610 826 2685; x_wconf 63' lang='lat' dir='ltr'>prodiit</span> <span class='ocrx_word' id='word_1_270' title='bbox 858 2610 1045 2668; x_wconf 61' lang='lat' dir='ltr'>altera</span> <span class='ocrx_word' id='word_1_271' title='bbox 1073 2610 1198 2668; x_wconf 59' lang='lat' dir='ltr'><strong>vita</strong></span> <span class='ocrx_word' id='word_1_272' title='bbox 1229 2610 1325 2666; x_wconf 65' lang='lat' dir='ltr'>vel</span> <span class='ocrx_word' id='word_1_273' title='bbox 1355 2609 1460 2667; x_wconf 56' lang='lat' dir='ltr'>Le·</span> <span class='ocrx_word' id='word_1_274' title='bbox 1516 2571 1638 2630; x_wconf 90' lang='lat' dir='ltr'>cod.</span> <span class='ocrx_word' id='word_1_275' title='bbox 1665 2571 2243 2633; x_wconf 87' lang='lat' dir='ltr'>4354b1bhothecae</span> <span class='ocrx_word' id='word_1_276' title='bbox 2260 2578 2564 2631; x_wconf 81' lang='lat' dir='ltr'>vaticanae</span> <span class='ocrx_word' id='word_1_277' title='bbox 2581 2591 2798 2630; x_wconf 86' lang='lat' dir='ltr'>exeun-</span> 
     </span>
    </p>
   </div>
   <div class='ocr_carea' id='block_1_5' title="bbox 1517 2659 2801 3274">
    <p class='ocr_par' dir='ltr' id='par_1_6' title="bbox 1517 2659 2801 3274">
     <span class='ocr_line' id='line_1_26' title="bbox 1518 2659 2797 2737; baseline 0.001 -19"><span class='ocrx_word' id='word_1_278' title='bbox 1518 2660 1596 2719; x_wconf 84' lang='lat' dir='ltr'>tis</span> <span class='ocrx_word' id='word_1_279' title='bbox 1629 2678 1740 2718; x_wconf 90' lang='lat' dir='ltr'>sec.</span> <span class='ocrx_word' id='word_1_280' title='bbox 1772 2659 1901 2719; x_wconf 80' lang='lat' dir='ltr'>XIV</span> <span class='ocrx_word' id='word_1_281' title='bbox 1929 2660 1964 2719; x_wconf 88' lang='lat' dir='ltr'>f.</span> <span class='ocrx_word' id='word_1_282' title='bbox 2006 2671 2143 2732; x_wconf 88' lang='lat'>112,</span> <span class='ocrx_word' id='word_1_283' title='bbox 2190 2681 2339 2737; x_wconf 83' lang='lat' dir='ltr'>quae</span> <span class='ocrx_word' id='word_1_284' title='bbox 2374 2662 2447 2721; x_wconf 90' lang='lat' dir='ltr'>ad</span> <span class='ocrx_word' id='word_1_285' title='bbox 2482 2662 2625 2720; x_wconf 88' lang='lat' dir='ltr'>dicti</span> <span class='ocrx_word' id='word_1_286' title='bbox 2651 2661 2703 2719; x_wconf 92' lang='lat' dir='ltr'>b.</span> <span class='ocrx_word' id='word_1_287' title='bbox 2735 2663 2797 2720; x_wconf 92' lang='lat' dir='ltr'>P.</span> 
     </span>
     <span class='ocr_line' id='line_1_27' title="bbox 1520 2749 2801 2827; baseline 0.002 -21"><span class='ocrx_word' id='word_1_288' title='bbox 1520 2749 1861 2826; x_wconf 84' lang='lat' dir='ltr'>(Francisci)</span> <span class='ocrx_word' id='word_1_289' title='bbox 1880 2752 2201 2826; x_wconf 83' lang='lat' dir='ltr'>hystoriam</span> <span class='ocrx_word' id='word_1_290' title='bbox 2213 2754 2537 2827; x_wconf 88' lang='lat' dir='ltr'>pertinent,</span> <span class='ocrx_word' id='word_1_291' title='bbox 2550 2752 2801 2809; x_wconf 83' lang='lat' dir='ltr'>dictavit</span> 
     </span>
     <span class='ocr_line' id='line_1_28' title="bbox 1517 2840 2798 2899; baseline 0.002 -3"><span class='ocrx_word' id='word_1_292' title='bbox 1517 2853 1577 2897; x_wconf 85' lang='lat' dir='ltr'>et</span> <span class='ocrx_word' id='word_1_293' title='bbox 1589 2840 1853 2897; x_wconf 86' lang='lat' dir='ltr'>cantavit</span> <span class='ocrx_word' id='word_1_294' title='bbox 1873 2840 2082 2898; x_wconf 89' lang='lat' dir='ltr'>etfecit</span> <span class='ocrx_word' id='word_1_295' title='bbox 2093 2841 2327 2899; x_wconf 88' lang='lat' dir='ltr'>fraterJ</span> <span class='ocrx_word' id='word_1_296' title='bbox 2344 2862 2383 2899; x_wconf 90' lang='lat' dir='ltr'>u</span> <span class='ocrx_word' id='word_1_297' title='bbox 2400 2842 2638 2899; x_wconf 89' lang='lat' dir='ltr'>lianus</span> <span class='ocrx_word' id='word_1_298' title='bbox 2660 2841 2798 2898; x_wconf 83' lang='lat' dir='ltr'>Ala-</span> 
     </span>
     <span class='ocr_line' id='line_1_29' title="bbox 1519 2929 2797 3005; baseline 0.002 -20"><span class='ocrx_word' id='word_1_299' title='bbox 1519 2947 1787 2988; x_wconf 77' lang='lat' dir='ltr'>mannus,</span> <span class='ocrx_word' id='word_1_300' title='bbox 1803 2930 2100 3003; x_wconf 86' lang='lat' dir='ltr'>quondam</span> <span class='ocrx_word' id='word_1_301' title='bbox 2112 2931 2519 2989; x_wconf 78' lang='lat' dir='ltr'>conventualis</span> <span class='ocrx_word' id='word_1_302' title='bbox 2532 2930 2592 2988; x_wconf 89' lang='lat' dir='ltr'>in</span> <span class='ocrx_word' id='word_1_303' title='bbox 2612 2929 2647 2988; x_wconf 92' lang='lat' dir='ltr'>S</span> <span class='ocrx_word' id='word_1_304' title='bbox 2654 2929 2797 3005; x_wconf 91' lang='lat' dir='ltr'>pira,</span> 
     </span>
     <span class='ocr_line' id='line_1_30' title="bbox 1519 3017 2799 3093; baseline 0.002 -19"><span class='ocrx_word' id='word_1_305' title='bbox 1519 3017 1701 3075; x_wconf 87' lang='lat' dir='ltr'>lector</span> <span class='ocrx_word' id='word_1_306' title='bbox 1732 3018 2095 3092; x_wconf 88' lang='lat' dir='ltr'>parisiensis,</span> <span class='ocrx_word' id='word_1_307' title='bbox 2143 3018 2247 3093; x_wconf 92' lang='lat' dir='ltr'>qui</span> <span class='ocrx_word' id='word_1_308' title='bbox 2282 3021 2356 3078; x_wconf 94' lang='lat' dir='ltr'>ob</span> <span class='ocrx_word' id='word_1_309' title='bbox 2390 3020 2508 3078; x_wconf 86' lang='lat' dir='ltr'>vite</span> <span class='ocrx_word' id='word_1_310' title='bbox 2542 3038 2646 3077; x_wconf 84' lang='lat' dir='ltr'>sue</span> <span class='ocrx_word' id='word_1_311' title='bbox 2679 3038 2799 3077; x_wconf 90' lang='lat' dir='ltr'>me—</span> 
     </span>
     <span class='ocr_line' id='line_1_31' title="bbox 1517 3106 2797 3184; baseline 0.001 -21"><span class='ocrx_word' id='word_1_312' title='bbox 1517 3106 1635 3164; x_wconf 87' lang='lat' dir='ltr'>rita</span> <span class='ocrx_word' id='word_1_313' title='bbox 1667 3107 1825 3164; x_wconf 88' lang='lat' dir='ltr'>inter</span> <span class='ocrx_word' id='word_1_314' title='bbox 1855 3107 2107 3165; x_wconf 88' lang='lat' dir='ltr'>famosos</span> <span class='ocrx_word' id='word_1_315' title='bbox 2141 3114 2202 3167; x_wconf 88' lang='lat' dir='ltr'>et</span> <span class='ocrx_word' id='word_1_316' title='bbox 2231 3108 2547 3184; x_wconf 89' lang='lat' dir='ltr'>praecipue</span> <span class='ocrx_word' id='word_1_317' title='bbox 2579 3108 2797 3167; x_wconf 89' lang='lat' dir='ltr'>sancti-</span> 
     </span>
     <span class='ocr_line' id='line_1_32' title="bbox 1518 3195 2801 3274; baseline 0.002 -22"><span class='ocrx_word' id='word_1_318' title='bbox 1518 3195 1661 3253; x_wconf 87' lang='lat' dir='ltr'>tatis</span> <span class='ocrx_word' id='word_1_319' title='bbox 1694 3196 1904 3254; x_wconf 83' lang='lat' dir='ltr'>fratres</span> <span class='ocrx_word' id='word_1_320' title='bbox 1937 3200 2027 3254; x_wconf 87' lang='lat' dir='ltr'>est</span> <span class='ocrx_word' id='word_1_321' title='bbox 2060 3196 2122 3254; x_wconf 92' lang='lat' dir='ltr'>in</span> <span class='ocrx_word' id='word_1_322' title='bbox 2155 3197 2429 3274; x_wconf 83' lang='lat' dir='ltr'>registris</span> <span class='ocrx_word' id='word_1_323' title='bbox 2449 3196 2675 3255; x_wconf 91' lang='lat' dir='ltr'>ordinis</span> <span class='ocrx_word' id='word_1_324' title='bbox 2696 3215 2801 3254; x_wconf 90' lang='lat' dir='ltr'>an-</span> 
     </span>
    </p>
   </div>
   <div class='ocr_carea' id='block_1_6' title="bbox 210 2697 1462 3220">
    <p class='ocr_par' dir='ltr' id='par_1_7' title="bbox 210 2697 1462 3220">
     <span class='ocr_line' id='line_1_33' title="bbox 210 2697 1458 2774; baseline 0.002 -20"><span class='ocrx_word' id='word_1_325' title='bbox 210 2697 680 2774; x_wconf 76' lang='lat' dir='ltr'>gendainscripta</span> <span class='ocrx_word' id='word_1_326' title='bbox 702 2700 1040 2759; x_wconf 85' lang='lat' dir='ltr'>Memoriale</span> <span class='ocrx_word' id='word_1_327' title='bbox 1072 2700 1135 2758; x_wconf 92' lang='lat' dir='ltr'>in</span> <span class='ocrx_word' id='word_1_328' title='bbox 1168 2699 1458 2757; x_wconf 83' lang='lat' dir='ltr'>desiderio</span> 
     </span>
     <span class='ocr_line' id='line_1_34' title="bbox 210 2787 1462 2864; baseline 0.003 -22"><span class='ocrx_word' id='word_1_329' title='bbox 210 2787 416 2844; x_wconf 74' lang='lat' dir='ltr'>animae</span> <span class='ocrx_word' id='word_1_330' title='bbox 463 2789 530 2844; x_wconf 82' lang='lat' dir='ltr'>de</span> <span class='ocrx_word' id='word_1_331' title='bbox 555 2790 729 2864; x_wconf 78' lang='lat' dir='ltr'>yestis</span> <span class='ocrx_word' id='word_1_332' title='bbox 758 2797 810 2846; x_wconf 83' lang='lat' dir='ltr'>et</span> <span class='ocrx_word' id='word_1_333' title='bbox 842 2789 1031 2847; x_wconf 69' lang='lat' dir='ltr'>verbis</span> <span class='ocrx_word' id='word_1_334' title='bbox 1063 2809 1103 2851; x_wconf 67' lang='grc' dir='ltr'>ε.</span> <span class='ocrx_word' id='word_1_335' title='bbox 1139 2789 1462 2861; x_wconf 72' lang='lat' dir='ltr'>Franci-sci,</span> 
     </span>
     <span class='ocr_line' id='line_1_35' title="bbox 213 2877 1462 2950; baseline 0.002 -17"><span class='ocrx_word' id='word_1_336' title='bbox 213 2893 369 2949; x_wconf 85' lang='lat' dir='ltr'>quam</span> <span class='ocrx_word' id='word_1_337' title='bbox 398 2877 648 2950; x_wconf 89' lang='lat' dir='ltr'>primum</span> <span class='ocrx_word' id='word_1_338' title='bbox 682 2877 870 2936; x_wconf 89' lang='lat' dir='ltr'>edidit</span> <span class='ocrx_word' id='word_1_339' title='bbox 902 2878 1214 2936; x_wconf 88' lang='lat' dir='ltr'>Rinaldi</span> <span class='ocrx_word' id='word_1_340' title='bbox 1250 2878 1462 2936; x_wconf 86' lang='lat' dir='ltr'>Romae</span> 
     </span>
     <span class='ocr_line' id='line_1_36' title="bbox 221 2965 1461 3048; baseline -0.001 -24"><span class='ocrx_word' id='word_1_341' title='bbox 221 2973 361 3026; x_wconf 81' lang='grc'>1806</span> <span class='ocrx_word' id='word_1_342' title='bbox 375 2965 454 3022; x_wconf 86' lang='lat' dir='ltr'>ed.</span> <span class='ocrx_word' id='word_1_343' title='bbox 467 2985 616 3035; x_wconf 80' lang='lat' dir='ltr'>rara3</span> <span class='ocrx_word' id='word_1_344' title='bbox 631 2970 676 3023; x_wconf 85' lang='grc' dir='ltr'><strong>Λ</strong></span> <span class='ocrx_word' id='word_1_345' title='bbox 693 2987 746 3023; x_wconf 88' lang='lat' dir='ltr'>m</span> <span class='ocrx_word' id='word_1_346' title='bbox 762 2985 795 3025; x_wconf 98' lang='lat' dir='ltr'>o</span> <span class='ocrx_word' id='word_1_347' title='bbox 808 2967 876 3024; x_wconf 92' lang='lat' dir='ltr'>ni</span> <span class='ocrx_word' id='word_1_348' title='bbox 893 2965 1052 3048; x_wconf 85' lang='lat' dir='ltr'>(cum</span> <span class='ocrx_word' id='word_1_349' title='bbox 1065 2967 1246 3042; x_wconf 90' lang='lat' dir='ltr'>priori</span> <span class='ocrx_word' id='word_1_350' title='bbox 1258 2970 1318 3024; x_wconf 93' lang='lat' dir='ltr'>et</span> <span class='ocrx_word' id='word_1_351' title='bbox 1329 2966 1461 3024; x_wconf 80' lang='lat' dir='ltr'>aliis</span> 
     </span>
     <span class='ocr_line' id='line_1_37' title="bbox 215 3050 1461 3134; baseline 0.003 -25"><span class='ocrx_word' id='word_1_352' title='bbox 215 3050 358 3134; x_wconf 75' lang='lat' dir='ltr'>vitis)</span> <span class='ocrx_word' id='word_1_353' title='bbox 387 3055 459 3111; x_wconf 92' lang='lat' dir='ltr'>ib.</span> <span class='ocrx_word' id='word_1_354' title='bbox 506 3063 685 3117; x_wconf 83' lang='lat'>1880.</span> <span class='ocrx_word' id='word_1_355' title='bbox 720 3055 907 3114; x_wconf 81' lang='lat' dir='ltr'>Jussu</span> <span class='ocrx_word' id='word_1_356' title='bbox 937 3056 1187 3115; x_wconf 84' lang='lat' dir='ltr'>Joannis</span> <span class='ocrx_word' id='word_1_357' title='bbox 1222 3056 1293 3113; x_wconf 92' lang='lat' dir='ltr'>de</span> <span class='ocrx_word' id='word_1_358' title='bbox 1327 3057 1461 3113; x_wconf 90' lang='lat' dir='ltr'>Par-</span> 
     </span>
     <span class='ocr_line' id='line_1_38' title="bbox 215 3144 1461 3220; baseline 0.002 -22"><span class='ocrx_word' id='word_1_359' title='bbox 215 3161 292 3198; x_wconf 89' lang='lat' dir='ltr'>ma</span> <span class='ocrx_word' id='word_1_360' title='bbox 311 3144 552 3202; x_wconf 81' lang='lat' dir='ltr'>ministri</span> <span class='ocrx_word' id='word_1_361' title='bbox 572 3145 868 3220; x_wconf 88' lang='lat' dir='ltr'>generalis</span> <span class='ocrx_word' id='word_1_362' title='bbox 889 3146 1104 3219; x_wconf 87' lang='lat' dir='ltr'>adjecit</span> <span class='ocrx_word' id='word_1_363' title='bbox 1124 3146 1368 3204; x_wconf 87' lang='lat' dir='ltr'>alteram</span> <span class='ocrx_word' id='word_1_364' title='bbox 1387 3165 1461 3220; x_wconf 84' lang='lat' dir='ltr'>p.,</span> 
     </span>
    </p>
   </div>
   <div class='ocr_carea' id='block_1_7' title="bbox 217 3234 2799 3399">
    <p class='ocr_par' dir='ltr' id='par_1_8' title="bbox 217 3234 2799 3399">
     <span class='ocr_line' id='line_1_39' title="bbox 217 3234 2532 3310; baseline -0.006 -23"><span class='ocrx_word' id='word_1_365' title='bbox 217 3234 266 3287; x_wconf 87' lang='lat' dir='ltr'>et</span> <span class='ocrx_word' id='word_1_366' title='bbox 290 3239 411 3306; x_wconf 89' lang='lat' dir='ltr'>post</span> <span class='ocrx_word' id='word_1_367' title='bbox 428 3234 660 3307; x_wconf 88' lang='lat' dir='ltr'>aliquot</span> <span class='ocrx_word' id='word_1_368' title='bbox 679 3252 866 3292; x_wconf 86' lang='lat' dir='ltr'>annos</span> <span class='ocrx_word' id='word_1_369' title='bbox 885 3235 1143 3303; x_wconf 86' lang='lat' dir='ltr'>tertiam,</span> <span class='ocrx_word' id='word_1_370' title='bbox 1168 3253 1318 3310; x_wconf 88' lang='lat' dir='ltr'>quae</span> <span class='ocrx_word' id='word_1_371' title='bbox 1339 3234 1464 3310; x_wconf 89' lang='lat' dir='ltr'>agit</span> <span class='ocrx_word' id='word_1_372' title='bbox 2238 3289 2248 3299; x_wconf 45' lang='lat'><strong>·</strong></span> <span class='ocrx_word' id='word_1_373' title='bbox 2521 3288 2532 3298; x_wconf 35' lang='lat'><strong><em>‘</em></strong></span> 
     </span>
     <span class='ocr_line' id='line_1_40' title="bbox 217 3285 2799 3399; baseline -0.008 -36"><span class='ocrx_word' id='word_1_374' title='bbox 217 3318 275 3376; x_wconf 67' lang='lat' dir='ltr'>de</span> <span class='ocrx_word' id='word_1_375' title='bbox 309 3319 492 3379; x_wconf 50' lang='grc' dir='ltr'>Μαί</span> <span class='ocrx_word' id='word_1_376' title='bbox 545 3324 868 3399; x_wconf 41' lang='lat' dir='ltr'>mimmii&amp;</span> <span class='ocrx_word' id='word_1_377' title='bbox 920 3341 1072 3398; x_wconf 57' lang='lat' dir='ltr'>quae</span> <span class='ocrx_word' id='word_1_378' title='bbox 1133 3325 1368 3381; x_wconf 67' lang='lat' dir='ltr'>demum</span> <span class='ocrx_word' id='word_1_379' title='bbox 1415 3343 1464 3381; x_wconf 39' lang='lat' dir='ltr'>a.</span> <span class='ocrx_word' id='word_1_380' title='bbox 1519 3288 1764 3342; x_wconf 90' lang='lat' dir='ltr'>notatus</span> <span class='ocrx_word' id='word_1_381' title='bbox 1798 3329 1810 3341; x_wconf 95' lang='lat'>.</span> <span class='ocrx_word' id='word_1_382' title='bbox 1846 3330 1857 3341; x_wconf 96' lang='lat'>.</span> <span class='ocrx_word' id='word_1_383' title='bbox 1895 3330 1905 3341; x_wconf 96' lang='lat'>.</span> <span class='ocrx_word' id='word_1_384' title='bbox 1941 3285 2103 3344; x_wconf 91' lang='lat' dir='ltr'>Idem</span> <span class='ocrx_word' id='word_1_385' title='bbox 2124 3285 2405 3345; x_wconf 80' lang='lat' dir='ltr'>Julianus</span> <span class='ocrx_word' id='word_1_386' title='bbox 2427 3287 2568 3344; x_wconf 88' lang='lat' dir='ltr'>fec1t</span> <span class='ocrx_word' id='word_1_387' title='bbox 2587 3290 2648 3344; x_wconf 91' lang='lat' dir='ltr'>et</span> <span class='ocrx_word' id='word_1_388' title='bbox 2662 3304 2799 3344; x_wconf 88' lang='lat' dir='ltr'>can-</span> 
     </span>
    </p>
   </div>
   <div class='ocr_carea' id='block_1_8' title="bbox 219 3376 2802 4057">
    <p class='ocr_par' dir='ltr' id='par_1_9' title="bbox 219 3376 2802 3582">
     <span class='ocr_line' id='line_1_41' title="bbox 225 3376 2800 3488; baseline 0.003 -20"><span class='ocrx_word' id='word_1_389' title='bbox 225 3417 359 3473; x_wconf 83' lang='lat'>1898</span> <span class='ocrx_word' id='word_1_390' title='bbox 388 3415 623 3485; x_wconf 84' lang='lat' dir='ltr'>reperta</span> <span class='ocrx_word' id='word_1_391' title='bbox 652 3411 815 3470; x_wconf 85' lang='lat' dir='ltr'>edita</span> <span class='ocrx_word' id='word_1_392' title='bbox 845 3413 1068 3488; x_wconf 89' lang='lat' dir='ltr'>legitur</span> <span class='ocrx_word' id='word_1_393' title='bbox 1087 3413 1150 3469; x_wconf 91' lang='lat' dir='ltr'>in</span> <span class='ocrx_word' id='word_1_394' title='bbox 1169 3412 1465 3470; x_wconf 83' lang='lat' dir='ltr'>Analectis</span> <span class='ocrx_word' id='word_1_395' title='bbox 1518 3376 1673 3430; x_wconf 55' lang='lat' dir='ltr'>tamt</span> <span class='ocrx_word' id='word_1_396' title='bbox 1704 3376 1891 3474; x_wconf 80' lang='lat' dir='ltr'>totam</span> <span class='ocrx_word' id='word_1_397' title='bbox 1924 3379 2206 3476; x_wconf 56' lang='lat' dir='ltr'>ysmriam</span> <span class='ocrx_word' id='word_1_398' title='bbox 2242 3377 2296 3474; x_wconf 62' lang='lat' dir='ltr'>b?</span> <span class='ocrx_word' id='word_1_399' title='bbox 2330 3377 2578 3434; x_wconf 63' lang='lat' dir='ltr'>Antonu</span> <span class='ocrx_word' id='word_1_400' title='bbox 2610 3391 2800 3475; x_wconf 35' lang='lat' dir='ltr'>quoi*</span> 
     </span>
     <span class='ocr_line' id='line_1_42' title="bbox 219 3462 2802 3582; baseline 0 -63"><span class='ocrx_word' id='word_1_401' title='bbox 219 3496 314 3554; x_wconf 50' lang='grc' dir='ltr'>ΜΠ</span> <span class='ocrx_word' id='word_1_402' title='bbox 375 3499 563 3557; x_wconf 71' lang='lat' dir='ltr'>XVIII</span> <span class='ocrx_word' id='word_1_403' title='bbox 618 3495 847 3582; x_wconf 67' lang='lat'>(1899)</span> <span class='ocrx_word' id='word_1_404' title='bbox 935 3511 1189 3564; x_wconf 87' lang='lat'>81—·17</span> <span class='ocrx_word' id='word_1_405' title='bbox 1203 3512 1237 3563; x_wconf 76' lang='grc'><strong>6</strong></span> <span class='ocrx_word' id='word_1_406' title='bbox 1321 3502 1464 3559; x_wconf 68' lang='lat' dir='ltr'>Cum</span> <span class='ocrx_word' id='word_1_407' title='bbox 1519 3462 1651 3520; x_wconf 88' lang='lat' dir='ltr'>dam</span> <span class='ocrx_word' id='word_1_408' title='bbox 1686 3462 1887 3520; x_wconf 80' lang='lat' dir='ltr'>fratris</span> <span class='ocrx_word' id='word_1_409' title='bbox 1920 3468 2128 3521; x_wconf 78' lang='lat' dir='ltr'>nostri.</span> <span class='ocrx_word' id='word_1_410' title='bbox 2192 3464 2384 3521; x_wconf 81' lang='lat' dir='ltr'>Etiam</span> <span class='ocrx_word' id='word_1_411' title='bbox 2427 3482 2802 3540; x_wconf 80' lang='lat' dir='ltr'>responsoria</span> 
     </span>
    </p>

    <p class='ocr_par' dir='ltr' id='par_1_10' title="bbox 320 3543 2802 4057">
     <span class='ocr_line' id='line_1_43' title="bbox 320 3543 2798 3628; baseline 0.002 -23"><span class='ocrx_word' id='word_1_412' title='bbox 320 3543 331 3555; x_wconf 69' lang='lat'><em>⁶</em></span> <span class='ocrx_word' id='word_1_413' title='bbox 855 3545 868 3568; x_wconf 86' lang='lat'><strong><em>⁹</em></strong></span> <span class='ocrx_word' id='word_1_414' title='bbox 1244 3546 1255 3557; x_wconf 84' lang='grc'><strong>”</strong></span> <span class='ocrx_word' id='word_1_415' title='bbox 1520 3555 1581 3608; x_wconf 92' lang='lat' dir='ltr'>et</span> <span class='ocrx_word' id='word_1_416' title='bbox 1611 3552 1962 3626; x_wconf 85' lang='lat' dir='ltr'>antiphonas</span> <span class='ocrx_word' id='word_1_417' title='bbox 2013 3572 2192 3627; x_wconf 89' lang='lat' dir='ltr'>quam</span> <span class='ocrx_word' id='word_1_418' title='bbox 2242 3554 2442 3628; x_wconf 91' lang='lat' dir='ltr'>plures</span> <span class='ocrx_word' id='word_1_419' title='bbox 2493 3554 2564 3611; x_wconf 90' lang='lat' dir='ltr'>de</span> <span class='ocrx_word' id='word_1_420' title='bbox 2595 3552 2649 3611; x_wconf 90' lang='lat' dir='ltr'>b.</span> <span class='ocrx_word' id='word_1_421' title='bbox 2688 3553 2798 3609; x_wconf 92' lang='lat' dir='ltr'>Do-</span> 
     </span>
     <span class='ocr_line' id='line_1_44' title="bbox 1519 3639 2797 3716; baseline 0 -18"><span class='ocrx_word' id='word_1_422' title='bbox 1519 3641 1735 3699; x_wconf 89' lang='lat' dir='ltr'>minico</span> <span class='ocrx_word' id='word_1_423' title='bbox 1757 3679 1782 3707; x_wconf 83' lang='lat'>,</span> <span class='ocrx_word' id='word_1_424' title='bbox 1798 3639 1871 3698; x_wconf 88' lang='lat' dir='ltr'>ad</span> <span class='ocrx_word' id='word_1_425' title='bbox 1883 3642 2228 3716; x_wconf 87' lang='lat' dir='ltr'>petitionem</span> <span class='ocrx_word' id='word_1_426' title='bbox 2242 3642 2495 3700; x_wconf 86' lang='lat' dir='ltr'>fratrum</span> <span class='ocrx_word' id='word_1_427' title='bbox 2510 3642 2797 3708; x_wconf 87' lang='lat' dir='ltr'>O.Praed.,</span> 
     </span>
     <span class='ocr_line' id='line_1_45' title="bbox 1519 3729 2796 3806; baseline 0.002 -20"><span class='ocrx_word' id='word_1_428' title='bbox 1519 3729 1620 3787; x_wconf 92' lang='lat' dir='ltr'>sed</span> <span class='ocrx_word' id='word_1_429' title='bbox 1670 3733 2028 3805; x_wconf 87' lang='lat' dir='ltr'>praeventus</span> <span class='ocrx_word' id='word_1_430' title='bbox 2080 3737 2268 3788; x_wconf 89' lang='lat' dir='ltr'>morte</span> <span class='ocrx_word' id='word_1_431' title='bbox 2300 3731 2588 3806; x_wconf 81' lang='lat' dir='ltr'>ystoriam</span> <span class='ocrx_word' id='word_1_432' title='bbox 2639 3730 2711 3788; x_wconf 91' lang='lat' dir='ltr'>de</span> <span class='ocrx_word' id='word_1_433' title='bbox 2742 3730 2796 3788; x_wconf 91' lang='lat' dir='ltr'>b.</span> 
     </span>
     <span class='ocr_line' id='line_1_46' title="bbox 1521 3812 2801 3895; baseline 0.002 -20"><span class='ocrx_word' id='word_1_434' title='bbox 1521 3812 1826 3876; x_wconf 80' lang='lat' dir='ltr'>Do‘minico</span> <span class='ocrx_word' id='word_1_435' title='bbox 1843 3838 1962 3876; x_wconf 95' lang='lat' dir='ltr'>non</span> <span class='ocrx_word' id='word_1_436' title='bbox 1974 3820 2293 3895; x_wconf 85' lang='lat' dir='ltr'>complevit</span> <span class='ocrx_word' id='word_1_437' title='bbox 2307 3829 2351 3876; x_wconf 79' lang='lat'>‘.</span> <span class='ocrx_word' id='word_1_438' title='bbox 2371 3819 2508 3877; x_wconf 89' lang='lat' dir='ltr'>Scil.</span> <span class='ocrx_word' id='word_1_439' title='bbox 2520 3819 2801 3878; x_wconf 88' lang='lat' dir='ltr'>Julianus</span> 
     </span>
     <span class='ocr_line' id='line_1_47' title="bbox 1521 3902 2802 3990; baseline -0.002 -21"><span class='ocrx_word' id='word_1_440' title='bbox 1521 3903 1704 3988; x_wconf 76' lang='lat' dir='ltr'>(intra</span> <span class='ocrx_word' id='word_1_441' title='bbox 1750 3930 1796 3964; x_wconf 85' lang='lat' dir='ltr'>u.</span> <span class='ocrx_word' id='word_1_442' title='bbox 1840 3902 2300 3990; x_wconf 76' lang='lat'>1232—1235)</span> <span class='ocrx_word' id='word_1_443' title='bbox 2348 3910 2583 3984; x_wconf 89' lang='lat' dir='ltr'>plenam</span> <span class='ocrx_word' id='word_1_444' title='bbox 2626 3911 2802 3967; x_wconf 74' lang='lat' dir='ltr'>vitam</span> 
     </span>
     <span class='ocr_line' id='line_1_48' title="bbox 1521 3996 2800 4057; baseline 0.004 -5"><span class='ocrx_word' id='word_1_445' title='bbox 1521 3997 1574 4053; x_wconf 95' lang='lat' dir='ltr'>b.</span> <span class='ocrx_word' id='word_1_446' title='bbox 1608 3996 1908 4055; x_wconf 83' lang='lat' dir='ltr'>Francisci</span> <span class='ocrx_word' id='word_1_447' title='bbox 1941 4002 2002 4056; x_wconf 91' lang='lat' dir='ltr'>et</span> <span class='ocrx_word' id='word_1_448' title='bbox 2034 3998 2087 4055; x_wconf 91' lang='lat' dir='ltr'>b.</span> <span class='ocrx_word' id='word_1_449' title='bbox 2124 3998 2372 4057; x_wconf 88' lang='lat' dir='ltr'>Antonii</span> <span class='ocrx_word' id='word_1_450' title='bbox 2423 3999 2611 4057; x_wconf 89' lang='lat' dir='ltr'>nobili</span> <span class='ocrx_word' id='word_1_451' title='bbox 2660 3999 2800 4057; x_wconf 90' lang='lat' dir='ltr'>stilo</span> 
     </span>
    </p>
   </div>
   <div class='ocr_carea' id='block_1_9' title="bbox 219 3588 1469 4200">
    <p class='ocr_par' dir='ltr' id='par_1_11' title="bbox 219 3588 1469 4200">
     <span class='ocr_line' id='line_1_49' title="bbox 219 3588 1465 3648; baseline 0.006 -8"><span class='ocrx_word' id='word_1_452' title='bbox 219 3603 331 3645; x_wconf 73' lang='lat' dir='ltr'>vero</span> <span class='ocrx_word' id='word_1_453' title='bbox 356 3588 601 3647; x_wconf 88' lang='lat' dir='ltr'>Thomas</span> <span class='ocrx_word' id='word_1_454' title='bbox 634 3590 813 3646; x_wconf 83' lang='lat' dir='ltr'>aliter</span> <span class='ocrx_word' id='word_1_455' title='bbox 844 3589 1130 3648; x_wconf 89' lang='lat' dir='ltr'>scriberet</span> <span class='ocrx_word' id='word_1_456' title='bbox 1149 3590 1222 3648; x_wconf 90' lang='lat' dir='ltr'>de</span> <span class='ocrx_word' id='word_1_457' title='bbox 1241 3589 1465 3648; x_wconf 86' lang='lat' dir='ltr'>famoso</span> 
     </span>
     <span class='ocr_line' id='line_1_50' title="bbox 221 3673 1463 3753; baseline 0.004 -22"><span class='ocrx_word' id='word_1_458' title='bbox 221 3673 325 3733; x_wconf 87' lang='lat' dir='ltr'>Elia</span> <span class='ocrx_word' id='word_1_459' title='bbox 349 3678 617 3753; x_wconf 77' lang='lat' dir='ltr'>gravium</span> <span class='ocrx_word' id='word_1_460' title='bbox 666 3678 980 3737; x_wconf 90' lang='lat' dir='ltr'>turbarum</span> <span class='ocrx_word' id='word_1_461' title='bbox 1032 3680 1094 3737; x_wconf 94' lang='lat' dir='ltr'>in</span> <span class='ocrx_word' id='word_1_462' title='bbox 1127 3678 1333 3737; x_wconf 90' lang='lat' dir='ltr'>ordine</span> <span class='ocrx_word' id='word_1_463' title='bbox 1367 3680 1463 3737; x_wconf 84' lang='lat' dir='ltr'>vix</span> 
     </span>
     <span class='ocr_line' id='line_1_51' title="bbox 223 3768 1464 3844; baseline 0.004 -23"><span class='ocrx_word' id='word_1_464' title='bbox 223 3771 332 3822; x_wconf 79' lang='lat' dir='ltr'>nato</span> <span class='ocrx_word' id='word_1_465' title='bbox 359 3771 597 3825; x_wconf 84' lang='lat' dir='ltr'>auctore</span> <span class='ocrx_word' id='word_1_466' title='bbox 644 3768 708 3825; x_wconf 92' lang='lat' dir='ltr'>in</span> <span class='ocrx_word' id='word_1_467' title='bbox 753 3768 938 3842; x_wconf 89' lang='lat' dir='ltr'>priori</span> <span class='ocrx_word' id='word_1_468' title='bbox 990 3769 1256 3844; x_wconf 88' lang='lat' dir='ltr'>legenda,</span> <span class='ocrx_word' id='word_1_469' title='bbox 1291 3769 1464 3843; x_wconf 90' lang='lat' dir='ltr'>plane</span> 
     </span>
     <span class='ocr_line' id='line_1_52' title="bbox 223 3853 1469 3932; baseline 0.006 -24"><span class='ocrx_word' id='word_1_470' title='bbox 223 3853 360 3912; x_wconf 75' lang='lat' dir='ltr'>aliter</span> <span class='ocrx_word' id='word_1_471' title='bbox 385 3856 448 3914; x_wconf 91' lang='lat' dir='ltr'>in</span> <span class='ocrx_word' id='word_1_472' title='bbox 479 3856 757 3924; x_wconf 86' lang='lat' dir='ltr'>secunda,</span> <span class='ocrx_word' id='word_1_473' title='bbox 807 3856 964 3915; x_wconf 90' lang='lat' dir='ltr'>unde</span> <span class='ocrx_word' id='word_1_474' title='bbox 1005 3857 1192 3916; x_wconf 85' lang='lat' dir='ltr'>foveri</span> <span class='ocrx_word' id='word_1_475' title='bbox 1224 3861 1469 3932; x_wconf 89' lang='lat' dir='ltr'>possent</span> 
     </span>
     <span class='ocr_line' id='line_1_53' title="bbox 223 3942 1464 4021; baseline 0.005 -23"><span class='ocrx_word' id='word_1_476' title='bbox 223 3942 473 4015; x_wconf 82' lang='lat' dir='ltr'>ejusmodi</span> <span class='ocrx_word' id='word_1_477' title='bbox 538 3945 770 4012; x_wconf 91' lang='lat' dir='ltr'>turbae,</span> <span class='ocrx_word' id='word_1_478' title='bbox 840 3947 1170 4021; x_wconf 90' lang='lat' dir='ltr'>capitulum</span> <span class='ocrx_word' id='word_1_479' title='bbox 1238 3946 1464 4004; x_wconf 90' lang='lat' dir='ltr'>ordinis</span> 
     </span>
     <span class='ocr_line' id='line_1_54' title="bbox 227 4034 1466 4102; baseline 0.003 -13"><span class='ocrx_word' id='word_1_480' title='bbox 227 4035 454 4102; x_wconf 81' lang='lat' dir='ltr'>generale</span> <span class='ocrx_word' id='word_1_481' title='bbox 518 4034 801 4092; x_wconf 83' lang='lat' dir='ltr'>Narbone</span> <span class='ocrx_word' id='word_1_482' title='bbox 861 4056 909 4093; x_wconf 88' lang='lat' dir='ltr'>a.</span> <span class='ocrx_word' id='word_1_483' title='bbox 985 4044 1144 4098; x_wconf 88' lang='grc'>1260</span> <span class='ocrx_word' id='word_1_484' title='bbox 1197 4036 1466 4094; x_wconf 88' lang='lat' dir='ltr'>habitum</span> 
     </span>
     <span class='ocr_line' id='line_1_55' title="bbox 227 4122 1462 4200; baseline 0.005 -24"><span class='ocrx_word' id='word_1_485' title='bbox 227 4135 260 4175; x_wconf 75' lang='lat' dir='ltr'>s.</span> <span class='ocrx_word' id='word_1_486' title='bbox 308 4122 774 4182; x_wconf 84' lang='lat' dir='ltr'>Bonaventuram</span> <span class='ocrx_word' id='word_1_487' title='bbox 826 4124 1076 4200; x_wconf 85' lang='lat' dir='ltr'>rogavit,</span> <span class='ocrx_word' id='word_1_488' title='bbox 1140 4128 1211 4182; x_wconf 90' lang='lat' dir='ltr'>ut</span> <span class='ocrx_word' id='word_1_489' title='bbox 1255 4143 1462 4183; x_wconf 79' lang='lat' dir='ltr'>novam</span> 
     </span>
    </p>
   </div>
   <div class='ocr_carea' id='block_1_10' title="bbox 1519 4137 1839 4145">
    <p class='ocr_par' dir='ltr' id='par_1_12' title="bbox 1519 4137 1839 4145">
     <span class='ocr_line' id='line_1_56' title="bbox 1519 4137 1839 4145; baseline 0 0"><span class='ocrx_word' id='word_1_490' title='bbox 1519 4137 1839 4145; x_wconf 95' lang='lat' dir='ltr'> </span> 
     </span>
    </p>
   </div>
   <div class='ocr_carea' id='block_1_11' title="bbox 231 4240 496 4253">
    <p class='ocr_par' dir='ltr' id='par_1_13' title="bbox 231 4240 496 4253">
     <span class='ocr_line' id='line_1_57' title="bbox 231 4240 496 4253; baseline 0 1111"><span class='ocrx_word' id='word_1_491' title='bbox 231 4240 496 4253; x_wconf 95' lang='lat' dir='ltr'> </span> 
     </span>
    </p>
   </div>
   <div class='ocr_carea' id='block_1_12' title="bbox 231 4221 2805 4999">
    <p class='ocr_par' dir='ltr' id='par_1_14' title="bbox 1587 4221 2801 4294">
     <span class='ocr_line' id='line_1_58' title="bbox 1587 4221 2801 4294; baseline -0.002 -19"><span class='ocrx_word' id='word_1_492' title='bbox 1587 4227 1635 4294; x_wconf 73' lang='grc' dir='ltr'>Ἰ)</span> <span class='ocrx_word' id='word_1_493' title='bbox 1665 4221 1747 4275; x_wconf 83' lang='lat' dir='ltr'>Cf.</span> <span class='ocrx_word' id='word_1_494' title='bbox 1775 4221 1949 4275; x_wconf 86' lang='lat' dir='ltr'>Jeiler</span> <span class='ocrx_word' id='word_1_495' title='bbox 1977 4221 2087 4276; x_wconf 83' lang='lat' dir='ltr'>KL.</span> <span class='ocrx_word' id='word_1_496' title='bbox 2118 4222 2239 4282; x_wconf 63' lang='grc' dir='ltr'>ΧΗ,</span> <span class='ocrx_word' id='word_1_497' title='bbox 2271 4226 2602 4280; x_wconf 82' lang='grc' dir='ltr'>1668167ος</span> <span class='ocrx_word' id='word_1_498' title='bbox 2634 4221 2801 4274; x_wconf 87' lang='lat' dir='ltr'>Ehrle</span> 
     </span>
    </p>

    <p class='ocr_par' dir='ltr' id='par_1_15' title="bbox 231 4292 2805 4999">
     <span class='ocr_line' id='line_1_59' title="bbox 287 4292 2804 4364; baseline 0.001 -21"><span class='ocrx_word' id='word_1_499' title='bbox 287 4296 313 4358; x_wconf 82' lang='lat'>¹)</span> <span class='ocrx_word' id='word_1_500' title='bbox 337 4292 513 4346; x_wconf 83' lang='lat' dir='ltr'>Vitam</span> <span class='ocrx_word' id='word_1_501' title='bbox 534 4293 684 4346; x_wconf 84' lang='lat' dir='ltr'>hanc</span> <span class='ocrx_word' id='word_1_502' title='bbox 701 4294 975 4360; x_wconf 83' lang='lat' dir='ltr'>rythmice</span> <span class='ocrx_word' id='word_1_503' title='bbox 995 4293 1274 4364; x_wconf 79' lang='lat' dir='ltr'>expressit</span> <span class='ocrx_word' id='word_1_504' title='bbox 1291 4294 1466 4346; x_wconf 89' lang='lat' dir='ltr'>Lam·</span> <span class='ocrx_word' id='word_1_505' title='bbox 1522 4292 1579 4353; x_wconf 85' lang='lat' dir='ltr'>C.</span> <span class='ocrx_word' id='word_1_506' title='bbox 1608 4292 1702 4347; x_wconf 86' lang='lat' dir='ltr'>cit.</span> <span class='ocrx_word' id='word_1_507' title='bbox 1728 4294 1790 4346; x_wconf 92' lang='lat' dir='ltr'>in</span> <span class='ocrx_word' id='word_1_508' title='bbox 1817 4292 2072 4362; x_wconf 85' lang='lat' dir='ltr'>proxima</span> <span class='ocrx_word' id='word_1_509' title='bbox 2099 4297 2291 4349; x_wconf 89' lang='lat' dir='ltr'>annot.</span> <span class='ocrx_word' id='word_1_510' title='bbox 2319 4294 2513 4347; x_wconf 78' lang='lat' dir='ltr'>Theoi.</span> <span class='ocrx_word' id='word_1_511' title='bbox 2534 4293 2725 4346; x_wconf 84' lang='lat' dir='ltr'>Revue</span> <span class='ocrx_word' id='word_1_512' title='bbox 2756 4294 2804 4345; x_wconf 84' lang='grc' dir='ltr'>ΙΙ</span> 
     </span>
     <span class='ocr_line' id='line_1_60' title="bbox 231 4364 2801 4437; baseline 0 -26"><span class='ocrx_word' id='word_1_513' title='bbox 231 4365 402 4427; x_wconf 85' lang='lat' dir='ltr'>prech</span> <span class='ocrx_word' id='word_1_514' title='bbox 420 4368 495 4418; x_wconf 90' lang='lat' dir='ltr'>tu</span> <span class='ocrx_word' id='word_1_515' title='bbox 515 4382 541 4416; x_wconf 74' lang='lat' dir='ltr'><strong>s</strong></span> <span class='ocrx_word' id='word_1_516' title='bbox 583 4364 654 4417; x_wconf 90' lang='lat' dir='ltr'>de</span> <span class='ocrx_word' id='word_1_517' title='bbox 683 4364 993 4418; x_wconf 84' lang='lat' dir='ltr'>Ratisbona</span> <span class='ocrx_word' id='word_1_518' title='bbox 1020 4365 1156 4418; x_wconf 85' lang='lat' dir='ltr'>Min.</span> <span class='ocrx_word' id='word_1_519' title='bbox 1186 4365 1262 4434; x_wconf 87' lang='lat' dir='ltr'>(fl.</span> <span class='ocrx_word' id='word_1_520' title='bbox 1289 4370 1465 4437; x_wconf 73' lang='lat'>1250),</span> <span class='ocrx_word' id='word_1_521' title='bbox 1522 4368 1720 4430; x_wconf 64' lang='grc'>(1903),</span> <span class='ocrx_word' id='word_1_522' title='bbox 1771 4370 1877 4421; x_wconf 76' lang='grc'>469</span> <span class='ocrx_word' id='word_1_523' title='bbox 1928 4382 1995 4418; x_wconf 73' lang='lat' dir='ltr'>se.</span> <span class='ocrx_word' id='word_1_524' title='bbox 2020 4386 2030 4422; x_wconf 89' lang='grc'><strong>;</strong></span> <span class='ocrx_word' id='word_1_525' title='bbox 2094 4365 2268 4419; x_wconf 85' lang='lat' dir='ltr'>Evers</span> <span class='ocrx_word' id='word_1_526' title='bbox 2332 4365 2591 4418; x_wconf 87' lang='lat' dir='ltr'>Realenc.</span> <span class='ocrx_word' id='word_1_527' title='bbox 2656 4364 2801 4428; x_wconf 56' lang='lat' dir='ltr'>xvv,</span> 
     </span>
     <span class='ocr_line' id='line_1_61' title="bbox 232 4436 2803 4504; baseline -0.001 -16"><span class='ocrx_word' id='word_1_528' title='bbox 232 4447 359 4496; x_wconf 73' lang='lat' dir='ltr'>quam</span> <span class='ocrx_word' id='word_1_529' title='bbox 383 4453 446 4489; x_wconf 87' lang='lat' dir='ltr'>ex</span> <span class='ocrx_word' id='word_1_530' title='bbox 490 4436 666 4489; x_wconf 87' lang='lat' dir='ltr'>unico</span> <span class='ocrx_word' id='word_1_531' title='bbox 707 4436 828 4489; x_wconf 90' lang='lat' dir='ltr'>cod.</span> <span class='ocrx_word' id='word_1_532' title='bbox 869 4436 1097 4490; x_wconf 86' lang='lat' dir='ltr'>demum</span> <span class='ocrx_word' id='word_1_533' title='bbox 1138 4436 1318 4490; x_wconf 88' lang='lat' dir='ltr'>edidit</span> <span class='ocrx_word' id='word_1_534' title='bbox 1344 4438 1466 4490; x_wconf 84' lang='lat' dir='ltr'>Car.</span> <span class='ocrx_word' id='word_1_535' title='bbox 1521 4440 1819 4492; x_wconf 70' lang='lat'>594—598.</span> <span class='ocrx_word' id='word_1_536' title='bbox 1850 4439 2143 4504; x_wconf 53' lang='lat' dir='ltr'>Lem-naam</span> <span class='ocrx_word' id='word_1_537' title='bbox 2172 4443 2337 4491; x_wconf 73' lang='lat' dir='ltr'>tre&#39;um</span> <span class='ocrx_word' id='word_1_538' title='bbox 2353 4441 2613 4490; x_wconf 71' lang='lat' dir='ltr'>sociorum</span> <span class='ocrx_word' id='word_1_539' title='bbox 2632 4436 2803 4488; x_wconf 68' lang='lat' dir='ltr'>habes</span> 
     </span>
     <span class='ocr_line' id='line_1_62' title="bbox 232 4499 2803 4578; baseline 0.001 -22"><span class='ocrx_word' id='word_1_540' title='bbox 232 4499 483 4562; x_wconf 79' lang='lat' dir='ltr'>Weiuhold</span> <span class='ocrx_word' id='word_1_541' title='bbox 526 4507 864 4575; x_wconf 87' lang='lat' dir='ltr'>inscriptam</span> <span class='ocrx_word' id='word_1_542' title='bbox 900 4508 1243 4577; x_wconf 82' lang='lat' dir='ltr'>Lamprecht</span> <span class='ocrx_word' id='word_1_543' title='bbox 1281 4526 1332 4562; x_wconf 82' lang='lat' dir='ltr'>v.</span> <span class='ocrx_word' id='word_1_544' title='bbox 1368 4509 1467 4561; x_wconf 88' lang='lat' dir='ltr'>Re·</span> <span class='ocrx_word' id='word_1_545' title='bbox 1520 4508 1580 4559; x_wconf 89' lang='lat' dir='ltr'>in</span> <span class='ocrx_word' id='word_1_546' title='bbox 1608 4509 1734 4560; x_wconf 90' lang='lat' dir='ltr'>Act.</span> <span class='ocrx_word' id='word_1_547' title='bbox 1762 4507 1855 4560; x_wconf 89' lang='lat' dir='ltr'>SS.</span> <span class='ocrx_word' id='word_1_548' title='bbox 1884 4506 1921 4559; x_wconf 92' lang='lat' dir='ltr'>l.</span> <span class='ocrx_word' id='word_1_549' title='bbox 1950 4524 1993 4563; x_wconf 92' lang='lat' dir='ltr'>c.</span> <span class='ocrx_word' id='word_1_550' title='bbox 2013 4524 2143 4578; x_wconf 83' lang='lat' dir='ltr'>pag.</span> <span class='ocrx_word' id='word_1_551' title='bbox 2162 4513 2264 4564; x_wconf 78' lang='lat'>723</span> <span class='ocrx_word' id='word_1_552' title='bbox 2281 4526 2379 4566; x_wconf 55' lang='lat' dir='ltr'>sm:</span> <span class='ocrx_word' id='word_1_553' title='bbox 2407 4507 2469 4559; x_wconf 92' lang='lat' dir='ltr'>in</span> <span class='ocrx_word' id='word_1_554' title='bbox 2496 4508 2580 4561; x_wconf 76' lang='lat' dir='ltr'>od.</span> <span class='ocrx_word' id='word_1_555' title='bbox 2599 4507 2803 4560; x_wconf 82' lang='lat' dir='ltr'>Amoni</span> 
     </span>
     <span class='ocr_line' id='line_1_63' title="bbox 234 4578 2803 4648; baseline -0.001 -17"><span class='ocrx_word' id='word_1_556' title='bbox 234 4578 464 4648; x_wconf 67' lang='lat' dir='ltr'>gensburg</span> <span class='ocrx_word' id='word_1_557' title='bbox 484 4582 652 4632; x_wconf 77' lang='lat' dir='ltr'>Sanct</span> <span class='ocrx_word' id='word_1_558' title='bbox 677 4582 1000 4633; x_wconf 62' lang='lat' dir='ltr'>Franci-elren</span> <span class='ocrx_word' id='word_1_559' title='bbox 1018 4582 1190 4634; x_wconf 79' lang='lat' dir='ltr'>Leben</span> <span class='ocrx_word' id='word_1_560' title='bbox 1207 4619 1219 4632; x_wconf 91' lang='lat'>.</span> <span class='ocrx_word' id='word_1_561' title='bbox 1239 4619 1251 4633; x_wconf 94' lang='lat'>.</span> <span class='ocrx_word' id='word_1_562' title='bbox 1270 4620 1282 4632; x_wconf 94' lang='lat'>.</span> <span class='ocrx_word' id='word_1_563' title='bbox 1305 4581 1470 4633; x_wconf 88' lang='lat' dir='ltr'>nebst</span> <span class='ocrx_word' id='word_1_564' title='bbox 1521 4595 1694 4648; x_wconf 87' lang='lat' dir='ltr'>supra</span> <span class='ocrx_word' id='word_1_565' title='bbox 1720 4579 1986 4637; x_wconf 79' lang='lat' dir='ltr'>laudata:</span> <span class='ocrx_word' id='word_1_566' title='bbox 2028 4595 2156 4632; x_wconf 92' lang='lat' dir='ltr'>cum</span> <span class='ocrx_word' id='word_1_567' title='bbox 2184 4596 2391 4648; x_wconf 84' lang='lat' dir='ltr'>magna</span> <span class='ocrx_word' id='word_1_568' title='bbox 2418 4578 2717 4647; x_wconf 81' lang='lat' dir='ltr'>diligentia</span> <span class='ocrx_word' id='word_1_569' title='bbox 2742 4578 2803 4629; x_wconf 93' lang='lat' dir='ltr'>in</span> 
     </span>
     <span class='ocr_line' id='line_1_64' title="bbox 236 4644 2804 4720; baseline 0.002 -22"><span class='ocrx_word' id='word_1_570' title='bbox 236 4644 421 4712; x_wconf 62' lang='lat' dir='ltr'>eleasar,</span> <span class='ocrx_word' id='word_1_571' title='bbox 447 4650 822 4703; x_wconf 83' lang='lat' dir='ltr'>Paderbonae</span> <span class='ocrx_word' id='word_1_572' title='bbox 865 4654 1021 4706; x_wconf 83' lang='lat'>1880.</span> <span class='ocrx_word' id='word_1_573' title='bbox 1049 4649 1260 4704; x_wconf 89' lang='lat' dir='ltr'>Eodem</span> <span class='ocrx_word' id='word_1_574' title='bbox 1286 4651 1347 4703; x_wconf 88' lang='lat' dir='ltr'>in</span> <span class='ocrx_word' id='word_1_575' title='bbox 1375 4668 1467 4720; x_wconf 91' lang='lat' dir='ltr'>po.</span> <span class='ocrx_word' id='word_1_576' title='bbox 1522 4668 1612 4719; x_wconf 88' lang='lat' dir='ltr'>op.</span> <span class='ocrx_word' id='word_1_577' title='bbox 1643 4650 1974 4704; x_wconf 84' lang='lat' dir='ltr'>Marcellino</span> <span class='ocrx_word' id='word_1_578' title='bbox 2015 4650 2088 4702; x_wconf 83' lang='lat' dir='ltr'>da</span> <span class='ocrx_word' id='word_1_579' title='bbox 2131 4649 2364 4703; x_wconf 84' lang='lat' dir='ltr'>Civezza</span> <span class='ocrx_word' id='word_1_580' title='bbox 2389 4667 2418 4703; x_wconf 90' lang='lat' dir='ltr'>e</span> <span class='ocrx_word' id='word_1_581' title='bbox 2447 4651 2656 4703; x_wconf 85' lang='lat' dir='ltr'>Teofilo</span> <span class='ocrx_word' id='word_1_582' title='bbox 2698 4649 2804 4701; x_wconf 92' lang='lat' dir='ltr'>Do-</span> 
     </span>
     <span class='ocr_line' id='line_1_65' title="bbox 235 4713 2803 4791; baseline 0.002 -23"><span class='ocrx_word' id='word_1_583' title='bbox 235 4713 359 4772; x_wconf 83' lang='lat' dir='ltr'>habes</span> <span class='ocrx_word' id='word_1_584' title='bbox 381 4721 674 4791; x_wconf 84' lang='lat' dir='ltr'>epitomen</span> <span class='ocrx_word' id='word_1_585' title='bbox 701 4725 760 4773; x_wconf 90' lang='lat' dir='ltr'>et</span> <span class='ocrx_word' id='word_1_586' title='bbox 785 4720 1097 4790; x_wconf 83' lang='lat' dir='ltr'>specimina</span> <span class='ocrx_word' id='word_1_587' title='bbox 1115 4722 1325 4790; x_wconf 85' lang='lat' dir='ltr'>prolixi</span> <span class='ocrx_word' id='word_1_588' title='bbox 1353 4739 1468 4774; x_wconf 87' lang='lat' dir='ltr'>car·</span> <span class='ocrx_word' id='word_1_589' title='bbox 1521 4720 1839 4774; x_wconf 84' lang='lat' dir='ltr'>minichelli</span> <span class='ocrx_word' id='word_1_590' title='bbox 1883 4720 1976 4773; x_wconf 90' lang='lat' dir='ltr'>dei</span> <span class='ocrx_word' id='word_1_591' title='bbox 2020 4721 2158 4774; x_wconf 89' lang='lat' dir='ltr'>Min.</span> <span class='ocrx_word' id='word_1_592' title='bbox 2207 4722 2283 4774; x_wconf 86' lang='lat' dir='ltr'>La</span> <span class='ocrx_word' id='word_1_593' title='bbox 2326 4722 2630 4791; x_wconf 81' lang='lat' dir='ltr'>Leggenda</span> <span class='ocrx_word' id='word_1_594' title='bbox 2664 4720 2724 4773; x_wconf 88' lang='lat' dir='ltr'>di</span> <span class='ocrx_word' id='word_1_595' title='bbox 2751 4720 2803 4773; x_wconf 83' lang='lat' dir='ltr'>S.</span> 
     </span>
     <span class='ocr_line' id='line_1_66' title="bbox 240 4787 2803 4874; baseline 0 -33"><span class='ocrx_word' id='word_1_596' title='bbox 240 4787 361 4844; x_wconf 70' lang='lat' dir='ltr'>minis</span> <span class='ocrx_word' id='word_1_597' title='bbox 383 4792 607 4862; x_wconf 83' lang='lat' dir='ltr'>mystici</span> <span class='ocrx_word' id='word_1_598' title='bbox 627 4791 802 4862; x_wconf 88' lang='lat' dir='ltr'>(ultra</span> <span class='ocrx_word' id='word_1_599' title='bbox 825 4810 878 4849; x_wconf 80' lang='lat' dir='ltr'>V.</span> <span class='ocrx_word' id='word_1_600' title='bbox 896 4797 1058 4849; x_wconf 73' lang='lat'>4000&gt;</span> <span class='ocrx_word' id='word_1_601' title='bbox 1084 4796 1303 4847; x_wconf 77' lang='lat' dir='ltr'>Tochter</span> <span class='ocrx_word' id='word_1_602' title='bbox 1329 4797 1468 4862; x_wconf 78' lang='lat' dir='ltr'>Syon</span> <span class='ocrx_word' id='word_1_603' title='bbox 1523 4793 1612 4847; x_wconf 79' lang='lat' dir='ltr'>Fr.</span> <span class='ocrx_word' id='word_1_604' title='bbox 1628 4793 1825 4845; x_wconf 86' lang='lat' dir='ltr'>scritta</span> <span class='ocrx_word' id='word_1_605' title='bbox 1841 4793 1914 4844; x_wconf 85' lang='lat' dir='ltr'>da</span> <span class='ocrx_word' id='word_1_606' title='bbox 1932 4795 2014 4846; x_wconf 89' lang='lat' dir='ltr'>tre</span> <span class='ocrx_word' id='word_1_607' title='bbox 2036 4793 2162 4845; x_wconf 86' lang='lat' dir='ltr'>suoi</span> <span class='ocrx_word' id='word_1_608' title='bbox 2179 4792 2495 4862; x_wconf 80' lang='lat' dir='ltr'>Compagni</span> <span class='ocrx_word' id='word_1_609' title='bbox 2511 4791 2803 4874; x_wconf 87' lang='lat' dir='ltr'>publicata</span> 
     </span>
     <span class='ocr_line' id='line_1_67' title="bbox 240 4858 2805 4933; baseline 0.001 -22"><span class='ocrx_word' id='word_1_610' title='bbox 240 4858 430 4924; x_wconf 78' lang='lat' dir='ltr'>ejusdem</span> <span class='ocrx_word' id='word_1_611' title='bbox 461 4863 852 4932; x_wconf 79' lang='lat' dir='ltr'>Lamprechti.</span> <span class='ocrx_word' id='word_1_612' title='bbox 891 4863 973 4917; x_wconf 87' lang='lat' dir='ltr'>Cf.</span> <span class='ocrx_word' id='word_1_613' title='bbox 1002 4863 1244 4918; x_wconf 85' lang='lat' dir='ltr'>Michael</span> <span class='ocrx_word' id='word_1_614' title='bbox 1271 4865 1465 4918; x_wconf 85' lang='lat' dir='ltr'>Gesch.</span> <span class='ocrx_word' id='word_1_615' title='bbox 1523 4864 1578 4916; x_wconf 90' lang='lat' dir='ltr'>la</span> <span class='ocrx_word' id='word_1_616' title='bbox 1605 4863 1791 4933; x_wconf 88' lang='lat' dir='ltr'>prima</span> <span class='ocrx_word' id='word_1_617' title='bbox 1816 4864 1973 4917; x_wconf 81' lang='lat' dir='ltr'>volta</span> <span class='ocrx_word' id='word_1_618' title='bbox 2003 4863 2155 4916; x_wconf 86' lang='lat' dir='ltr'>nella</span> <span class='ocrx_word' id='word_1_619' title='bbox 2186 4882 2287 4916; x_wconf 85' lang='lat' dir='ltr'>sua</span> <span class='ocrx_word' id='word_1_620' title='bbox 2317 4865 2603 4932; x_wconf 76' lang='lat' dir='ltr'>integrita,</span> <span class='ocrx_word' id='word_1_621' title='bbox 2628 4862 2805 4915; x_wconf 87' lang='lat' dir='ltr'>Roma</span> 
     </span>
     <span class='ocr_line' id='line_1_68' title="bbox 243 4925 1679 4999; baseline 0.004 -17"><span class='ocrx_word' id='word_1_622' title='bbox 243 4925 621 4990; x_wconf 68' lang='lat' dir='ltr'>dadeutschen</span> <span class='ocrx_word' id='word_1_623' title='bbox 652 4933 717 4986; x_wconf 89' lang='lat' dir='ltr'>V.</span> <span class='ocrx_word' id='word_1_624' title='bbox 747 4935 837 4999; x_wconf 86' lang='lat' dir='ltr'>Ill,</span> <span class='ocrx_word' id='word_1_625' title='bbox 865 4940 1163 4992; x_wconf 76' lang='lat'>149-150.</span> <span class='ocrx_word' id='word_1_626' title='bbox 1524 4940 1679 4992; x_wconf 82' lang='grc'>1889.</span> 
     </span>
    </p>
   </div>
   <div class='ocr_carea' id='block_1_13' title="bbox 393 5029 2449 5090">
    <p class='ocr_par' dir='ltr' id='par_1_16' title="bbox 393 5029 2449 5090">
     <span class='ocr_line' id='line_1_69' title="bbox 393 5029 2449 5090; baseline -0 -9"><span class='ocrx_word' id='word_1_627' title='bbox 393 5035 589 5090; x_wconf 74' lang='lat' dir='ltr'>uerter,</span> <span class='ocrx_word' id='word_1_628' title='bbox 619 5031 948 5079; x_wconf 81' lang='lat' dir='ltr'>Nomenclator</span> <span class='ocrx_word' id='word_1_629' title='bbox 972 5033 1016 5079; x_wconf 90' lang='lat'>11</span> <span class='ocrx_word' id='word_1_630' title='bbox 1042 5033 1114 5081; x_wconf 89' lang='lat' dir='ltr'>ed.</span> <span class='ocrx_word' id='word_1_631' title='bbox 1145 5033 1190 5082; x_wconf 80' lang='lat'>3.</span> <span class='ocrx_word' id='word_1_632' title='bbox 2381 5029 2449 5081; x_wconf 87' lang='lat'>10</span> 
     </span>
    </p>
   </div>
  </div>
 </body>
</html>
