3475 5364
531 319 557 371 1
574 318 694 372 327
873 306 1242 360 1521—1540.
1271 301 1522 358 Historia
1545 298 1679 355 eccl.
1706 303 1949 373 [mpens‚
1978 302 2244 367 Manlius,
2271 302 2578 367 Hofmann,
2605 303 2780 375 Lang,

2971 323 2996 374 1
3013 320 3094 375 32
3105 320 3147 374 8

523 487 803 547 Petrus
835 488 1139 564 Impens
1173 508 1293 547 can.
1326 507 1446 566 reg.
1482 488 1545 546 Ο.
1566 489 1623 547 8.
1643 489 1798 566 Aug.
1859 487 1921 570 (†
1950 484 2145 570 1534)
2182 486 2621 568 concinnavit²)
2646 489 3151 548 Chroniconbmve

523 597 582 639 n.
623 586 807 647 1445,
852 576 1109 637 director
1156 578 1500 637 monasterii
1546 577 1798 636 marien-
1859 574 2007 660 (non
2045 579 2246 656 magni
2275 573 2588 659 momenti)
2630 580 2702 638 de
2731 579 2941 654 primis
2970 578 3147 637 duci-

523 666 800 736 dalensis‚
851 665 990 725 dein
1040 667 1200 743 prior
1243 667 1521 726 canoniae
1569 666 1800 725 bethle-
1859 669 1972 726 bus
2018 668 2324 738 Bavariae,
2372 668 2663 744 episcopis
2712 667 3145 727 ratisbonensi-

524 755 833 814 hemiticae
856 752 916 836 (†
936 765 1034 819 23.
1053 756 1182 815 Dec.
1214 752 1425 839 1523),
1447 755 1612 815 dedit
1635 756 1801 815 Com-
1857 756 1971 815 bus
2022 760 2084 815 et
2133 756 2206 816 de
2256 774 2301 815 s.
2331 757 2702 816 Emmeramo
2751 758 2910 831 apud
2943 756 3145 817 Oefele

513 846 796 918 pendium
827 846 1104 904 decursus
1118 853 1439 921 temporum
1454 845 1802 905 monasterii
1857 864 1969 904 rer.
2002 846 2149 905 boic.
2184 845 2280 908 88.
2312 846 2359 914 1,
2395 856 2540 910 545.
2576 881 2659 890 —--
2691 846 2914 904 Paulus
2933 846 3146 922 Lang

524 933 894 993 christiferae
921 934 1441 994 Bethlehemiticae
1477 953 1802 1011 puerperae
1859 935 2013 995 OSB.
2030 934 2095 993 in
2113 935 2473 994 monasterio
2504 934 2852 1006 bozavieusi,
2885 953 3143 1011 cygnae-

522 1023 590 1081 Ο.
621 1023 755 1081 Can.
787 1042 909 1100 reg.
934 1023 1112 1099 juxta
1129 1023 1474 1095 Lovanium,
1505 1043 1624 1099 quo
1644 1042 1800 1083 com·
1858 1042 1929 1083 us
1981 1023 2105 1084 sive
2150 1024 2600 1093 zwiccaviensis,
2652 1042 2762 1101 pro
2792 1024 3138 1094 Trithemio,

522 1111 801 1188 plectitur
818 1130 935 1171 non
960 1113 1152 1171 solnm
1171 1112 1413 1171 annales
1451 1114 1547 1171 sui
1576 1112 1801 1172 ordinis
1857 1113 1954 1172 cui
1986 1116 2113 1172 erat
2144 1112 2388 1183 amicus,
2421 1113 2624 1189 plures
2643 1132 2750 1189 per
2767 1112 3144 1172 Germaniam

519 1205 700 1275 atque
733 1204 1079 1272 conventus,
1114 1201 1218 1259 sed
1264 1205 1326 1260 et
1366 1201 1674 1261 historiam
1707 1220 1800 1260 ec·
1860 1201 2250 1261 bibliothecas
2280 1202 2560 1261 lustravit
2603 1202 2677 1261 ad
2725 1201 3145 1261 conferendam

521 1290 910 1349 clesiasticam
941 1298 1003 1349 et
1033 1290 1355 1350 literariam
1389 1291 1594 1368 Belgii.
1657 1292 1800 1350 Pro·
1859 1292 2186 1368 symbolam
2232 1291 2398 1350 illius
2445 1294 2608 1367 operi
2641 1291 2714 1349 de
2747 1291 3143 1367 scriptoribus

520 1379 636 1438 diit
666 1378 788 1437 illis
820 1380 1053 1439 omissis
1086 1381 1150 1438 in
1181 1380 1424 1456 Kervyn
1455 1380 1528 1438 de
1559 1381 1800 1438 Letten-
1858 1380 2291 1439 ecclesiasticis.
2370 1380 2632 1457 Digessit
2691 1379 3009 1457 diligenter
3068 1399 3144 1439 ex

521 1469 671 1527 hove
703 1467 1064 1543 chroniques
1110 1469 1390 1527 relatives
1436 1475 1469 1527 a
1513 1469 1696 1527 l’hist.
1728 1468 1802 1527 de
1861 1469 2142 1544 pluribus
2239 1468 2632 1545 scriptoribus
2708 1472 2771 1528 et
2846 1468 3142 1529 chronicis

522 1559 583 1616 la
613 1558 898 1634 Belgique
956 1567 1141 1621 1876.
1190 1558 1265 1627 11,
1317 1567 1520 1621 339-
1537 1567 1681 1622 468.
1720 1591 1796 1601 -—
1859 1557 2178 1617 Chronicon
2199 1559 2457 1617 citicense
2478 1555 2685 1639 (Zeitz)
2710 1558 2781 1617 de
2801 1558 2964 1616 illius
2978 1557 3175 1616 dioc--

520 1646 559 1704 J
563 1648 781 1706 acobus
830 1648 884 1704 M
904 1647 1164 1705 anlius
1212 1643 1498 1728 (Mennel)
1550 1647 1800 1722 Brigan-
1858 1666 2051 1708 ceseos
2082 1648 2269 1724 gestis
2300 1650 2360 1705 et
2379 1648 2511 1705 aliis
2530 1648 2712 1706 etiam
2733 1648 2950 1723 passim
2966 1648 3146 1723 juxta

521 1736 707 1805 tinne,
735 1737 780 1811 j.
811 1755 869 1794 u.
903 1735 1107 1794 doctor
1136 1739 1198 1794 et
1229 1736 1448 1795 artium
1496 1736 1800 1813 magister,
1859 1737 2121 1812 ejusdem
2154 1737 2497 1813 praesulum
2528 1755 2714 1796 annos
2745 1740 2808 1795 et
2822 1736 3145 1795 successio-

522 1825 720 1884 scriba
748 1824 1158 1900 friburgensis‚
1180 1825 1552 1885 consiliarius
1585 1830 1645 1883 et
1676 1826 1801 1883 his·
1857 1844 1964 1884 nes
2013 1826 2087 1884 ab
2134 1847 2184 1883 a.
2233 1833 2648 1895 968—1515,
2693 1825 2782 1883 ed.
2816 1846 2852 1884 a
2883 1825 3145 1884 Pistor-io

521 1914 939 1990 toriographus
961 1932 1284 1984 caesareus,
1318 1914 1410 1973 vir
1443 1914 1602 1972 haud
1636 1915 1799 1974 criti·

521 2021 624 2061 cus
658 2002 718 2082 (†
755 2012 852 2066 28.
876 2003 1030 2078 Sept.
1061 2012 1261 2075 1532;
1294 2004 1623 2061 secundum
1653 2003 1802 2062 alios

520 2095 658 2151 ante
712 2104 766 2155 6.
815 2091 982 2150 Mart.
1040 2086 1233 2172 1526)
1285 2093 1523 2168 scripsit
1569 2097 1802 2168 praeter

1860 1915 1957 1977 88.
1990 1934 2100 1973 rer.
2133 1934 2313 1991 germ.
2334 1915 2379 1984 Ι,
2407 1923 2787 1984 755-907ς
2819 1915 2900 1983 1²,
2945 1924 3144 1977 1120·

1867 2014 1889 2065 1
1908 2013 1984 2067 29
2000 2015 2022 2066 1
2050 2025 2066 2075 ;
2089 2003 2375 2062 Chronica
2388 2004 2868 2080 naumburyensis
2882 2004 3147 2062 ecclesiae

1860 2093 2124 2152 omnium
2175 2092 2602 2168 episcoporum,
2654 2092 2760 2168 qui
2811 2111 2847 2151 a
2875 2096 3145 2167 tempore

522 2182 640 2240 alia
670 2182 738 2239 de
768 2184 1098 2256 episcopatu
1127 2188 1178 2238 et
1209 2182 1432 2239 civitate
1470 2182 1801 2241 vindonensn
1859 2181 2095 2241 Ottonis
2126 2182 2201 2240 M„
2234 2199 2424 2257 usque
2455 2182 2528 2240 ad
2561 2181 2756 2240 Caroli
2776 2180 2840 2239 V.
2872 2184 3146 2257 tempora

521 2279 572 2328 et
601 2272 1005 2329 constantiensi
1037 2291 1085 2327 a.
1116 2280 1315 2340 15193
1352 2269 1426 2328 ab
1459 2270 1577 2329 alio
1613 2271 1800 2330 conti·
1858 2289 1963 2346 per
1999 2282 2120 2334 560
2157 2290 2206 2329 a.
2240 2274 2539 2339 rexerunt,
2573 2270 2814 2330 nomina
2864 2274 2924 2330 et
2970 2272 3146 2347 gesta

520 2363 770 2418 nuatum
822 2360 893 2417 ad
943 2379 993 2418 a.
1036 2369 1197 2421 1607
1248 2360 1406 2435 apud
1456 2360 1799 2430 Pistorium‚
1859 2360 2016 2419 scitu
2064 2360 2247 2436 digna
2308 2360 2617 2419 continens
2670 2353 3142 2442 (ses—1536),

519 2468 630 2507 rer.
663 2467 843 2524 germ.
892 2449 986 2506 88.
1044 2457 1227 2510 1607.
1273 2448 1379 2517 ΙΙΙ,
1418 2459 1800 2519 617-722;
1859 2449 2017 2525 apud
2051 2449 2304 2508 Menken
2338 2449 2434 2509 88.
2468 2467 2578 2507 rer.
2612 2448 2803 2511 Germ.
2848 2455 3030 2511 1738.
3061 2448 3142 2517 11,

520 2538 608 2595 ed.
658 2538 873 2595 Struve
919 2537 1023 2606 ΙΙΙ,
1062 2546 1445 2607 6“7·-804;
1498 2537 1803 2614 Kayserall

519 2627 641 2686 und
674 2626 959 2702 Bc‘ipstall‚
1011 2625 1274 2685 Basileae
1316 2636 1479 2690 1522
1516 2627 1578 2685 in
1615 2637 1689 2698 4.,
1739 2629 1802 2687 in

520 2734 639 2792 quo
700 2716 938 2774 exhibet
989 2716 1199 2774 seriem
1268 2716 1694 2791 imperatorum
1744 2721 1805 2776 et

520 2824 662 2865 rom.
695 2804 1041 2880 pontificum
1091 2823 1224 2863 cum
1254 2805 1536 2863 brevibus
1567 2807 1802 2864 notitiis

520 2895 592 2953 de
625 2894 898 2970 singulis,
934 2894 1170 2968 quando
1190 2897 1251 2951 et
1270 2893 1557 2969 quamdiu
1590 2913 1800 2971 regna-

520 2983 733 3051 verint,
782 3001 903 3058 qua
934 2986 1124 3040 morte
1174 2982 1433 3041 obierint
1464 3000 1600 3041 cum
1633 3003 1803 3059 prae-

1865 2551 1890 2601 l
1907 2574 1989 2581 —
2004 2551 2024 2601 l
2041 2550 2075 2602 0
2088 2547 2140 2600 2.
2175 2537 2508 2613 Utrumque
2527 2539 2665 2613 plus
2684 2537 2951 2596 continet
2963 2556 3146 2612 quam

1862 2628 2080 2687 titulus
2143 2626 2460 2704 promittit,
2512 2627 2705 2686 multa
2752 2627 2912 2686 enim
2961 2626 3148 2686 refert

1861 2718 2137 2793 specialia
2198 2720 2413 2776 notatu
2461 2717 2641 2794 digna
2691 2736 2758 2775 ex
2809 2715 3142 2787 Germania,

1861 2808 1979 2865 imo
2010 2806 2289 2864 universa
2320 2807 2571 2881 Europa.
2604 2807 2674 2864 In
2705 2806 2890 2881 priori
2921 2805 3145 2863 Luthe·
3173 2825 3178 2828 ²

1862 2915 1996 2953 rum
2027 2895 2220 2954 adhuc
2269 2894 2617 2966 demiratur,
2666 2895 2733 2953 in
2777 2894 2965 2953 altera
3011 2896 3148 2969 ejus

1861 2983 2171 3043 admiratio
2233 2985 2561 3059 plurimum
2638 2983 2953 3052 deferbuit,
3020 2984 3147 3043 imo

519 3071 711 3147 cipuis
755 3072 941 3147 gestis
961 3066 1027 3150 ¹),
1079 3104 1163 3114 —
1212 3070 1301 3129 Fr.
1349 3071 1804 3148 christophorus
1860 3074 2124 3149 graviter
2172 3074 2235 3131 in
2285 3092 2421 3132 eum
2468 3068 2849 3155 invehitur2).
2906 3106 2984 3116 —
3017 3075 3145 3130 An-

521 3159 574 3217 Η
592 3179 626 3218 o
641 3161 670 3216 f
679 3180 738 3218 m
754 3180 788 3218 a
803 3179 843 3217 n
857 3179 898 3219 n
1007 3158 1162 3218 OSB.
1271 3161 1804 3238 Rottenburgensis

522 3438 736 3507 Pragae
757 3441 913 3500 1859,
936 3454 1066 3492 cum
1084 3437 1509 3493 introductione
1530 3438 1806 3493 historica

520 3513 752 3565 auctore
781 3510 987 3565 Hofler.
1014 3543 1082 3550 —
1105 3509 1443 3565 DeJ.Wim
1465 3509 1804 3581 pheling,

522 3583 624 3651 qui
636 3579 1251 3636 illustravitecclesiam
1264 3585 1805 3651 argentoratensem,

519 3653 673 3706 iufra
692 3652 1013 3722 loquemur.
1037 3686 1092 3694 -—
1116 3652 1438 3722 Wigandus
1465 3654 1511 3707 G
1530 3669 1559 3705 e
1575 3671 1602 3705 r
1618 3670 1643 3705 s
1658 3654 1685 3706 t
1699 3668 1729 3707 e
1747 3671 1807 3706 n·

520 3727 697 3795 berg
723 3726 816 3794 (al.
848 3724 1043 3779 Victor
1082 3724 1510 3796 Bodenbender)
1552 3742 1607 3779 n.
1636 3722 1807 3776 Fran-

520 3796 841 3866 kenbergae
855 3802 903 3855 1.
919 3796 1030 3866 Maj
1039 3837 1050 3848 .
1065 3801 1199 3853 1457
1209 3837 1221 3859 ,
1234 3797 1489 3849 sacerdos
1501 3801 1547 3865 (ψ
1558 3800 1644 3851 27.
1659 3797 1805 3866 Aug.

520 3872 680 3929 1522)
710 3867 948 3921 fideliter
973 3867 1338 3922 concinnavit
1375 3885 1440 3921 ex
1480 3866 1653 3920 variis
1693 3885 1806 3921 mo-

521 3940 825 4003 numentis,
845 3939 1178 4007 pracsertim
1191 3955 1258 3991 ex
1275 3938 1541 3993 chronica
1553 3938 1808 3992 hassiaca

521 4010 607 4064 J0.
636 4010 893 4063 Riedesel
921 4015 967 4080 (†
997 4028 1052 4078 p.
1084 4013 1243 4076 1341)
1274 4013 1571 4063 Chrono'con
1599 4013 1806 4064 hassia-

520 4101 639 4136 cum
664 4091 708 4135 et
736 4085 1129 4148 thur-inqiacum
1159 4081 1251 4148 (ad
1278 4097 1327 4136 a.
1358 4086 1496 4138 1498
1524 4122 1534 4140 ,
1564 4081 1717 4148 quod
1735 4081 1806 4134 ab

522 4171 573 4205 a.
599 4156 703 4208 813
730 4157 990 4205 accurate
1019 4152 1203 4204 edidit
1224 4152 1486 4206 Schminc
1531 4152 1635 4205 ein
1655 4151 1805 4206 Mon.

521 4225 667 4277 hess.
692 4222 879 4277 Caesel
908 4227 1043 4279 1747
1075 4224 1115 4285 I,
1142 4227 1207 4278 31
1232 4228 1404 4286 -293,
1450 4224 1514 4288 ΙΙ,
1542 4227 1806 4280 295-574;

527 4299 823 4349 Chrone'con
852 4298 1352 4363 Frankenberyense
1379 4294 1433 4348 d.
1460 4295 1497 4350 i.
1521 4293 1807 4347 Franken-

522 4368 621 4419 ber
664 4366 784 4418 isch
827 4365 1079 4420 Chronik
1126 4365 1244 4419 und
1289 4364 1561 4420 Zeitbuch
1606 4371 1806 4436 (1525),

522 4437 609 4494 ed.
672 4453 720 4489 ο.
750 4435 896 4490 Phil.
938 4437 1382 4491 Kuchenbecker
1421 4437 1587 4493 Anal.
1648 4437 1806 4492 Hass.

531 4509 592 4574 V,
646 4513 946 4572 145-240,
1016 4509 1113 4562 sed
1166 4525 1280 4561 non
1333 4510 1647 4579 complete;
1711 4510 1806 4562 ad·

523 4580 840 4633 ditamenta
890 4581 1045 4650 apud
1088 4581 1383 4648 Ayrmann
1422 4581 1562 4648 Syll.
1608 4582 1807 4636 anecd.

524 4658 663 4709 1746
705 4652 745 4716 Ι,
774 4656 1073 4710 623-672.
1122 4653 1203 4707 Cf.
1231 4652 1385 4723 Allg.
1413 4653 1466 4706 d.
1496 4652 1684 4722 Biogr.
1712 4654 1805 4719 lX,

523 4729 593 4782 66
620 4742 661 4778 s.

598 4802 634 4858 ¹)
677 4794 761 4850 Cf.
826 4794 1114 4849 Horavvitz
1180 4795 1329 4864 Allg.
1374 4795 1427 4849 d.
1478 4795 1668 4864 Biogr.
1719 4799 1806 4858 21,

521 4871 626 4922 358
653 4885 722 4920 sS.

1862 3161 2063 3221 tonius
2094 3163 2406 3220 Belloni
2448 3162 2748 3221 utinensis
2800 3161 2994 3221 scriba
3037 3179 3151 3220 seu

1861 3251 2131 3310 notarius
2164 3252 2547 3310 cancellariae
2566 3251 2976 3326 patriarchalis
3005 3269 3145 3309 nar-

1866 3344 1960 3399 rat
1993 3343 2136 3399 vitas
2170 3341 2660 3416 patriarcharum
2707 3340 3148 3417 aquileiensium

1863 3447 2054 3505 usque
2105 3430 2177 3489 ad
2210 3450 2258 3486 a.
2299 3439 2485 3498 1530,
2533 3430 2690 3505 apud
2722 3429 3015 3488 Muratori
3044 3428 3144 3487 88.

1861 3538 1970 3577 rer.
2022 3520 2093 3577 It.
2144 3518 2292 3587 XVI,
2349 3528 2626 3581 23—70.
2674 3553 2760 3562 —
2800 3518 3146 3576 Joannes

1863 3608 2226 3666 Tilianus
2261 3603 2569 3688 (Lindner)
2606 3607 2669 3665 Ο.
2703 3608 2907 3669 Praed.
2937 3626 3143 3666 mona·

1863 3697 2024 3767 chus,
2059 3697 2361 3755 Pirnensis
2378 3697 2571 3755 dictus
2589 3693 2668 3778 (fl.
2692 3708 2714 3759 1
2734 3692 2902 3778 530),
2936 3695 3145 3755 ordine

1865 3786 2234 3863 alphabetico
2256 3804 2641 3861 personarum
2674 3788 2736 3844 et
2765 3786 3028 3845 locorum
3048 3804 3142 3844 re—

1941 4013 1978 4080 1)
2006 4008 2248 4078 Scripsit
2284 4025 2513 4077 quoque
2546 4013 2826 4064 chronicon
2845 4012 3145 4074 Bohemiae,

1863 4080 2019 4148 quod
2040 4080 2305 4205 vulgavit
2324 4080 2474 4134 Hier.
2501 4080 2608 4134 Pez
2633 4081 2725 4135 88.
2752 4098 2857 4136 rer.
2879 4083 3054 4136 austr.
3073 4081 3144 4146 ΙΙ,

1864 4156 2003 4208 1042
2046 4153 2105 4204 et
2182 4151 2436 4206 istoriam
2479 4155 2541 4207 de
2579 4156 2880 4234 eoepulsione
2912 4155 3145 4207 Judaeu-

1865 4243 1986 4276 rum
2015 4239 2078 4275 ex
2108 4224 2247 4276 urbe
2267 4223 2663 4290 ratisbonensi,
2686 4241 2859 4292 quam
2881 4223 3146 4277 Struvius

1865 4295 1925 4347 in
1969 4294 2112 4348 actis
2151 4293 2298 4350 liter.
2345 4299 2383 4349 t.
2431 4295 2496 4354 ΙΙ,
2544 4296 2674 4349 fasc.
2717 4302 2764 4352 1.
2805 4294 3145 4365 publicavit.

1866 4365 2124 4434 Reliquit
2150 4366 2315 4435 plura
2341 4366 2459 4419 alia
2484 4366 2719 4420 inedita.
2760 4366 2843 4422 Cf.
2871 4366 3146 4420 Balbinus

1865 4436 2006 4491 Boh'.
2034 4438 2232 4490 doctae
2260 4438 2325 4501 11,
2354 4441 2474 4492 203.

1941 4517 1979 4574 ²)
2009 4508 2093 4562 Cf.
2145 4507 2432 4561 Horawitz
2495 4507 2648 4576 Aug.
2711 4508 2765 4563 d.
2817 4507 3006 4579 Biogr.
3058 4513 3146 4573 17,

1864 4585 1969 4636 614
1995 4598 2095 4637 ss.;
2136 4579 2202 4632 K.
2232 4577 2292 4631 Ε.
2323 4579 2388 4633 Η.
2416 4578 2618 4633 Muller
2661 4578 2774 4633 Das
2813 4579 3145 4634 Chronikon

1865 4650 2127 4704 citicense
2153 4693 2166 4706 .
2195 4693 2208 4705 .
2237 4692 2249 4705 .
2278 4651 2397 4704 und
2439 4649 2532 4704 die
2569 4651 2631 4704 in
2676 4650 3000 4706 demselbeu
3025 4654 3147 4705 ent-

1863 4722 2133 4776 haltenen
2185 4721 2424 4788 Quellen
2486 4721 2547 4774 in
2599 4721 2786 4776 Neues
2835 4723 3003 4776 Arch.
3053 4722 3149 4775 fiir

1865 4794 2181 4848 sachsische
2233 4794 2433 4850 Gesch.
2485 4793 2736 4848 Dresden
2787 4797 2943 4851 1892.
2994 4793 3144 4854 xm.
