3475 5364
492 371 615 422 819

771 359 1139 409 1426—1450.
1167 354 1479 421 'l'heologia
1505 353 1619 422 pol.
1646 352 1917 406 Julianus
1947 354 2215 416 Uesarini,
2241 355 2325 408 Jo.
2356 354 2424 405 (le
2455 352 2837 422 Montenigm,

2988 371 3110 424 520

489 538 524 596 J
541 558 581 595 u
601 539 620 594 l
637 539 656 595 i
671 559 706 596 a
720 557 761 596 n
777 557 818 595 u
836 557 863 596 s
927 540 966 596 C
983 559 1016 596 a
1031 557 1061 597 e
1079 557 1106 597 s
1122 558 1156 596 a
1170 540 1294 597 rin
1310 559 1351 596 u
1370 559 1396 597 s
1458 535 1773 621 (Cesarini)
1829 538 2136 614 problema
2167 538 2438 609 absolvit,
2471 544 2543 597 ut
2562 537 2919 608 ostenderet,
2935 538 3114 597 licere

487 627 772 696 doctrina,
825 628 1076 702 eloquio,
1129 647 1326 686 rerum
1389 629 1771 704 experientia,

479 716 696 791 judicii
728 717 1062 776 acrimonia.
1097 717 1254 776 vitae
1275 718 1618 795 integritate
1639 736 1772 794 ges-

486 807 684 881 tisque
746 824 852 882 pro
916 806 1052 864 sede
1113 808 1430 882 apostolica
1488 807 1770 865 illustris:

487 913 661 969 quem
729 897 955 952 Aeneas
1019 895 1240 954 Silvius
1303 897 1362 953 in
1413 916 1499 972 ep.
1554 906 1630 960 52
1699 896 1772 954 ad

486 983 827 1058 Philippum
848 984 1089 1043 Mariam
1122 984 1330 1043 ducem
1371 986 1771 1044 mediolanen·

486 1091 610 1130 sem
644 1072 883 1141 ,virum
931 1074 1022 1130 sui
1068 1073 1358 1149 temporis
1406 1074 1769 1148 eloquentis·

487 1162 721 1230 simum,
786 1162 1257 1221 eruditissimum
1310 1182 1375 1221 ac
1424 1165 1769 1238 prudentis-

487 1250 704 1308 simum
751 1252 1030 1325 appellat.
1080 1257 1289 1327 utpote
1336 1254 1439 1327 qui
1488 1253 1770 1328 spiritum

484 1338 917 1398 nobilissimum
968 1345 1031 1398 et
1080 1340 1153 1398 ad
1204 1342 1416 1408 omnia,
1470 1360 1767 1417 quaecun-

485 1448 600 1502 que
677 1435 894 1504 ageret‚
974 1429 1262 1487 divinitus
1320 1435 1523 1505 aptum
1602 1451 1765 1507 gere-

483 1522 634 1575 ret.⁴¹1
701 1517 809 1575 Hic
853 1517 1090 1576 florenti
1136 1519 1328 1578 adhuc
1362 1523 1554 1578 aetate
1580 1520 1768 1595 juris-

484 1606 865 1681 prudentiam
913 1607 976 1665 in
1007 1608 1224 1666 celebri
1257 1610 1566 1685 gymnasio
1600 1615 1766 1685 pata-

484 1696 625 1754 vino
687 1695 1052 1769 aliquamdiu
1115 1698 1348 1772 publice
1419 1717 1769 1772 summaque

485 1803 619 1841 cum
653 1783 825 1842 laude
856 1785 1072 1854 docuit,
1108 1791 1286 1861 atque
1319 1787 1607 1845 celebrem
1638 1787 1765 1845 Nic.

484 1874 783 1932 Cusanum
826 1873 1185 1954 discipulum
1228 1876 1453 1934 habuit.
1517 1876 1600 1933 Ex
1635 1894 1768 1951 pro·

483 1963 779 2021 tonotario
811 1963 1124 2038 apostolico
1145 1967 1207 2022 et
1226 1965 1623 2023 referendario
1647 1965 1766 2041 sig-

483 2059 732 2110 naturae
766 2052 1097 2127 pontificiae
1130 2073 1163 2111 a
1195 2055 1446 2112 Martino
1481 2053 1543 2113 V.
1579 2053 1767 2111 cardi-

482 2141 635 2198 nalis
650 2140 933 2198 diaconus
951 2144 1180 2199 creatus
1199 2148 1287 2200 est
1307 2152 1338 2203 2
1351 2153 1404 2205 6.
1426 2144 1554 2217 Maj.
1581 2155 1602 2204 1
1620 2153 1655 2204 4
1666 2152 1697 2204 2
1709 2155 1765 2210 6,

484 2231 586 2287 sed
620 2248 737 2287 non
774 2230 1112 2304 publicatus
1146 2232 1262 2289 nisi
1301 2243 1354 2291 8.
1392 2231 1538 2289 Nov.
1580 2242 1764 2300 1430,

483 2337 548 2376 ac
580 2319 814 2394 legatus
861 2320 1074 2377 missus
1107 2319 1165 2377 in
1198 2320 1537 2379 Bohemiam
1568 2322 1640 2379 ad
1675 2340 1762 2379 re·

482 2408 820 2482 primendos
855 2407 1130 2467 Husitas:
1166 2429 1367 2485 pugna
1400 2415 1600 2468 tamen
1632 2429 1764 2469 cum

483 2497 630 2571 ipsis
661 2497 951 2555 infelicem
987 2498 1198 2555 habuit
1230 2500 1473 2556 exitum.
1524 2499 1616 2557 Ab
1650 2500 1767 2557 Eu·

481 2586 657 2662 genio
692 2586 788 2644 IV.
823 2585 896 2643 ad
929 2586 1245 2645 concilium
1268 2588 1591 2645 basileense
1623 2589 1764 2647 mis-

483 2694 583 2733 sus
647 2694 882 2751 praeses
944 2676 1208 2751 ejusdem
1272 2681 1363 2735 est
1413 2676 1765 2736 destinatus,

1831 628 2145 686 veritatem
2156 647 2387 704 semper
2397 628 2615 704 apponi
2629 628 2832 686 divino
2845 628 3115 704 symbolo

1830 718 2108 793 synodice
2140 723 2201 775 et
2230 723 2477 776 vocante
2508 717 2875 784 necessitate,
2928 717 3013 775 ita
3045 720 3115 775 ut

1829 824 1933 864 nos
1965 807 2239 881 pluribus
2258 806 2468 864 diebus
2490 806 2846 864 meditantes
2866 806 3018 863 nihil
3039 807 3113 864 ad

1830 897 1969 954 haec
2001 895 2354 971 respondere
2404 897 2776 970 potuerimus
2792 891 2901 975 1).‘
2964 895 3111 953 Con-

1828 984 1962 1043 cilio
1995 985 2268 1044 absoluto
2301 985 2373 1043 ab
2406 984 2674 1060 Eugenio
2708 985 2772 1043 in
2804 984 3113 1043 Poloniam

1827 1077 1888 1131 et
1951 1074 2318 1150 Hungariam
2382 1074 2614 1149 legatus
2691 1074 2958 1132 mittitur
3006 1092 3113 1148 pro

1825 1163 1983 1220 bello
2016 1163 2301 1222 adversus
2335 1163 2552 1222 Turcas
2586 1161 2870 1238 urgend0,
2905 1181 3113 1220 verum

1824 1252 1889 1310 in
1937 1252 2101 1311 clade
2151 1251 2373 1310 infelici
2433 1263 2526 1314 10.
2575 1252 2722 1313 Nov.
2763 1261 2930 1313 1444
2977 1269 3113 1310 cum

1827 1359 1964 1416 rege
1996 1341 2263 1399 Ladislao
2294 1337 2634 1421 occubuit2)
2667 1360 2717 1398 a.
2751 1343 2931 1398 natus
2962 1359 3109 1399 non-

1824 1430 1944 1487 nisi
2010 1439 2108 1492 46.
2190 1430 2457 1505 Reliquit
2519 1430 2741 1505 scripta
2802 1448 2911 1504 pro
2973 1429 3113 1487 sede

1825 1518 2163 1594 apostolica,
2200 1518 2302 1577 sed
2334 1518 2590 1577 inedita:
2644 1519 2939 1576 orationes
2972 1536 3110 1577 vero

1826 1608 2027 1683 plures
2062 1611 2124 1665 et
2154 1608 2591 1683 disputationes
2612 1608 2868 1666 insertae
2900 1607 3111 1683 legun-

1825 1700 1926 1754 tur
1957 1698 2020 1754 in
2053 1698 2202 1755 actis
2238 1697 2624 1755 conciliorum
2675 1697 3019 1755 basileensis
3051 1707 3114 1754 et

1825 1785 2146 1844 florentini.

1916 1902 2059 1954 409.
2097 1893 2268 1952 Alter
2317 1892 2631 1969 theologus
2684 1892 3111 1950 solertissimus

1823 1984 1916 2038 est
1946 1984 2284 2041 Joannes
2318 1982 2389 2040 de
2422 1982 2914 2057 Montenigro
2947 1981 3040 2039 vel
3076 2001 3112 2039 a

1826 2070 2047 2128 familia
2079 2071 2174 2128 vel
2204 2090 2237 2128 a
2267 2071 2462 2146 patria
2492 2071 2554 2128 in
2586 2070 2826 2128 Etruria
2853 2070 2928 2128 ad
2948 2089 3109 2130 oram

1827 2159 2009 2217 maris
2060 2159 2347 2235 Tyrrheni
2397 2179 2514 2218 non
2566 2160 2741 2235 longe
2789 2181 2823 2217 a
2866 2159 3019 2218 Pisis
3051 2171 3112 2216 et

1824 2247 2086 2323 Ligurno
2118 2248 2205 2306 sic
2235 2248 2449 2307 dictus.
2485 2248 2726 2307 Ordinis
2742 2252 2871 2307 erat
2887 2248 3107 2314 Praed.,

1826 2337 2213 2413 philosophus
2262 2338 2518 2405 subtilis,
2567 2337 2898 2413 profundus
2943 2338 3111 2396 theo·

1825 2426 2012 2502 loguS‚
2047 2444 2288 2501 graecae
2319 2427 2559 2503 linguae
2591 2426 2821 2501 peritus
2867 2429 2932 2485 in
2963 2445 3110 2501 pau—

1822 2515 1924 2582 οἰε,
1948 2516 2010 2572 in
2030 2514 2538 2591 disputationibus
2566 2534 2698 2574 acer
2718 2516 2932 2591 suique
2952 2533 3109 2575 com-

1824 2622 1945 2678 pos.
1983 2605 2097 2662 Diu
2130 2605 2283 2662 rexit
2314 2605 2680 2680 provinciam
2706 2604 3107 2668 Lombardiae.

1822 2694 1979 2751 unde
2013 2695 2076 2752 in
2108 2694 2373 2752 conciliis
2417 2699 2563 2752 tunc
2609 2694 2841 2765 coactis,
2890 2693 3110 2769 quibus

482 2764 734 2824 Acribus
767 2764 955 2823 literis
986 2766 1282 2841 pontificis
1303 2766 1625 2825 adventum
1649 2768 1765 2824 sol·
1814 2784 1991 2857 jussu
2027 2784 2320 2858 pontificis
2354 2785 2539 2852 affuit,
2576 2784 2813 2858 saepius
2845 2784 2906 2841 F,
2926 2784 3109 2842 Jogn-

485 2853 767 2922 Ῑίθὶῒὸὗὸῐ,
830 2872 1033 2912 verum
1081 2855 1386 2931 EugeniUS
1449 2857 1767 2914 conventui
1822 2871 1916 2930 nis
1951 2872 2329 2946 provincialis
2362 2873 2495 2949 sine·
2520 2872 2724 2931 addito
2757 2873 2979 2931 mentio
3012 2891 3108 2931 oc-

481 2942 573 3000 illi
634 2960 749 3000 non
813 2941 997 3000 fidens
1061 2944 1373 3001 concilium
1439 2945 1762 3003 Ferrariam

480 3031 755 3106 primum,
822 3049 950 3088 mox
1003 3032 1368 3091 Florentiam
1432 3034 1762 3091 transtulit.

480 3119 761 3177 Julianus
809 3120 939 3194 ipse
989 3121 1157 3196 prius
1209 3123 1448 3195 quidem
1495 3141 1561 3181 ex
1595 3125 1765 3197 parte

480 3208 712 3267 concilii
746 3210 932 3277 stetit,
969 3211 1070 3267 sed
1104 3211 1466 3286 perspiciens
1498 3212 1763 3287 plurium

480 3299 886 3373 praelatorum
918 3300 1306 3373 aliorumque,
1344 3302 1446 3374 qui
1480 3301 1763 3359 Basileam

479 3393 893 3451 convenerant,
930 3389 1132 3447 dolosa
1165 3390 1428 3459 consilia,
1463 3390 1534 3448 ad
1569 3390 1763 3467 Euge-

479 3478 643 3535 nium
680 3495 742 3535 se
775 3478 1048 3536 contulit.
1112 3478 1222 3537 Hic
1272 3498 1405 3537 eum
1439 3479 1766 3538 destinavit

477 3566 550 3624 ad
613 3567 1020 3643 excipiendum
1066 3567 1355 3626 Joannem
1408 3570 1763 3627 Graecorum

479 3657 893 3731 imperatorem
939 3675 1075 3715 cum
1106 3677 1321 3735 magno
1367 3659 1654 3716 comitatu
1689 3659 1759 3716 ad

478 3747 793 3805 concilium
815 3746 1250 3805 advent-antem.
1285 3747 1354 3805 In
1375 3748 1483 3805 hoc
1515 3748 1762 3806 concilio

477 3835 692 3893 eximia
721 3836 756 3893 J
762 3836 948 3894 uliani
981 3836 1249 3894 doctrina
1279 3843 1340 3893 et
1370 3836 1569 3895 studio
1592 3837 1762 3895 effec-

477 3932 605 3981 tum
627 3931 735 3992 est,
755 3928 825 3981 ut
846 3925 1048 3982 Graeci
1070 3943 1204 3983 cum
1224 3925 1448 3983 Latinis
1466 3926 1529 3983 in
1546 3926 1764 4002 dogma

476 4014 546 4071 de
612 4015 982 4087 processione
1047 4032 1089 4074 s.
1147 4014 1405 4088 Spiritus
1468 4034 1534 4071 ex
1587 4016 1761 4073 Patre

477 4104 743 4177 Filioque
794 4103 1214 4177 conspirarent.
1280 4102 1406 4171 Qua
1452 4104 1522 4161 de
1569 4122 1630 4160 re
1680 4104 1762 4161 ita

476 4191 657 4249 refert
671 4191 844 4249 testis
862 4191 1251 4267 dignissimus
1273 4193 1427 4250 card.
1449 4194 1761 4251 Bessarion

478 4280 548 4339 ad
598 4281 866 4338 Alexium
920 4282 1222 4339 Lascarem
1276 4281 1448 4355 imp.:
1515 4282 1760 4350 ,Quoad

475 4370 796 4428 orationem
828 4388 934 4428 nos
968 4371 1198 4446 excepit
1251 4371 1310 4428 in
1359 4371 1633 4429 omnibus
1667 4372 1761 4429 vir

475 4459 733 4535 optimus
751 4463 811 4518 et
830 4460 1214 4528 admirabilis»,
1249 4466 1310 4518 et
1327 4460 1542 4519 latinae
1558 4461 1758 4536 gentis

475 4550 859 4608 simulacrum
922 4554 982 4607 et
1042 4553 1459 4609 ornamentum
1510 4556 1759 4609 naturae

472 4639 755 4698 Julianus
775 4644 825 4699 S.
844 4639 906 4697 R.
930 4639 991 4696 Ε.
1015 4640 1326 4697 cardinalis
1348 4639 1755 4715 dignissimu3‚

473 4730 577 4806 qui
610 4730 802 4789 multa
833 4734 892 4787 et
922 4729 1168 4804 pulchra
1200 4729 1399 4788 dicens
1434 4734 1495 4786 et
1525 4730 1596 4787 ad
1619 4748 1756 4804 pro-

473 4820 730 4896 positum
808 4822 1223 4895 argumentum
1303 4818 1446 4877 adeo
1525 4819 1755 4887 validm,

1822 2962 2025 3018 currit.
2091 2962 2354 3019 Primum
2402 2962 2677 3019 interfuit
2722 2962 2972 3020 concilio
3006 2963 3108 3019 ba-

1822 3049 2077 3117 sileensi,
2114 3051 2174 3108 in
2206 3070 2323 3126 quo
2346 3041 2619 3108 exhibuit
2638 3050 2908 3126 patribus
2940 3055 3013 3108 tr.
3037 3051 3109 3109 de

1821 3139 2200 3213 conceptione
2264 3140 2318 3197 b.
2373 3140 2653 3216 Virginis,
2703 3158 2881 3214 quam
2928 3142 3109 3216 negat

1822 3228 2003 3285 fuisse
2035 3229 2489 3287 immaculatam.
2554 3228 2874 3304 Praecipua
2915 3230 3110 3304 capita

1820 3316 2028 3375 referri
2063 3318 2239 3391 ajunt
2271 3318 2332 3375 in
2365 3337 2455 3393 op.
2490 3319 2727 3394 gemino
2761 3318 2981 3376 sodalis
3014 3318 3054 3376 J
3057 3336 3106 3376 o.

1819 3406 1890 3464 de
1953 3406 2560 3465 Turrecremata.
2625 3408 2883 3465 Fortiter
2934 3408 3106 3466 stetit

1819 3513 1926 3570 pro
1952 3495 2198 3569 juribus
2234 3496 2389 3555 sedis
2423 3497 2796 3571 apostolicae,
2834 3515 3009 3571 quam
3031 3497 3107 3555 ob

1821 3604 1942 3642 rem
1972 3585 2100 3660 ipse
2131 3588 2193 3642 et
2224 3585 2665 3644 Turrecremata
2715 3586 3003 3644 dicuntur
3031 3586 3105 3644 ab

1819 3676 1869 3730 A
1888 3694 1942 3731 m
1964 3674 1997 3730 b
2015 3694 2045 3730 r
2060 3694 2093 3731 o
2112 3675 2175 3731 si
2197 3693 2229 3732 o
2280 3674 2615 3733 'Pi-aversari
2672 3713 2698 3742 ,
2714 3674 2832 3732 duo
2882 3675 3106 3733 invicta

1898 3848 1933 3916 ¹)
1960 3844 2127 3912 Apud
2148 3843 2297 3914 Eggs
2316 3846 2485 3913 l'urp.
2502 3844 2670 3898 docta
2687 3844 2778 3908 111,
2800 3850 2917 3908 102,
2936 3861 3106 3913 quem

1818 3917 1888 3971 cf.
1918 3915 2099 3968 fusius
2126 3920 2285 3984 gesta
2314 3917 2486 3983 hujus
2514 3915 2755 3985 insignis
2798 3915 3107 3969 cardinalis

1818 3991 2177 4041 enarrantem
2206 4005 2260 4055 p.
2288 3992 2517 4044 83-103:
2562 3987 2756 4041 Hefele
2786 3987 3103 4041 Concilien·

1818 4060 2002 4128 gesch.
2036 4059 2153 4119 vn,
2194 4064 2299 4114 426
2328 4078 2424 4115 ss.;
2478 4064 2791 4115 660—7372
2846 4058 2956 4112 KL.
2986 4060 3104 4121 111⁹,

1818 4136 1885 4186 2⁴3
1913 4149 1981 4185 sS.
2038 4129 2324 4197 Legantur
2351 4130 2522 4183 otiam
2552 4131 2873 4198 praeclarae
2896 4130 3104 4199 deipso

1818 4202 2091 4270 epistolae
2118 4203 2309 4256 Ambr.
2332 4201 2376 4254 T
2379 4201 2656 4254 reversari
2678 4202 2715 4265 Ι,
2740 4208 2803 4258 12
2825 4206 2883 4255 et
2903 4202 2995 4265 ΙΙΙ,
3018 4206 3103 4259 35:

1817 4273 2139 4326 Tiraboschi
2173 4273 2262 4327 Vl.
2292 4293 2345 4343 p.
2374 4279 2422 4329 1.
2453 4273 2487 4328 l.
2516 4278 2564 4328 2.
2595 4294 2638 4326 υ.
2668 4278 2715 4329 1.
2745 4283 2769 4339 §1
2800 4279 2882 4329 11.
2915 4272 3103 4326 Vitam

1814 4345 2003 4398 italice
2048 4345 2316 4414 scriptam
2344 4362 2377 4397 a.
2407 4344 2753 4413 Vespasiano
2802 4344 3103 4398 florentino

1816 4416 1998 4470 edidit
2048 4415 2273 4485 Ughelli
2319 4416 2379 4469 in
2426 4416 2706 4485 episcopis
2756 4415 3104 4485 grossetauis

1816 4488 1952 4541 <fuit
2003 4487 2156 4540 enim
2209 4490 2281 4542 ab
2336 4487 2591 4559 Eugenio
2644 4487 2738 4541 lV.
2805 4488 3105 4556 episcopus

1815 4564 2179 4629 grossetauus
2230 4561 2461 4617 electus)
2520 4558 2713 4611 ltaliae
2767 4575 2956 4612 sacrae
3011 4559 3104 4622 lll,

1814 4636 1913 4687 671
1945 4648 2014 4684 ss.
2068 4634 2101 4681 b*
2121 4648 2148 4683 e
2168 4632 2331 4683 nior
2359 4636 2443 4684 est
2469 4630 2671 4693 dictuS.
2703 4633 2769 4683 ut
2794 4630 3105 4700 distingue-

1815 4705 1971 4756 retur
1998 4719 2031 4753 a
2070 4702 2097 4752 .]
2122 4703 2387 4756 uliano
2430 4701 3102 4771 Caesarinojuniori‚

1814 4774 1912 4842 qui
1942 4774 2247 4826 cardinalis
2273 4774 2417 4827 obiit
2442 4792 2490 4827 a.
2524 4779 2675 4829 1510.

1891 4856 1929 4909 ⁴³)
1959 4847 2040 4899 Cf.
2084 4845 2337 4913 Aegidus
2382 4845 2638 4899 Charlier
2678 4848 2738 4898 du>
2784 4856 2948 4899 morte
2991 4847 3102 4900 Jul.

470 4909 802 4968 manifestis
836 4913 892 4967 et
928 4909 1102 4967 claris
1145 4907 1755 4967 demonstrationibus
1816 4920 2075 4984 Cema-ini,
2104 4916 2162 4967 in
2194 4917 2409 4970 Baluzii
2444 4917 2674 4970 Miscell.
2710 4917 2799 4971 111.
