3475 5364
661 314 728 368 51
755 317 773 367 1
1242 302 1613 354 1301—1325.
1641 297 1746 351 Jus
1772 297 2131 356 canonicum.
2158 297 2348 352 Guido
2374 296 2445 350 de
2469 295 2691 365 Baysim
3165 314 3269 366 512

656 485 735 542 tis
768 485 833 542 V.
896 484 980 541 Ea
1041 485 1418 561 promulgata
1478 484 1591 543 fuit
1634 504 1669 542 a
1706 484 1938 543 Joanne
1993 483 2209 543 Romae
2250 493 2444 549 1477;
2508 483 2775 543 Venetiis
2817 492 3029 549 1480:
3094 491 3273 545 1513:

656 574 815 631 XXII
863 572 951 631 ed.
989 581 1087 635 25.
1122 573 1247 631 Oct.
1290 583 1473 637 1317.
1520 574 1686 631 Inter
1715 592 1814 632 eas
1845 591 1937 631 re·
2008 582 2155 635 1601
2200 578 2308 631 etc.
2344 575 2697 648 Apparatus
2737 572 2862 629 sive
2892 570 3138 647 glossae
3169 572 3275 628 sive

656 663 974 738 periuntur
1016 662 1366 722 constitutio
1414 663 1706 731 salutarie,
1760 666 1831 720 ut
1875 663 1935 719 in
1993 663 2457 721 Commentarius
2517 663 2597 719 ad
2646 662 2914 733 Sextum,
2972 658 3277 718 Mediolani

658 752 914 827 singulis
944 751 1441 810 universitatibus
1486 752 1809 827 maioribus
1840 769 1935 809 ca·
2005 760 2184 819 1480,
2249 750 2512 809 Venetiis
2586 759 2767 814 1577,
2846 754 3174 808 accuratus
3226 752 3278 806 et

655 842 898 899 thedrae
917 840 1318 899 instituantur
1338 842 1679 916 linguarum
1702 841 1936 899 hebrai·
1992 841 2222 914 plenu8‚
2249 840 2359 897 'sed
2389 840 2569 898 nimis
2601 839 2883 907 diffusus;
2941 842 3024 895 tr.
3059 838 3132 895 de
3158 838 3280 895 hae-

655 948 775 999 cae,
810 930 1073 988 arabicae
1105 936 1166 988 et
1196 930 1557 999 chaldaicam
1599 933 1661 989 et
1692 930 1936 988 damna·
1993 930 2216 987 resibus
2275 932 2327 986 et
2378 926 2517 988 aliis
2576 929 2927 987 criminibus
2993 928 3062 985 in
3124 945 3281 984 causa

654 1020 745 1077 tio
806 1038 1072 1077 errorum
1137 1023 1327 1077 sectae
1380 1019 1825 1094 Beguardorum
1877 1021 1937 1076 et
1993 1014 2512 1097 (templariorum),
2545 1018 2607 1076 in
2642 1020 2813 1092 cujus
2844 1037 2901 1093 p.
2938 1016 3140 1074 altera
3161 1019 3279 1073 tue·

654 1108 1075 1184 Beguinarum,
1139 1126 1365 1167 necnon
1442 1114 1501 1166 et
1562 1108 1936 1167 definitiones
1989 1111 2094 1164 tur
2107 1107 2474 1165 Bonifatium
2493 1107 2645 1166 VIII.
2673 1108 2748 1165 ab
2771 1105 3281 1165 accusationibus:

656 1199 861 1256 contra
906 1216 1131 1256 errores
1180 1198 1271 1256 Jo.
1327 1198 1486 1255 Petri
1538 1198 1708 1257 Olivi.
1757 1202 1818 1256 et
1860 1197 1935 1255 de
1992 1215 2170 1271 quam
2192 1196 2477 1256 Bonifatii
2502 1195 2655 1254 VIII.
2690 1195 3037 1272 apologiam
3071 1194 3286 1268 recepit

651 1286 957 1346 effectibus
1031 1287 1326 1363 baptismi.
1433 1287 1936 1345 Clementinarum
1991 1285 2047 1342 Μ
2066 1286 2233 1343 ansi
2264 1286 2327 1343 in
2359 1285 2486 1344 coll.
2521 1303 2679 1344 conc.
2702 1284 2874 1345 XXV.
2903 1292 3281 1351 415—-4263

655 1376 920 1435 collectio
962 1376 1121 1434 edita
1165 1375 1283 1434 suit
1332 1377 1692 1451 saepissime,
1726 1378 1801 1434 ut
1830 1394 1935 1451 per
1990 1374 2233 1432 alteram
2286 1374 2357 1433 cf.
2391 1376 2456 1432 in
2486 1375 2676 1433 Mansi
2724 1374 2919 1449 suppl.
2960 1372 3103 1431 coll.
3137 1390 3281 1431 conc.

652 1484 713 1523 se
743 1466 953 1539 liquet,
988 1465 1051 1522 in
1084 1464 1330 1540 Corpore
1367 1465 1523 1541 juris
1557 1465 1840 1531 canonici,
1875 1468 1936 1522 et
1992 1461 2086 1531 VI,
2111 1471 2478 1527 357—386.
2514 1498 2593 1506 —
2630 1463 2846 1521 Eodem
2880 1482 2934 1520 a.
2974 1458 3114 1541 (22.
3140 1465 3284 1536 Aug.

654 1555 914 1613 seorsim.
949 1554 1931 1617 Textuseditionisromanae1582
1996 1552 2189 1630 1313)
2232 1552 2482 1611 decessit
2530 1552 2570 1610 J
2585 1569 2873 1611 oannes
2927 1551 3282 1628 cognomine

654 1646 745 1702 est
778 1643 1171 1702 authenticus.
1220 1644 1521 1720 Reyestum
1554 1644 1680 1718 ejus
1714 1644 1931 1701 consti-
1989 1642 2405 1700 Monachus
2469 1641 2574 1721 (Le
2638 1642 2870 1717 Moyne.
2959 1641 3019 1699 le
3072 1635 3277 1715 Moine)

649 1734 950 1792 tutionum
985 1735 1093 1790 etc.
1115 1732 1339 1789 editum
1360 1733 1477 1790 fuit
1496 1751 1639 1791 cura
1659 1737 1719 1791 et
1735 1733 1932 1790 studio
1990 1730 2135 1788 alias
2171 1732 2308 1788 Des
2340 1731 2719 1789 Cranches
2765 1749 2797 1788 e
2827 1730 3112 1789 creciaco
3142 1746 3280 1804 pago

650 1821 1069 1881 monachorum
1104 1821 1258 1882 OSB.
1295 1822 1509 1880 Romae
1538 1832 1930 1885 1885·1890.
1987 1815 2216 1900 (crecy)
2270 1820 2429 1878 haud
2479 1821 2688 1897 procul
2740 1820 2814 1878 ab
2848 1819 3117 1877 Abbatis
3149 1817 3276 1874 villa

650 1911 841 1979 Bulla,
878 1929 996 1985 qua
1025 1910 1468 1986 templariorum
1504 1911 1772 1969 ordinem
1793 1930 1932 1986 sup·
1986 1908 2270 1967 dioecesis
2314 1909 2713 1968 ambianensis
2758 1908 3081 1967 oriundus.
3145 1906 3276 1964 Cum

650 2001 888 2076 pressit,
924 1999 1026 2058 diu
1058 1999 1323 2058 eruditos
1356 2000 1551 2065 latuit,
1586 2000 1772 2059 donec
1804 2020 1929 2057 eam
1979 1999 2084 2073 jus
2114 1998 2460 2073 pontificum
2506 1999 2727 2074 optime
2773 2005 3006 2063 nosset,
3043 1998 3274 2054 Romam

650 2090 789 2147 Pius
821 2089 996 2147 Gams
1030 2089 1252 2164 reperit
1285 2090 1347 2146 in
1380 2107 1555 2164 opere
1577 2108 1706 2148 raro
1727 2089 1930 2153 Joach.
1988 2086 2287 2161 profectus
2320 2087 2499 2145 variis
2529 2087 2750 2146 ibidem
2772 2086 3136 2145 muneribus
3153 2102 3275 2142 cum

649 2178 820 2237 Laur.
871 2178 1220 2236 villanueva
1252 2178 1435 2254 Viage
1470 2178 1727 2238 literario
1771 2199 1806 2237 a
1847 2180 1932 2236 las
1987 2176 2207 2249 plausu
2256 2177 2498 2235 functus
2559 2179 2654 2234 est
2715 2176 2829 2234 sub
2891 2173 3277 2251 pontificibus

648 2267 882 2344 iglesias
927 2266 999 2325 de
1032 2265 1289 2341 Espafia,
1339 2268 1561 2325 Matriti
1606 2278 1768 2331 1806
1803 2273 1847 2326 t.
1881 2268 1931 2325 V
1987 2265 2228 2324 Nicolao
2251 2265 2348 2325 IV.
2382 2270 2444 2323 et
2474 2266 2806 2325 Coeleatino
2827 2265 2913 2331 V„
2948 2265 3196 2323 demum
3219 2264 3272 2318 in

645 2356 892 2432 append.
925 2376 981 2431 p.
1018 2364 1296 2419 207-221
1327 2378 1340 2424 3
1371 2356 1509 2414 inde
1539 2357 1703 2415 illam
1725 2358 1932 2415 Hesele
1985 2353 2300 2429 collegium
2332 2355 2724 2414 cardinalium
2745 2355 2975 2413 relatus
3005 2364 3103 2416 18.
3126 2352 3270 2427 Sept

649 2445 915 2504 ediditin
935 2446 1112 2503 theol·
1136 2446 1388 2515 Qtlschr.
1422 2456 1583 2509 1866
1603 2466 1734 2523 pag.
1757 2456 1833 2510 63
1855 2465 1928 2505 ss,
1995 2452 2178 2504 1294.
2243 2445 2291 2500 A
2325 2445 2625 2503 Bonifatio
2671 2445 2891 2502 missus
2938 2445 3182 2520 legatus
3215 2442 3271 2497 in
3377 2470 3378 2507 1

1987 2531 2238 2590 Galliam
2269 2534 2528 2591 multum
2562 2534 2685 2611 egit
2710 2551 2817 2609 pro
2850 2528 3270 2608 componendis

740 2631 885 2686 264.
949 2623 1192 2681 Guido
1255 2624 1325 2681 de
1389 2625 1486 2681 Ba
1498 2644 1535 2700 y
1556 2624 1665 2684 sio
1726 2624 1928 2704 (Baisi‚
1985 2622 2400 2680 controversiis
2450 2623 2610 2681 inter
2656 2621 3004 2699 pontificem
3052 2631 3115 2679 et
3143 2618 3269 2676 Phi·

574 2786 581 2792 .
649 2732 801 2789 quae
848 2718 939 2770 est
984 2732 1084 2770 arx
1128 2714 1193 2770 in
1238 2713 1460 2771 ditione
1508 2715 1778 2790 regiensi,
1826 2734 1932 2790 per
1984 2711 2214 2786 lippum
2264 2712 2587 2771 Pulchrum
2637 2731 2853 2788 regem,
2901 2731 3032 2787 quo
3081 2715 3269 2768 tamen

649 2821 907 2861 errorem
939 2802 1011 2859 de
1043 2800 1268 2879 Buyfo),
1309 2803 1464 2876 juris
1511 2804 1778 2862 canonici
1811 2805 1929 2862 cla·
1986 2800 2048 2857 in
2068 2801 2305 2875 negotio
2327 2803 2549 2860 frustm
2570 2801 2687 2860 fere
2708 2801 3004 2860 laboravit
3022 2800 3103 2858 ob
3123 2797 3267 2874 regis

648 2892 923 2950 rissimus
999 2891 1201 2949 doctor
1216 2887 1283 2972 1),
1349 2891 1594 2950 Gerardi
1670 2893 1929 2968 episcopi
1984 2891 2202 2947 malam
2235 2891 2640 2950 voluntatem:
2692 2890 2827 2948 dein
2860 2891 2980 2948 suit
3013 2890 3267 2948 vicecan-

648 2980 972 3057 parmensis
1022 2981 1363 3050 sacellanuS,
1413 2981 1547 3039 dein
1592 3001 1640 3040 a.
1696 2992 1858 3044 1296
1898 3002 1932 3040 a
1986 2979 2260 3036 cellarius
2293 2981 2587 3039 Ecclesiae
2634 2999 2912 3038 romanae
2941 2983 3009 3037 et
3040 2979 3267 3054 legatus

647 3069 949 3128 Bonifacio
965 3069 1120 3126 VIIl.
1137 3069 1581 3128 archidiaconus
1602 3070 1929 3129 bononien·
1983 3068 2393 3128 avenionensis
2415 3065 2477 3150 (†
2502 3068 2711 3148 1313).
2746 3069 3014 3127 Protulit
3046 3066 3264 3141 insigne

649 3158 730 3216 sis
764 3159 1148 3226 constitutus,
1200 3158 1403 3216 docuit
1434 3160 1600 3234 prius
1633 3161 1927 3234 privatim,
1982 3156 2228 3233 peritiae
2260 3175 2406 3217 suae
2438 3163 2890 3217 monumentum
2909 3159 3265 3216 commenta-

648 3247 782 3306 dein
834 3248 1277 3322 postulantibus
1326 3247 1635 3324 discipulis
1681 3253 1742 3307 et
1805 3269 1928 3306 ma·
1984 3245 2140 3304 rium
2174 3265 2278 3305 seu
2307 3252 2656 3323 apparatum
2686 3247 3047 3321 inscriptum
3071 3245 3264 3302 Glossa

647 3337 945 3413 gistratim
979 3337 1214 3410 publice
1239 3338 1341 3411 jus
1373 3339 1735 3397 canonicum.
1785 3337 1930 3396 Inde
1985 3354 2167 3393 aurea
2183 3353 2363 3411 super
2382 3337 2475 3395 VI.
2509 3337 2904 3396 Decretalium
2936 3336 2995 3404 1.,
3034 3330 3264 3393 Parisiis

647 3426 885 3484 transiit
912 3427 1293 3494 Avenionem,
1326 3427 1428 3484 ubi
1458 3427 1817 3486 Benedictus
1834 3427 1927 3485 XI.
1992 3433 2156 3486 1535
2177 3424 2591 3495 ed.rarissima;
2604 3427 2921 3502 pleraeque
2931 3426 3258 3503 glossaere·

647 3535 780 3574 eum
813 3516 1039 3591 recepit
1068 3516 1227 3576 inter
1259 3517 1576 3574 sacellanos
1595 3521 1656 3574 et
1676 3518 1929 3592 scripto·
1985 3517 2188 3587 ceptae
2204 3514 2439 3572 fuerein
2455 3512 3257 3590 corpusjuriscanonicicon·

646 3624 770 3662 rem
815 3604 1122 3663 literarum
1163 3606 1754 3664 contradictoriarum
1806 3625 1930 3664 esse
1983 3601 2180 3659 tinens
2213 3604 2253 3665 l.
2286 3603 2381 3674 VI,
2414 3603 2694 3681 Lugduni
2724 3613 2907 3667 1571.
2942 3604 3095 3679 Ejus
3115 3600 3255 3677 gloe-

645 3694 836 3752 voluit
878 3691 941 3774 (†
983 3705 1074 3756 10.
1109 3683 1259 3771 hug.
1303 3691 1514 3775 1313).
1578 3696 1929 3771 compilavit
1983 3710 2080 3749 sae
2113 3697 2257 3751 sunt
2286 3693 2568 3760 concisae,
2585 3693 2895 3767 practicae,
2917 3694 3128 3752 clarae.
3159 3688 3254 3746 Re-

647 3788 992 3858 apparatum
1039 3783 1104 3840 in
1150 3784 1469 3852 decretum,
1519 3803 1692 3859 quem
1744 3785 1928 3842 Rosa·
1983 3781 2165 3854 liquit
2195 3788 2256 3839 et
2287 3787 2638 3857 apparatum
2671 3801 2776 3841 seu
2806 3783 3033 3858 ylossas
3063 3781 3142 3840 ad
3166 3794 3250 3835 a·

643 3875 802 3929 rium
835 3872 1379 3948 inscripsit‚inquo
1401 3877 1671 3948 excerpta
1691 3874 1931 3931 exhibet,
1983 3876 2354 3947 travayantes
2415 3876 2508 3929 sat
2569 3871 2854 3948 copiosas,
2916 3871 2981 3928 in
3028 3870 3251 3929 illorum

650 3979 717 4018 ex
751 3961 897 4024 aliis,
933 3962 1280 4036 praesertim
1331 3980 1398 4018 ex
1433 3961 1835 4038 Huguccione,
1871 3969 1929 4019 et
1984 3958 2259 4029 editione,
2308 3980 2484 4035 quam
2533 3960 2793 4019 Joannes
2826 3960 3123 4037 Chappuis
3152 3956 3246 4013 Pa·

644 4050 897 4125 glossam
962 4051 1237 4124 complet,
1302 4050 1438 4108 hinc
1499 4052 1701 4126 plures
1764 4051 1927 4109 addi·
1983 4048 2136 4106 risiis
2179 4059 2340 4113 1500
2377 4049 2625 4118 curavit,
2660 4056 2722 4108 et
2750 4050 3248 4124 insequentesre·

643 4140 837 4197 tione-s
884 4139 956 4196 ad
989 4139 1238 4212 glossam
1293 4140 1645 4198 ordinariam
1678 4141 1928 4199 transie-
1984 4149 2213 4212 ceptas;
2261 4140 2737 4198 commentarium
2782 4139 2861 4197 ad
2911 4158 3025 4215 req.
3061 4138 3156 4197 81.
3185 4130 3247 4188 de

643 4239 789 4286 runt
834 4228 895 4285 in
940 4228 1258 4287 editionem
1306 4229 1524 4287 decreti
1573 4249 1700 4288 cum
1734 4231 1930 4306 glossa
1983 4245 2102 4302 reg.
2128 4228 2249 4302 jur.
2281 4228 2344 4286 in
2378 4228 2474 4290 vl.
2507 4228 2612 4303 qui
2646 4231 2845 4286 tamen
2877 4247 3002 4287 non
3031 4225 3245 4286 videtu!

646 4318 884 4376 Parisiis
928 4327 1109 4379 l5n5.
1146 4317 1390 4392 Saepius
1421 4319 1661 4394 prodiit,
1698 4319 1925 4394 aliquo·
1983 4335 2106 4373 esse
2127 4316 2243 4373 nisi
2264 4321 2635 4393 segmentum
2653 4336 2723 4375 ex
2739 4308 3241 4393 apparatuinl.VI.

644 4407 759 4465 ties
793 4427 835 4465 s.
870 4407 904 4464 l.
939 4409 1000 4464 et
1030 4426 1077 4464 a.
1112 4409 1491 4483 Argentorati
1544 4427 1588 4467 c.
1650 4419 1815 4471 1475
1869 4413 1929 4466 et
1983 4406 2435 4479 Amplissimum
2485 4406 2791 4483 collegium
2825 4428 2859 4465 a
2890 4426 2999 4465 suo
3031 4401 3240 4464 nomine

1984 4494 2037 4551 le
2071 4495 2282 4571 Moyne
2313 4499 2729 4571 nuncupatum
2745 4495 2792 4573 ¹)
2841 4496 3083 4554 Parisiis
3123 4506 3238 4550 con·

726 4654 759 4716 Ι)
790 4649 925 4716 Ejus
955 4649 1130 4702 frater
1149 4649 1364 4717 pariter
1380 4651 1673 4703 canonista
1689 4650 1930 4718 reliquit

644 4722 1003 4790 quaestiones
1022 4721 1293 4789 quasdam
1313 4720 1570 4773 ineditas.
1589 4721 1669 4775 Cf.
1689 4723 1758 4774 de
1779 4724 1925 4776 utro·
2062 4725 2097 4782 ¹)
2128 4719 2209 4774 Cf.
2238 4721 2306 4773 de
2346 4720 2453 4775 hoc
2493 4719 2732 4789 collegio
2762 4718 2929 4774 Feret
2953 4721 3046 4782 111,
3075 4716 3235 4774 1823:

644 4810 754 4860 que
807 4793 1076 4846 Fantuzzi
1132 4796 1169 4856 1,
1221 4797 1497 4850 316—:2‘22
1575 4793 1806 4847 Schulte
1857 4794 1926 4861 11,
1982 4792 2050 4844 de
2073 4793 2198 4860 ipso
2229 4792 2504 4845 cardinah
2529 4792 2707 4844 Finke
2733 4808 2825 4862 op.
2871 4791 2967 4847 cit.
2997 4811 3050 4862 p.
3075 4790 3230 4862 offla-3

643 4870 919 4925 186—90;
948 4864 1271 4919 Tiraboschi
1304 4865 1367 4916 V.
1397 4865 1432 4916 l.
1460 4869 1491 4918 :2
1519 4882 1562 4915 c.
1591 4870 1623 4920 ἴ)
1650 4883 1705 4921 n.
1732 4869 1782 4920 2.
1981 4880 2110 4931 pag.
2138 4868 2420 4920 126—145
2446 4867 2502 4916 et
2520 4868 2779 4928 177—86‚
2797 4863 3233 4925 ubieumaturpl
