3475 5364
524 320 685 374 1535
758 308 892 360 1541
906 309 1128 361 -1563.
1157 303 1426 357 Historia.
1454 303 1742 368 Boethius,
1771 302 2112 366 Placentina,
2139 306 2224 357 Jo.
2248 302 2318 355 de
2342 300 2664 365 Brusthem‚
2685 299 2899 368 Meyer,
2976 320 2995 369 1
3015 318 3147 372 536

518 491 851 565 catalogum
872 534 885 557 ,
933 489 1035 563 qui
1082 492 1281 548 tamen
1312 509 1619 564 nunquam
1665 508 1800 564 pro·
1857 488 1978 546 fani
2014 486 2121 567 (St.
2157 485 2379 567 Trond)
2415 494 2594 545 natus
2628 483 2690 567 (†
2721 507 2766 544 c.
2797 484 2989 567 1548)
3023 488 3146 547 col·

518 578 644 635 diit.
702 578 1080 655 Dialogoruni
1131 580 1199 636 de
1239 581 1529 651 patientia
1579 586 1628 636 et
1680 580 1803 652 ejus
1858 578 2005 654 legit
2040 577 2376 653 Catoloyum
2407 578 2730 634 antistitum
2759 585 3146 653 tuuqarorum

514 670 713 739 fructu
744 668 797 724 ll.
833 670 872 726 3
887 689 912 742 ;
942 668 1010 725 de
1028 670 1144 725 vita
1166 670 1447 744 perfecta,
1482 670 1551 725 de
1570 670 1803 726 veritate
1860 664 2011 747 (scil.
2058 661 2539 745 tungrensium),
2586 666 3034 740 trajectensium
3079 686 3147 725 ac

518 764 567 813 et
598 757 926 829 mendacio,·
957 758 1025 814 de
1047 758 1339 833 prodiqiis
1368 755 1428 819 lc.
1450 759 1490 815 3
1510 752 1802 840 (Basileae
1859 755 2280 814 leodiensium:
2315 758 2377 812 et
2395 774 2592 812 rerum
2625 756 2783 813 domi
2801 752 3032 832 bellique
3046 776 3145 834 ye-

527 844 740 925 1531),
763 846 940 903 simul
952 847 1164 920 juncta
1178 847 1446 905 Basileae
1479 857 1638 908 1545
1660 847 1722 903 in
1744 854 1800 912 83

518 936 571 992 d.
607 935 992 1009 chrysostomi
1023 938 1380 1008 comparatio
1412 935 1560 1011 regii
1592 939 1802 1010 poten·-

516 1028 697 1094 tatuS,
763 1024 1107 1082 divitiarum
1157 1043 1219 1082 ac
1271 1025 1668 1099 praestantiae
1728 1023 1798 1081 ad

518 1113 867 1171 monachum
916 1113 976 1170 in
1022 1114 1330 1171 verissima
1362 1114 1578 1172 Christi
1609 1113 1801 1188 philo-

519 1202 726 1276 sophia
771 1202 1222 1276 aquiescentem‚
1275 1203 1540 1262 Basileae
1599 1212 1717 1265 153
1731 1215 1762 1263 3
1787 1223 1800 1271 ;

1855 852 2080 903 starum
2112 845 2534 918 compendium,
2572 846 2936 918 Antverpiae
2978 856 3141 910 1529

1856 934 1918 991 in
1937 942 2018 1003 8.;
2054 932 2479 991 Amstelodami
2510 944 2691 1004 1633,
2715 935 2786 992 de
2807 953 2924 1008 quo
2940 941 3146 995 tamen

1860 1022 2102 1081 Vossius
2148 1022 2219 1080 de
2266 1022 2464 1095 script.
2510 1022 2646 1080 hist.
2694 1022 2797 1081 lat.
2832 1024 2868 1080 l.
2906 1033 2940 1085 3
2975 1043 3020 1081 c.
3065 1035 3142 1088 10

1857 1112 2095 1170 scribit:
2132 1150 2159 1179 ,
2176 1111 2362 1169 Multa
2382 1112 2447 1168 in
2467 1111 2575 1170 hoc
2594 1119 2832 1171 auctore
2853 1112 3145 1179 sabulosa.

1857 1200 1957 1259 sed
2005 1202 2070 1258 in
2118 1200 2328 1276 primis
2374 1201 2602 1275 culpari
2652 1207 2931 1271 meretur,
2984 1205 3146 1278 quod

518 1294 586 1349 de
633 1292 1020 1350 inventoribus
1067 1312 1264 1349 rerum
1312 1293 1367 1349 ll.
1417 1293 1483 1367 3,
1540 1291 1803 1349 Venetiis
1856 1291 2082 1348 nullam
2104 1295 2440 1364 temporum
2461 1290 2749 1348 rationem
2774 1291 3002 1361 habeat,
3036 1294 3146 1351 sed

526 1390 724 1449 14993
802 1379 1018 1454 adjecit
1091 1382 1465 1455 postmodum
1544 1381 1801 1438 Basileae
1858 1398 1926 1436 ea
1956 1380 2174 1454 passim
2197 1378 2560 1437 confundat‘
2596 1379 3149 1441 ete—somnes

526 1478 684 1533 1521
746 1470 894 1528 alios
950 1480 981 1530 5
1038 1470 1118 1540 ll.,
1171 1470 1234 1527 in
1282 1470 1504 1545 quibus
1555 1472 1681 1546 agit
1730 1469 1803 1527 de
1859 1469 1928 1526 de
1962 1469 2374 1525 Brusthem
2420 1466 2483 1528 Ο.
2517 1468 2657 1526 Μ111.
2694 1469 2867 1527 Conv.
2919 1468 2978 1550 (†
3009 1477 3151 1546 post

517 1558 807 1635 principio
841 1558 1147 1634 religionis
1181 1559 1564 1627 christianae,
1616 1559 1801 1617 chris·
1858 1576 1906 1614 a.
1995 1567 2190 1623 1544;
2279 1557 2603 1615 secundum
2685 1559 2868 1615 Dirk
2889 1578 2917 1616 s
2993 1560 3151 1619 forte

517 1648 711 1706 tianae
745 1648 1057 1716 Ecclesiae,
1106 1649 1463 1707 monasticae
1508 1649 1661 1706 vitae
1692 1652 1802 1706 etc.
1864 1655 1963 1708 28.
1998 1645 2122 1703 Oct.
2154 1642 2344 1723 1549)
2384 1646 2621 1722 collegit
2655 1666 2749 1705 res
2775 1655 2965 1723 qesta-s
2995 1653 3150 1725 epis-

518 1736 588 1794 In
622 1737 712 1794 his
744 1737 960 1795 acriter
1005 1738 1195 1812 carpit
1224 1737 1419 1795 multa
1449 1738 1511 1794 in
1545 1730 1804 1795 Ecclesia
1860 1753 2132 1809 coporum
2193 1736 2564 1793 leodiensium
2625 1742 2685 1794 et
2736 1737 2953 1796 ducum
3003 1740 3152 1797 Bra·

518 1829 580 1884 et
642 1826 795 1883 circa
842 1826 1077 1884 ordines
1126 1826 1437 1902 religiosos
1498 1830 1804 1901 tamquam
1861 1824 2096 1881 bantiae
2129 1843 2163 1881 a
2194 1823 2562 1899 temporibus
2608 1844 2653 1883 s.
2691 1827 2940 1885 Materni
2987 1828 3061 1886 ad
3095 1850 3150 1885 a.

518 1915 759 1983 abusae,
794 1918 865 1972 ut
895 1915 1134 1989 quidam
1169 1915 1452 1989 suspicati
1500 1916 1621 1974 sint
1653 1932 1804 1990 opus
1871 1923 2030 1974 1505
2071 1910 2297 1993 (potius
2332 1912 2404 1970 ad
2437 1934 2485 1971 a.
2531 1910 2742 1995 1554),
2790 1934 2856 1973 ex
2902 1936 3019 1991 quo
3051 1935 3150 1992 op.

519 2005 592 2062 ab
625 2004 933 2062 haereticis
974 2004 1157 2062 fuisse
1203 2006 1616 2078 depravatum:
1669 2005 1806 2062 hinc
1860 2002 2071 2077 grandi
2122 2002 2334 2071 solum,
2388 2021 2538 2077 quae
2586 2008 2861 2078 spectant
2905 2005 2976 2062 ad
3025 2006 3153 2063 Er-

520 2093 884 2168 prohibitum
914 2089 958 2171 1)
997 2093 1154 2161 ,nisi
1184 2093 1368 2151 fuerit
1399 2113 1467 2151 ex
1500 2094 1804 2167 impressis
1861 2091 2184 2149 bardum
2234 2091 2307 2148 de
2352 2092 2411 2149 la
2442 2092 2635 2162 Mark,
2683 2095 3034 2168 prodierunt
3081 2097 3152 2154 in

519 2182 592 2241 ab
644 2203 692 2240 a.
755 2191 919 2243 1576
960 2183 1138 2257 juxta
1183 2183 1270 2240 ecl.
1323 2184 1535 2240 Romae
1588 2183 1806 2241 factam
1861 2180 2125 2238 Bulletin
2187 2180 2259 2238 de
2321 2179 2356 2236 l'
2377 2181 2631 2239 Institut
2699 2183 3152 2260 archeologique

511 2273 687 2347 jussu
722 2271 988 2347 Gregorii
1022 2271 1234 2329 ΧΙῙΙε4Ιῖ
1285 2290 1434 2347 quae
1480 2272 1653 2330 modo
1685 2290 1806 2329 non
1861 2269 2103 2345 liegeois
2135 2273 2178 2327 t.
2200 2269 2365 2335 VIII;
2400 2289 2466 2327 ex
2503 2271 2704 2328 eodem
2737 2272 2961 2347 pariter
2992 2273 3149 2332 deri-

520 2360 776 2436 amplius
833 2362 1137 2436 leguntur.
1198 2394 1285 2405 —
1348 2361 1568 2419 Hector
1628 2362 1803 2419 Boe·
1863 2368 2036 2416 vatus
2069 2358 2304 2416 videtur
2337 2358 2643 2436 Cutuloqus
2689 2369 2740 2418 et
2770 2369 2896 2419 acta
2930 2365 3150 2435 episco-

521 2450 738 2508 thius
802 2449 1044 2525 (Boetia)
1109 2450 1510 2519 Deidodanu8‚
1576 2450 1802 2519 Scotus‚
1855 2466 2068 2522 porum
2088 2448 2478 2523 leodiensium,
2503 2449 2838 2525 principum
2857 2456 3149 2527 tungren-

521 2538 765 2596 Parisiis
811 2538 1034 2596 amicus
1084 2540 1272 2597 coluit
1320 2540 1646 2609 Erasmum,
1712 2545 1800 2596 at·
1863 2539 2036 2606 sium,
2091 2537 2306 2594 ducum
2356 2557 2593 2612 quoque
2633 2539 3144 2602 brabantinorum.

520 2646 635 2703 que
655 2628 790 2685 iude
820 2638 981 2690 1497
1007 2628 1078 2686 ad
1097 2628 1420 2687 ornandam
1451 2628 1806 2686 academiam
1861 2646 2038 2703 quem
2087 2626 2251 2702 typis
2300 2626 2465 2684 dedit
2516 2627 2884 2706 Reiffenberg
2933 2630 2997 2689 in
3043 2650 3139 2706 ap-

520 2718 1000 2776 aberdoniensem
1033 2717 1096 2775 in
1130 2718 1322 2776 Scotia
1361 2736 1566 2776 recens
1604 2719 1806 2776 condi·
1863 2715 2034 2791 pend.
2057 2717 2467 2774 chronicorum
2493 2717 2750 2793 Philippi
2772 2720 3139 2795 Mousquesl,

518 2810 643 2865 tam
674 2826 708 2864 a
740 2806 893 2864 Guil.
927 2807 1280 2881 Elphistono
1325 2807 1598 2882 episcopo
1638 2806 1806 2865 aber·
1867 2813 2231 2868 562—602.
2298 2805 2420 2863 Alii
2453 2825 2592 2865 vero
2625 2808 2946 2882 scriptores
2980 2809 3145 2868 labo·

520 2895 792 2953 douiensi
825 2896 1153 2970 permultos
1198 2915 1380 2954 annos
1425 2915 1642 2971 magua
1671 2915 1806 2954 cum
1862 2895 2028 2953 ribus
2060 2894 2425 2952 Brusthemii
2458 2896 2554 2952 usi
2588 2901 2732 2955 sunt
2760 2893 2825 2977 1).
2859 2931 2944 2940 —
2978 2899 3153 2957 Jaco-

521 2984 696 3042 laude
731 2984 1100 3057 eloquentiae
1146 2989 1205 3042 et
1250 2985 1478 3060 ingenii
1514 2985 1607 3042 illi
1638 3003 1805 3060 prae·
1862 2985 1973 3043 bus
2005 2985 2259 3058 Meyer
2289 2983 2541 3041 Flander
2574 3004 2628 3041 n.
2673 2986 2919 3048 17.Jan.
2960 2997 3152 3058 1491,

520 3073 639 3131 fuit
661 3068 721 3152 (†
744 3068 956 3152 1550).
991 3072 1235 3148 Scripsit
1257 3075 1562 3132 historiam
1595 3076 1806 3149 episco·
1867 3073 2101 3131 Parisiis
2136 3072 2542 3147 philosophiae
2574 3076 2990 3152 actheologiae
3011 3095 3155 3151 ope·

515 3180 734 3237 porum
766 3162 1261 3221 aberdonensium
1309 3166 1369 3220 et
1406 3163 1804 3221 murthlaceu·

523 3252 694 3322 sium,
742 3251 984 3309 Parisiis
1042 3260 1201 3313 1522
1253 3252 1318 3310 in
1353 3263 1424 3322 43
1476 3252 1808 3329 Ediuburgi

533 3348 695 3404 1825
730 3340 793 3398 111
828 3350 885 3402 4.
918 3342 1029 3399 sub
1074 3340 1462 3417 inscriptione
1510 3341 1667 3399 Vitae
1697 3347 1806 3400 etc.

522 3431 817 3489 Historiae
849 3431 1150 3489 Scotorum
1180 3450 1213 3487 a
1244 3431 1433 3505 prima
1463 3430 1658 3506 gentis
1688 3431 1806 3490 ori·

522 3520 659 3596 gine
692 3519 752 3577 ll.
798 3530 869 3581 19
902 3538 1040 3578 cum
1074 3520 1515 3579 continuatione
1547 3520 1637 3577 J0.
1668 3520 1805 3578 Fer-

520 3609 659 3667 rerii
690 3609 763 3666 ad
795 3630 843 3667 a.
887 3619 1080 3676 148&
1127 3609 1370 3667 Parisiis
1410 3619 1572 3672 1526
1594 3653 1607 3678 ,
1657 3628 1809 3683 quae

523 3699 611 3760 ed.
633 3698 1045 3773 complectitur
1064 3704 1299 3757 tantum
1332 3699 1394 3756 ll.
1418 3708 1489 3760 17
1513 3721 1527 3769 3
1563 3698 1807 3755 Parisiis

533 3796 1207 3858 157431575315773
1251 3787 1581 3864 Edinburgi
1618 3796 1806 3857 1592,

521 3877 605 3934 Ea
650 3896 766 3936 non
801 3877 1000 3953 magni
1043 3881 1137 3935 est
1180 3878 1359 3952 pretii
1404 3882 1464 3935 et
1511 3880 1603 3935 sat
1635 3876 1806 3934 fabu-

523 3966 652 4024 losa
673 3965 742 4044 2).

618 4155 759 4205 70].
822 4144 1080 4202 Joannes
1142 4130 1283 4202 Leo
1347 4145 1701 4202 Placenti
1722 4164 1808 4202 us

526 4231 846 4311 (Plaisant)
883 4233 945 4290 O.
980 4235 1070 4291 Pr.
1095 4234 1491 4292 Brabantinus
1515 4233 1804 4292 Trudoni-

606 4445 641 4504 1)
670 4440 753 4493 Cf.
781 4439 996 4494 Reusch
1026 4441 1064 4504 I,
1095 4445 1227 4498 154:
1257 4437 1552 4494 Fabricius
1573 4438 1807 4505 V1,308.

600 4519 639 4576 2)
669 4513 750 4568 Cf.
767 4511 1056 4566 Fabricius
1070 4513 1165 4577 111,
1185 4516 1286 4568 182
1307 4534 1317 4570 ;
1336 4512 1602 4567 Potthast
1617 4529 1669 4580 p.
1685 4516 1807 4570 162;

525 4584 863 4639 Bellesheim
911 4584 1106 4640 Gesch.
1153 4584 1255 4638 der
1296 4583 1455 4637 kath.
1494 4582 1700 4637 Kirche
1745 4585 1807 4636 in

526 4657 859 4710 Schottland
889 4655 926 4717 l,
952 4661 1086 4714 118:
1114 4660 1249 4712 3:22:
1289 4660 1413 4712 449.
1466 4654 1604 4723 Ejus
1632 4655 1808 4707 frater

523 4726 1530 4855 {3335{1{ffi.ffi1{⁰2⁰.d{25⁶;’5.32151¹3
1537 4726 1807 4867 ἓῖἒέζῖῗῗ

526 4873 717 4926 sessor.

1861 3183 1989 3222 ram
2021 3161 2200 3220 dedit.
2249 3162 2467 3238 Brugis
2500 3162 2709 3222 ludum
2747 3165 2980 3239 aperuit
3011 3166 3149 3222 lite-

1863 3252 2086 3310 rarium
2129 3269 2343 3324 magno
2391 3251 2731 3311 auditorum
2780 3254 3057 3312 confluxu
3089 3258 3153 3312 et

1863 3343 2081 3402 fructu.
2121 3340 2411 3414 Vergente
2437 3341 2559 3414 jam
2591 3342 2651 3399 in
2692 3343 2926 3401 senium
2956 3346 3151 3402 aetate

1863 3431 2187 3504 relictaque
2237 3429 2483 3487 docendi
2533 3431 2853 3504 provincia,
2907 3432 3148 3491 blanco·

1865 3521 2209 3595 bergensem
2274 3519 2576 3576 ecclesiam
2640 3524 2844 3594 pastor
2894 3521 3149 3579 admini-

1865 3608 2080 3667 stravit
2132 3604 2192 3687 (†
2243 3617 2294 3667 5.
2329 3608 2495 3668 Febr.
2549 3606 2762 3686 1552).
2841 3610 2998 3686 Erga
3045 3629 3150 3685 pa-

1863 3698 2038 3756 triam
2072 3698 2220 3755 bene
2250 3696 2495 3755 affectus
2530 3698 2766 3773 scripsit
2788 3704 3057 3757 accurate
3089 3703 3152 3758 et

1863 3787 2119 3845 fideliter
2164 3786 2592 3858 flandi-icarum
2637 3807 2836 3845 rerum
2885 3795 2919 3844 t.
2966 3781 3036 3845 X
3077 3789 3150 3847 de

1865 3876 2111 3952 origine,
2161 3875 2550 3949 antiquitate,
2600 3877 2909 3934 nobilitate
2949 3897 3014 3934 ac
3046 3896 3149 3953 ge·

1866 3966 2134 4043 nealogia
2194 3965 2474 4023 comitum
2537 3965 2864 4032 Flandriae,
2929 3966 3150 4043 Brugis

1872 4065 2031 4117 1531
2073 4055 2137 4112 in
2171 4063 2241 4123 43
2275 4055 2637 4128 Antverpiae
2668 4065 2821 4117 1531
2850 4077 2862 4122 ;
2903 4056 3150 4114 Chroni-

1863 4162 1966 4202 con
1997 4143 2057 4202 F
2053 4145 2338 4212 tandi-iae,
2364 4144 2414 4200 N
2421 4143 2787 4218 orimbergae
2812 4155 2832 4206 1
2855 4145 3058 4206 538111
3076 4155 3108 4204 4
3133 4165 3148 4210 ;

1865 4233 2023 4308 quod
2056 4233 2193 4291 dein
2227 4236 2469 4290 auctum
2502 4231 2575 4290 ad
2597 4237 2863 4308 tempora
2884 4232 3150 4291 Maximi-

1865 4322 2008 4380 liani
2043 4321 2302 4381 Caesaris
2349 4327 2409 4380 et
2446 4325 2642 4380 totum
2689 4340 2758 4379 ex
2792 4323 3022 4397 integro
3055 4340 3148 4378 re·

1864 4414 2184 4470 tractatum
2234 4412 2307 4467 ab
2354 4411 2605 4469 interitu
2650 4411 2975 4469 vindicavit
3017 4411 3148 4486 ejus

1864 4519 2044 4576 nepos
2079 4504 2331 4558 Anton
2364 4502 2614 4576 Meyer
2645 4500 2822 4558 editis
2844 4502 3147 4559 Commen-

1864 4591 2154 4648 tariorum
2178 4590 2299 4648 sive
2319 4591 2622 4648 annalium
2651 4590 3072 4663 flandr-iconem
3092 4589 3146 4646 ll.

1943 4806 1977 4862 ¹)
2008 4797 2091 4851 Cf.
2122 4796 2287 4849 Dirks
2315 4815 2370 4866 p.
2397 4801 2496 4853 66:
2527 4796 2697 4865 Alph.
2727 4796 2781 4849 le
2811 4795 2932 4864 ΒΟ)-
2961 4793 3148 4862 Biogr.

1862 4870 1980 4921 nat.
2010 4873 2095 4932 10,
2123 4872 2245 4924 366.
