3475 5364
952 346 1323 399 1326—1350.
1351 341 1605 395 Historia
1631 339 1833 410 partio.
1863 339 2146 404 Trivetus,
2175 335 2372 414 adam,
2400 335 2664 401 Thomas,
2691 335 2952 400 Hocsem,
3164 351 3280 404 531,

647 359 767 414 579

642 528 862 586 Douais
907 528 1149 587 Tolosae
1191 537 1374 590 1894.
1440 527 1728 586 Chronica
1776 544 1919 585 suae
1974 525 2371 602 persequitur,
2424 523 2510 582 ita
2556 527 2757 581 tamen
2802 531 2873 582 ut
2917 525 3284 600 pontificum

640 617 923 676 dioecesis
956 616 1321 686 lodovensis,⁴
1344 635 1523 692 quam
1545 615 1922 676 concinnavit
1976 623 2037 675 et
2069 616 2499 690 imperatorum
2545 631 2639 671 res
2671 631 3017 688 regumque
3055 615 3285 671 Galliae

639 725 774 765 cum
797 707 1178 775 documentiS,
1213 705 1457 782 periisse
1489 705 1757 773 videtur;
1791 705 1919 779 ejus
1976 705 2333 780 plerumque
2353 702 2629 771 conferat,
2652 706 2713 759 et
2730 707 2899 776 gesta
2919 705 3029 762 sui
3052 703 3285 761 ordinis

644 796 927 871 Synodale
976 796 1096 854 luci
1145 794 1417 871 publicae
1467 794 1703 852 demum
1758 793 1918 852 dedit
1976 813 2082 870 per
2130 793 2406 869 Angliam
2451 791 2771 867 diligenter
2804 796 3041 851 narret.
3097 795 3285 851 Accu·

642 885 862 943 Douais
893 885 956 942 in
987 884 1024 946 l.
1061 884 1153 945 Un
1183 882 1418 944 nouvel'
1434 883 1584 942 ecrit
1615 883 1686 941 de
1717 884 1784 945 B.
1806 881 1921 940 Gui
1978 893 2105 941 rate
2137 882 2393 956 denique
2424 880 2777 955 prodierunt
2795 881 3069 940 Londini
3102 891 3285 945 1845.

639 974 688 1031 le
736 974 988 1050 Synodaz
1025 974 1094 1032 de
1148 973 1380 1049 Ledeue,
1435 972 1676 1031 Parisiis
1740 981 1920 1034 1-494.

639 1062 988 1139 Disputavit
1019 1081 1258 1139 quoque
1302 1063 1372 1120 de
1404 1061 1661 1139 Vir-yinis
1690 1079 1919 1135 concep·

639 1153 787 1210 tione
819 1152 856 1212 l.
888 1155 960 1210 ut
991 1152 1227 1209 videtur
1256 1150 1536 1212 ineditus.

734 1339 875 1393 298.
956 1329 1327 1389 Nicolaus
1388 1328 1760 1386 Trivetus
1825 1323 1922 1406 (de

640 1420 912 1488 Treveth‚
977 1418 1250 1489 Traveth,
1315 1412 1543 1500 Trivet)
1601 1416 1665 1479 Ο.
1717 1416 1920 1474 Praed.

639 1510 891 1584 AngluS‚
934 1499 1317 1565 Norvicensis
1361 1525 1418 1564 n.
1453 1507 1603 1564 circa
1642 1525 1692 1564 a.
1733 1514 1919 1575 1258,

640 1597 882 1658 Oxoniis
903 1596 1308 1673 philosophiae
1339 1599 1399 1654 et
1426 1595 1762 1670 theologiae
1783 1612 1917 1671 ope·

640 1705 764 1744 ram
788 1685 967 1752 dedit,
1003 1689 1065 1743 et
1094 1688 1407 1761 postquam
1439 1685 1542 1742 has
1575 1684 1923 1759 disciplinas

640 1775 1007 1850 aliquamdiu
1059 1775 1215 1849 apud
1267 1792 1407 1834 suos
1457 1775 1550 1832 est
1601 1773 1918 1849 professus,

639 1882 748 1941 pro
779 1864 1063 1938 temporis
1095 1881 1256 1921 more
1289 1863 1547 1921 Parisios
1579 1861 1798 1920 missus
1831 1866 1924 1919 est

640 1952 1048 2029 perficiendus,
1097 1952 1304 2010 Oxonii
1346 1955 1546 2010 tamen
1590 1949 1925 2026 promeruit

640 2042 967 2119 magisterii
1010 2041 1260 2117 gradum
1307 2037 1367 2123 (†
1409 2041 1615 2116 1328).
1662 2039 1921 2116 Insignis

639 2137 767 2189 erat
804 2131 1025 2199 rhetor,
1073 2133 1264 2205 poeta,
1310 2130 1643 2198 historicus,
1694 2130 1920 2187 mathe-

638 2220 913 2286 maticus,
931 2219 1321 2295 philosophus
1339 2223 1400 2276 et
1419 2219 1731 2294 theologus
1753 2237 1921 2276 suae·

638 2328 753 2384 que
774 2309 1125 2368 eruditionis
1157 2327 1334 2383 quam
1355 2308 1644 2382 plurimos
1664 2306 1925 2365 ostendit

639 2399 888 2457 fructus·
942 2397 1013 2455 ad
1068 2415 1214 2471 quos
1265 2396 1699 2472 componendos
1750 2398 1921 2455 Ioan-

636 2505 743 2545 nes
790 2486 969 2545 XXII.
1017 2485 1424 2563 suppeditavit
1468 2504 1771 2560 expensae,
1819 2485 1925 2560 qui

638 2595 851 2650 magna
883 2595 948 2633 ex
983 2578 1153 2648 parte
1185 2578 1537 2633 manserunt
1567 2574 1797 2632 inediti.
1832 2574 1923 2632 Ita

638 2664 1057 2724 commentaria
1086 2664 1149 2723 in
1180 2663 1383 2741 plures
1414 2664 1475 2725 ll.
1500 2663 1565 2722 V.
1598 2664 1680 2732 T„
1717 2664 1775 2722 in
1811 2663 1920 2722 Ge·

639 2755 847 2824 hesim,
900 2754 1184 2822 Exodum‚
1232 2748 1582 2821 Leviticum,
1635 2753 1693 2810 ll.
1746 2754 1918 2811 Para·

637 2844 979 2918 lipomenon
1012 2846 1152 2912 etc.;
1200 2842 1272 2899 de
1319 2849 1593 2917 computo
1627 2842 1921 2900 Hebraeo-

637 2951 800 3000 rum3
835 2935 897 2989 in
930 2933 988 2989 u.
1013 2952 1059 2989 s.
1085 2932 1399 3007 Auqustini
1429 2932 1497 2989 de
1530 2930 1770 2989 Civitate
1790 2932 1920 3007 Dei,

638 3021 743 3096 qui
776 3020 1237 3094 commentarius
1270 3019 1668 3096 distinguitur
1699 3040 1734 3077 a
1766 3038 1921 3078 com-

637 3110 924 3168 mentario
940 3109 1194 3168 'rhomae
1213 3109 1525 3167 Wallensis
1559 3106 1655 3189 (cf.
1675 3128 1731 3183 p.
1752 3119 1784 3170 5
1797 3120 1830 3169 6
1842 3111 1921 3181 3),

635 3199 699 3256 in
732 3200 956 3275 priores
1001 3210 1072 3260 10
1097 3198 1158 3259 ll.
1178 3201 1433 3256 tantum.
1477 3198 1796 3272 Nunquam
1829 3198 1920 3256 in—

635 3292 805 3363 teger
872 3288 1112 3362 prodiit,
1177 3288 1279 3345 sed
1341 3306 1408 3345 ex
1459 3287 1680 3345 Triveti
1745 3306 1922 3361 opere

636 3377 1001 3435 notariorum
1021 3375 1324 3436 industria
1343 3376 1802 3434 commentarius
1819 3377 1921 3440 Th,

638 3466 941 3525 Wallensis
989 3466 1319 3541 completus
1352 3466 1502 3529 fuit:
1551 3469 1613 3523 et
1644 3483 1781 3522 cum
1814 3466 1924 3525 hoc

637 3556 1067 3631 complemento
1098 3556 1323 3631 prodiit
1357 3553 1696 3630 Moguntiae
1729 3563 1918 3623 14733

635 3645 875 3703 Tolosae
904 3654 1095 3715 1488;
1130 3643 1393 3702 Venetiis
1429 3653 1605 3709 1489,
1639 3644 1919 3719 Friburgi

645 3744 839 3797 1494:
891 3753 1021 3791 oum
1072 3752 1164 3808 op.
1212 3751 1259 3792 s.
1296 3733 1620 3808 Augustini
1656 3734 1920 3791 Basileae

645 3834 806 3885 1515
844 3828 950 3884 etc.
1000 3823 1069 3879 ln
1101 3822 1163 3879 ll.
1195 3821 1268 3881 de
1301 3822 1695 3881 consolatione
1728 3822 1913 3897 philo·

636 3912 873 3986 sophiae
895 3909 1127 3970 Boethii
1163 3912 1595 3977 commentarii;
1631 3912 1700 3969 cle
1724 3911 1919 3971 officio

635 4002 851 4059 missae
885 4001 946 4057 ll.
986 4010 1014 4060 7
1056 4019 1161 4057 seu
1196 4000 1501 4075 speculum
1537 4000 1915 4069 sacerdotale,

1979 973 2123 1031 Cum
2170 974 2378 1032 nostro
2425 975 2663 1028 auctore
2711 970 2899 1028 edidit
2945 974 3107 1029 Ant.
3145 971 3285 1029 Hal-

1977 1058 2580 1120 liusetiamAdami
2616 1059 3287 1118 Murimuthensis

1978 1150 2345 1226 (Miremuth,
2394 1142 2750 1230 Myrimuth)
2800 1148 2863 1207 O.
2900 1149 3049 1207 cist.
3090 1151 3284 1208 londi-

1977 1240 2180 1298 nensis
2193 1237 2467 1297 eoclesiae
2483 1237 2704 1298 s.Pauli
2722 1239 2990 1297 canonici
3008 1235 3081 1319 (†
3094 1251 3115 1301 1
3136 1249 3173 1302 3
3183 1236 3287 1319 47)

1978 1329 2285 1387 chronicon
2331 1327 2458 1386 sive
2491 1326 2801 1384 historiam
2851 1328 2948 1385 sui
2978 1329 3285 1403 temporis

1977 1417 2100 1476 sive
2147 1417 2387 1475 annales
2447 1434 2649 1474 rerum
2698 1416 3166 1491 anglicanarum
3215 1417 3287 1475 ab

1980 1526 2029 1570 a.
2082 1514 2445 1574 1302—47‚
2499 1505 2572 1562 ab
2621 1504 2739 1563 alio
2785 1509 3037 1565 auctore
3094 1507 3285 1566 conti·

1978 1599 2192 1654 nuatos
2225 1594 2299 1653 ad
2320 1615 2368 1657 a.
2402 1603 2599 1662 13803
2633 1594 2884 1653 Londini
2915 1605 3095 1658 1846
3120 1596 3189 1654 in
3214 1607 3284 1662 8.,

1977 1686 2039 1743 in
2073 1684 2296 1759 quibus
2327 1683 2506 1742 etiam
2547 1701 2700 1758 quae
2734 1684 2795 1741 in
2828 1684 2997 1742 curia
3030 1704 3283 1743 romana

1978 1775 2363 1850 contigerunt
2423 1771 2795 1839 referuntur,
2861 1790 3010 1832 cura
3076 1775 3281 1832 Thom.

1978 1862 2144 1939 Hog;
2175 1881 2309 1929 cum
2343 1860 2476 1920 aliis
2507 1862 2667 1919 inter
2693 1879 2892 1919 rerum
2930 1862 3080 1921 brit.
3106 1863 3283 1923 medii

1978 1953 2107 2010 aevi
2129 1952 2223 2010 SS.
2244 1970 2301 2014 n.
2326 1959 2445 2022 93.‚
2477 1950 2554 2008 ib.
2588 1959 2747 2013 1889
2771 1951 2862 2011 ed.
2884 1951 2995 2009 Ed.
3016 1953 3281 2011 Mauude

1978 2041 2334 2115 Thompson.
2396 2072 2484 2082 —
2533 2039 2850 2098 Thomas
2914 2041 3280 2101 Chester·

1978 2130 2141 2188 feld
2195 2123 2598 2210 (Chesterton)
2660 2129 2988 2189 eanonicus
3042 2131 3279 2189 lichfel-

1978 2219 2180 2280 densis
2201 2212 2430 2301 (1347)
2465 2217 2709 2294 collegit
2737 2221 2947 2277 seriem
2980 2223 3277 2296 episcopo·

1976 2326 2113 2366 rum
2161 2307 2638 2367 coventrensium
2682 2310 2745 2365 et
2784 2308 3279 2368 lichfeldensimn

1978 2397 2209 2472 adjecta
2237 2397 2496 2455 historia
2526 2396 2808 2455 ecclesiae
2839 2398 2914 2455 ab
2948 2419 2999 2458 a.
3038 2408 3172 2462 656
3209 2398 3278 2457 ad

1980 2505 2087 2544 sua
2107 2491 2391 2561 tempora,
2425 2504 2603 2560 quam
2624 2485 2815 2543 edidit
2835 2486 3139 2546 What-ton
3162 2493 3277 2547 An·

1978 2575 2132 2651 gliae
2164 2593 2360 2634 sacrae
2380 2573 2425 2644 I,
2465 2582 2590 2637 423
2613 2592 2689 2637 ss,
2720 2606 2809 2619 ——
2831 2575 2925 2633 Ad
2960 2576 3275 2636 historiam

1978 2665 2253 2724 ecclesiae
2303 2664 2615 2723 lundensis
2678 2667 2957 2740 spectant
3024 2670 3277 2726 actiones

1979 2755 2350 2813 adversariae
2379 2754 2547 2813 Erici
2589 2757 2741 2831 reqis
2785 2755 3025 2814 Daniae
3069 2766 3126 2815 et
3170 2756 3274 2815 Jo-

1979 2847 2154 2902 anm's
2206 2844 2417 2901 Grand
2476 2844 2895 2920 archiepiscopi
2960 2845 3273 2905 lundensis

1980 2929 2040 3009 (†
2084 2933 2275 3010 1327)
2308 2951 2502 2991 coram
2534 2932 2698 2991 curia
2747 2935 2809 2990 et
2853 2933 2994 2993 sede
3029 2955 3272 2994 romana

1977 3022 2294 3080 institutae
2340 3040 2392 3085 a.
2450 3029 2823 3097 1296--99,
2874 3041 3029 3097 quas
3082 3024 3271 3083 edidit

1979 3111 2325 3187 Langebeck
2353 3112 2513 3168 inter
2533 3111 2746 3186 Script.
2768 3129 2880 3173 rer.
2905 3112 3053 3171 Dan.
3090 3126 3159 3176 17
3176 3124 3268 3175 86.

1981 3199 2076 3270 VI,
2116 3208 2481 3262 275--372.

2072 3386 2215 3440 299.
2246 3377 2585 3436 «Ioannes
2615 3378 3074 3437 Hocsemius
3113 3380 3269 3461 (itas

1977 3468 2104 3526 loco
2151 3465 2490 3526 nativitatis
2540 3466 2605 3527 in
2649 3466 2856 3543 Belgio
2900 3467 3267 3551 appellatus)

1976 3575 2031 3615 n.
2073 3565 2258 3619 1278.
2302 3556 2494 3614 literis
2522 3557 2744 3632 optime
2784 3556 3101 3616 institutus
3145 3560 3268 3635 juri

1976 3646 2327 3721 praesertim
2389 3644 2553 3704 dedit
2601 3663 2856 3721 operam.
2934 3646 3263 3707 Canonicus

1975 3735 2170 3794 factus
2203 3739 2294 3792 est
2316 3734 2631 3793 leodiensis
2664 3738 2725 3793 et
2744 3737 3122 3810 praepositus
3147 3738 3263 3796 eol·

1977 3824 2229 3900 legiatae
2291 3823 2567 3882 ecclesiae
2629 3842 2675 3881 s.
2728 3824 2892 3883 Petri
2944 3826 3262 3902 legumque

1976 3914 2101 3989 egit
2131 3913 2536 3988 professorem.
2585 3913 2729 3971 Cum
2752 3914 2913 3988 juris
2944 3913 3261 3975 admodum

1975 4005 2132 4061 esset
2163 4005 2464 4077 expertus,
2514 4003 2576 4059 in
2609 4003 2867 4077 negotiis
2910 4004 3175 4079 publicis
3204 4008 3261 4063 et

635 4090 980 4165 quodlibeta
1012 4090 1355 4165 theologica.
1406 4090 1662 4147 Annales
1693 4090 1768 4148 ab
1802 4090 1917 4147 ori·
1975 4091 2377 4168 legationibus
2422 4109 2530 4165 pro
2561 4091 2715 4148 bono
2764 4092 2996 4165 patriae
3027 4096 3258 4171 saepius

634 4179 772 4255 gine
819 4178 1026 4235 mundi
1078 4198 1267 4252 usque
1318 4179 1391 4236 ad
1442 4197 1619 4236 suum
1664 4182 1917 4254 tempus.
1975 4180 2095 4238 fuit
2115 4181 2420 4239 adhibitus
2452 4183 2514 4237 et
2546 4180 2744 4239 aviris
2779 4199 3047 4241 summae
3066 4182 3256 4259 digni·

636 4269 893 4326 Annales
937 4285 1135 4343 reyum
1184 4268 1279 4338 (6)
1330 4268 1574 4343 Anyliae
1626 4270 1916 4345 (1136-
1974 4270 2118 4327 tatis
2169 4269 2498 4329 consultus.
2567 4269 2871 4344 Intrepide
2926 4273 3099 4330 stetit
3157 4290 3256 4348 pro

644 4356 852 4433 1307),
888 4357 989 4431 qui
1021 4376 1054 4413 a
1074 4358 1389 4415 comitibus
1412 4357 1920 4433 andegavensibus
1966 4360 2207 4433 juribus
2239 4358 2487 4433 capituli
2534 4362 2594 4416 et
2633 4377 2740 4433 pro
2772 4359 2928 4418 bono
2961 4361 3253 4420 communi

636 4464 800 4504 suam
837 4450 1151 4504 traxerunt
1182 4446 1488 4523 originem,
1535 4465 1750 4521 magna
1783 4446 1917 4503 dili·
1979 4444 2039 4528 (†
2062 4459 2113 4509 2.
2134 4448 2257 4508 Oct.
2292 4444 2494 4527 1348).
2517 4447 2757 4505 Praeter
2772 4447 3035 4524 digitum
3050 4451 3254 4509 florum

633 4537 838 4611 gentia
868 4536 1182 4611 compilati,
1214 4537 1275 4594 in
1323 4536 1682 4594 Dacherii
1729 4536 1918 4610 spicil.
1977 4537 2292 4611 utriusque
2316 4537 2476 4611 juris
2510 4537 2624 4595 sub
2644 4535 2848 4595 ordine
2869 4539 3251 4614 alphabetico,

636 4625 792 4691 Vm,
842 4634 1191 4687 411-728
1241 4644 1346 4683 seu
1391 4630 1431 4683 t.
1482 4624 1586 4695 111,
1638 4634 1762 4687 230
1811 4643 1917 4693 ss,;
1977 4630 2037 4683 et
2083 4626 2255 4684 fiores
2303 4631 2612 4683 auctorum
2662 4628 2724 4683 et
2767 4627 3252 4705 philosophorum

634 4715 1062 4772 emendatiores
1112 4734 1250 4772 cura
1300 4717 1436 4772 Ant.
1493 4714 1641 4785 Han,
1707 4714 1916 4771 Oxonii
1977 4711 2251 4793 (inedita)
2296 4717 2570 4773 accurate
2604 4715 2845 4791 collegit
2876 4717 3182 4778 historiam
3209 4724 3253 4775 et

649 4812 825 4872 1719,
874 4823 1005 4861 cum
1056 4804 1502 4863 continuatione
1553 4812 1753 4871 17:323
1802 4822 1918 4877 quo
1976 4823 2067 4862 res
2093 4812 2283 4879 ‚aestas
2303 4804 2644 4879 pontificum
2663 4804 3246 4889 leodiensium(1‘246

634 4893 696 4949 in
743 4912 915 4967 opere
964 4896 1132 4965 gesta
1178 4893 1486 4968 anglicana
1533 4892 1916 4966 potissimum
1975 4891 2284 4974 -1348),
2332 4912 2483 4968 opus
2529 4893 2761 4970 insigne
2808 4898 2871 4952 et
2918 4899 3248 4973 pretiosum,
