3475 5364
2968 324 3135 378 1488

524 321 683 375 1487
1006 308 1376 361 lou-4563.
1406 304 1459 358 S.
1488 303 1813 373 Scripturas
1840 306 2200 376 interpretes,
2229 306 2405 359 Ferus
2433 307 2517 372 (W
2524 306 2624 373 ild)

514 492 938 567 proditoribus,
974 490 1112 549 dein
1134 490 1377 548 Alberto
1399 493 1469 549 de
1490 492 1795 550 Branden—
1851 491 2016 550 cione
2049 492 2368 566 explicatae
2385 511 2433 550 a.
2468 501 2660 560 15:363
2693 494 2941 551 accessit
2970 495 3134 568 ejus-

514 581 669 657 burg
701 599 834 639 cum
868 580 995 638 6616
1016 579 1376 638 satellitibus
1410 582 1793 656 Moguntiam,
1851 581 1982 639 dem
2017 581 2070 639 d.
2102 582 2353 639 Joannis
2404 602 2490 657 ep.
2522 585 2742 656 prima,
2793 583 3136 658 Moguntiae

514 671 642 744 ipse
673 669 1005 744 intrepidus
1039 669 1212 727 stetit
1227 674 1287 726 et
1309 670 1370 726 in
1404 669 1634 746 ingenti
1667 671 1792 728 ani·
1865 680 2056 741 155ος
2113 679 2314 740 15523
2374 680 2572 740 1559;
2638 672 2882 730 Parisiis
2935 681 3134 741 15533

513 777 748 817 morum
769 758 1244 817 consternatione
1279 758 1353 816 ob
1376 759 1637 817 hostium
1660 779 1794 819 cru·
1860 768 2057 829 1569;
2105 769 2260 821 1577
2289 781 2303 829 3
2337 760 2581 818 Lovanii
2621 770 2819 829 1562;
2851 760 3134 837 Lugduni

512 847 839 915 (1611161616,
874 849 1170 923 solusque,
1204 847 1571 923 fugientibus
1602 850 1794 907 omni·
1860 858 2058 917 15533
2121 858 2283 911 1557
2307 872 2320 918 3
2383 860 2579 917 15593
2623 859 2821 919 15633
2875 853 3134 908 Antver·

513 937 625 995 bns
659 937 885 996 clericis
936 942 1056 996 tam
1093 936 1457 995 secularibus
1488 957 1665 1013 quam
1700 958 1793 996 re·
1852 938 1982 1012 piae
2043 947 2241 1007 15623
2307 939 2603 1013 Compluti
2663 948 2859 1008 15623
2930 949 3132 1008 1569;

512 1026 840 1102 gularibuS,
876 1027 1160 1085 remansit
1180 1025 1243 1083 in
1263 1027 1616 1086 miserorum
1638 1028 1793 1086 sola·
1862 1036 2055 1095 1578;
2092 1029 2306 1085 Romae
2330 1037 2490 1089 1577
2514 1050 2527 1097 ;
2562 1029 2749 1086 Jonas
2755 1029 3097 1103 propheta..
3116 1077 3131 1090 .

511 1116 663 1173 tium
698 1121 759 1174 et
788 1117 1057 1174 tutelam.
1121 1115 1368 1173 Hostem
1416 1134 1523 1174 suo
1556 1135 1796 1175 accessu
1852 1116 2196 1191 explicatae,
2263 1117 2604 1193 Moguntiae
2660 1127 2860 1184 155ος
2934 1127 3129 1186 1556;

512 1204 810 1281 mitigavit
859 1208 1038 1280 atque
1070 1205 1370 1263 ecclesiam
1402 1206 1794 1264 cathedralem
1861 1215 2018 1268 1557
2044 1228 2058 1274 ;
2106 1205 2383 1281 Lugduni
2422 1216 2622 1273 1554;
2679 1215 2877 1274 1556;
2935 1214 3129 1274 1567;

512 1293 781 1352 incendio
825 1296 950 1369 jam
1000 1294 1353 1352 destinatam
1407 1294 1480 1351 ab
1542 1295 1792 1354 interitu
1850 1294 2208 1370 Antverpiae
2247 1304 2406 1358 1557
2432 1317 2444 1363 ς
2478 1298 2541 1353 in
2559 1295 2936 1353 Ecclesiasten
2959 1296 3130 1354 Salo-

512 1384 786 1441 servavit.
849 1383 1170 1443 Auditores
1216 1383 1343 1459 ejus
1385 1387 1447 1441 et
1475 1384 1794 1444 familiares
1849 1386 2036 1441 monis
2085 1387 2523 1442 annotationes.
2559 1429 2571 1441 .
2607 1428 2618 1441 .
2682 1403 2788 1459 pro
2852 1384 3130 1444 concione

510 1471 834 1542 instabant,
870 1477 940 1530 ut
971 1490 1266 1531 sermones
1301 1490 1440 1530 suos
1475 1474 1636 1549 typis
1657 1476 1786 1533 vul·
1848 1478 2170 1543 enarratae,
2205 1473 2549 1549 Moguntiae
2589 1483 2788 1543 1550;
2850 1473 3130 1550 Lugduni

511 1566 694 1635 garet,
728 1562 855 1637 ipso
889 1580 1025 1619 vero
1058 1580 1278 1619 moram
1321 1561 1653 1623 faciente‘et
1672 1568 1791 1622 ter·
1855 1571 2058 1629 1553;
2115 1570 2312 1630 1557;
2364 1563 2637 1622 Coloniae
2678 1572 2873 1630 1556;
2905 1563 3035 1621 Das
3066 1567 3126 1622 1.

509 1650 866 1726 giversante‚
919 1669 1039 1709 non
1089 1655 1424 1723 exspectato
1474 1652 1604 1726 ejus
1656 1672 1789 1711 con·
1847 1650 2127 1710 Bic'chlein
2148 1651 2338 1709 Esdre
2370 1696 2381 1708 .
2417 1699 2431 1713 .
2465 1696 2477 1707 .
2510 1651 2840 1727 gepredigt,
2875 1651 3128 1728 Mogun-

512 1757 692 1797 sensu
737 1759 836 1797 eos
887 1741 1045 1815 typis
1079 1738 1408 1807 tradebant,
1457 1760 1575 1815 qua
1623 1742 1695 1800 de
1728 1761 1790 1800 re
1845 1740 1961 1797 tiae
2002 1750 2157 1802 1551
2187 1761 2200 1810 ;
2242 1750 2441 1810 1564;
2490 1739 2691 1799 Postill
2721 1785 2733 1797 .
2770 1784 2784 1798 .
2822 1784 2834 1796 .
2867 1741 3008 1799 iiber
3036 1742 3132 1800 die

510 1829 897 1903 conqueritur
941 1829 1006 1886 in
1050 1828 1434 1898 dedicatione,
1483 1830 1588 1888 ubi
1634 1831 1792 1888 inter
1846 1829 2193 1906 Evanyelien
2214 1825 2360 1910 (scil.
2393 1830 2822 1888 dominicarum
2855 1833 2917 1887 et
2946 1830 3128 1888 festo-

509 1917 624 1974 alia
669 1918 741 1975 de
788 1936 895 1976 suo
941 1918 1004 1976 in
1036 1918 1325 1976 Joannem
1372 1921 1791 1979 commentario
1845 1914 2025 1999 rum),
2092 1920 2430 1995 Moguntiae
2488 1928 2916 1982 1552—-1555
2971 1923 3014 1976 t.
3068 1928 3126 1988 4,

508 2009 795 2064 testatur:
861 2006 1151 2075 ,Interim
1197 2006 1438 2065 libellus
1472 2007 1569 2065 ille
1602 2029 1788 2078 meua,

508 2114 582 2153 66
614 2117 646 2152 6
678 2114 770 2153 166
802 2095 1041 2169 quidem
1078 2096 1348 2166 16166166,
1384 2098 1581 2171 praelo
1602 2098 1790 2173 subji-

508 2184 774 2242 ciebatur
806 2185 1183 2243 excudendus
1217 2229 1228 2241 .
1264 2231 1275 2241 .
1310 2229 1323 2241 .
1386 2186 1518 2244 Non
1554 2187 1789 2263 ignora-

508 2273 639 2331 bam
675 2294 768 2332 me
801 2274 1098 2348 prioribus
1130 2274 1249 2331 illis
1286 2274 1473 2343 annia,
1517 2293 1652 2334 cum
1685 2296 1789 2334 no-

506 2362 689 2421 vitius
719 2363 912 2422 adhuc
942 2365 1315 2422 concionator
1345 2383 1548 2433 essem,
1582 2384 1691 2424 666
1721 2386 1788 2423 66

507 2454 638 2509 tum
691 2452 920 2528 judicio
983 2452 1305 2528 praeditu3‚
1370 2456 1439 2510 ut
1484 2455 1681 2513 omnia
1730 2460 1792 2513 et

510 2542 748 2618 singula
795 2542 870 2600 ad
918 2542 1114 2600 vivam
1177 2544 1560 2617 exactamque
1607 2545 1789 2602 eccle-

507 2631 777 2690 siasticae
809 2631 1111 2691 doctrinae
1160 2630 1428 2708 regulam
1463 2632 1791 2707 expendere

506 2739 754 2796 possem,
790 2720 964 2780 obvia
996 2739 1265 2795 quaeque
1298 2739 1367 2777 ex
1402 2721 1787 2796 quibuscum·

506 2830 621 2885 que
655 2811 834 2868 etiam
869 2810 1233 2878 auctoribus,
1269 2810 1560 2884 quicquid
1595 2811 1669 2868 ad
1700 2812 1788 2868 di-

507 2899 772 2958 latandas
805 2903 983 2973 atque
1003 2898 1446 2974 amplificandas
1480 2900 1788 2958 conciones

505 2987 692 3046 facere
725 2988 1054 3056 videbatur,
1078 2988 1170 3045 his
1194 2987 1680 3047 annotationibus
1698 2989 1790 3047 in-

507 3077 765 3147 farsisse,
800 3095 1054 3151 quorum
1089 3079 1309 3146 tamen,
1354 3081 1424 3134 ut
1456 3078 1612 3135 inter
1643 3079 1787 3137 rele-

507 3166 766 3242 gendum
811 3166 1065 3241 percepi,
1118 3167 1402 3241 pleraque
1450 3166 1543 3224 vel
1589 3186 1787 3226 emen-

507 3255 740 3313 dassem
791 3256 886 3314 vel
937 3274 1310 3323 resecassem‚
1362 3255 1412 3314 si
1460 3275 1566 3330 per
1597 3257 1787 3315 otium

509 3344 772 3403 licuisset
804 3394 816 3406 .
852 3389 864 3401 .
898 3388 909 3400 .
976 3345 1063 3403 Ob
1097 3363 1273 3419 quam
1320 3363 1559 3403 causam
1590 3348 1651 3404 et
1682 3346 1791 3404 diu

506 3433 731 3493 veritus
766 3452 917 3502 6616,
967 3452 1182 3491 661666
1232 3453 1429 3492 166616
1463 3435 1789 3493 adscribere

507 3530 567 3582 et
627 3543 831 3582 revera
893 3542 1200 3598 nunquam
1265 3524 1516 3582 adscribi
1576 3543 1789 3599 passus

505 3614 768 3684 fuissem,
805 3614 855 3670 si
889 3615 1036 3670 etc.‘
1106 3612 1197 3670 Ita
1230 3612 1422 3670 victus
1456 3614 1651 3687 coepit
1681 3632 1792 3672 sua

506 3703 750 3778 vulgare
783 3720 963 3777 opera
993 3720 1205 3778 magno
1232 3721 1496 3770 numero,
1533 3721 1789 3777 quorum

512 3802 590 3855 34
630 3792 846 3850 Paulus
880 3792 915 3848 l.
950 3810 995 3849 6.
1050 3794 1315 3848 recenset
1361 3793 1440 3868 (p.
1477 3787 1786 3872 68—75)‚

509 3900 659 3954 quae
691 3881 898 3939 multis
934 3881 1077 3938 adeo
1110 3881 1458 3947 arriserunt,
1495 3884 1563 3937 ut.
1586 3880 1787 3938 Sixtus

508 3969 782 4028 Senensis
830 3970 901 4027 de
933 3989 999 4028 66
1031 3970 1092 4026 16
1128 3987 1235 4026 sua
1286 3969 1426 4026 bibl.
1462 3973 1663 4026 sancta
1697 3988 1784 4027 re-

506 4060 685 4117 serat:
725 4098 751 4126 2,
769 4058 1019 4133 Scripsit
1043 4059 1229 4115 latino
1254 4062 1314 4115 et
1330 4058 1490 4115 culto
1523 4077 1789 4116 sermone

506 4149 633 4224 pias
665 4154 725 4205 et
756 4147 1021 4205 eruditas
1061 4149 1233 4222 juxta
1274 4148 1619 4205 catholicam
1652 4148 1784 4205 doc-

507 4238 729 4295 trinam
762 4237 1205 4294 lucubrationes
1241 4281 1252 4292 .
1289 4280 1299 4291 .
1337 4281 1347 4292 .
1383 4236 1474 4294 Ab
1508 4236 1786 4294 omnibus

506 4328 626 4384 sere
688 4325 1197 4384 concionatoribus
1261 4325 1526 4384 studiose
1578 4326 1787 4402 legun·

506 4419 623 4473 tur.
641 4424 664 4452 (
703 4417 776 4473 Ε1
806 4435 1009 4474 revera
1031 4414 1374 4473 melioribus
1395 4414 1787 4472 accensendus

507 4510 598 4563 est
648 4504 1155 4563 concionatoribus
1207 4522 1315 4561 sec.
1350 4503 1495 4561 XVI.
1563 4504 1644 4560 Ex
1694 4504 1787 4561 his

1846 2008 2029 2065 etiam
2078 2008 2267 2067 latine
2316 2027 2519 2066 versae
2566 2029 2600 2066 a
2647 2009 2877 2066 Joanne
2909 2028 2943 2065 a
2980 2007 3127 2077 Via,

1847 2095 1923 2153 ib.
1967 2106 2400 2161 1554-1553
2436 2105 2496 2154 61
2529 2098 2764 2172 saepius
2797 2097 2968 2166 alibi;
3034 2098 3131 2155 vel

1848 2187 1905 2241 in
1943 2187 2240 2260 epitomen
2274 2209 2307 2246 a
2327 2188 2500 2245 Petro
2533 2187 2763 2244 Ulner
2794 2190 3130 2245 contractae

1848 2273 2046 2332 Kurze
2068 2274 2285 2346 Post-ill,
2322 2276 2663 2351 Moguntiae
2704 2284 2898 2345 156ος
2941 2283 3127 2345 1562;

1855 2373 2051 2433 1563;
2124 2374 2320 2433 1564;
2391 2375 2584 2432 1566;
2655 2373 2854 2431 1569;
2927 2374 3127 2433 15713

1853 2463 2050 2519 15793
2112 2462 2312 2522 1589;
2360 2453 2634 2513 Coloniae
2693 2463 2844 2515 1571
2875 2474 2889 2522 ;
2961 2462 3124 2516 1572

1845 2545 1886 2599 t.
1924 2552 1994 2609 4;
2060 2542 2319 2617 adjectae
2365 2548 2508 2601 sunt
2553 2563 2602 2600 a.
2646 2551 2987 2604 1561-64
3022 2562 3124 2617 ap-

1846 2631 2123 2706 pendices
2158 2632 2230 2692 ad
2263 2637 2458 2709 partes
2477 2632 2784 2690 hiemalem
2810 2634 2870 2690 61
2886 2638 3125 2691 autum-

1848 2722 2059 2790 nalem,
2125 2723 2261 2780 hinc
2313 2722 2548 2781 curavit
2598 2722 2699 2779 Ph.
2753 2727 2798 2778 A
2818 2722 3128 2798 gricola

1845 2809 2034 2869 totius
2067 2811 2339 2886 post-illae
2385 2830 2598 2870 novam
2632 2809 2969 2880 editionem,
3005 2811 3126 2868 Mo·

1845 2900 2092 2976 guntiae
2133 2909 2296 2964 1568
2334 2921 2428 2976 pp.
2474 2910 2543 2968 43
2593 2901 2886 2958 conciones
2916 2901 3042 2975 ejus
3062 2898 3126 2957 in

1846 2989 2172 3048 dominicas
2237 2992 2297 3047 et
2360 2991 2482 3048 dies
2543 2989 2728 3047 festos
2779 2987 3129 3063 prodierunt

1847 3079 2159 3137 recentiori
2192 3098 2431 3154 quoque
2464 3081 2656 3136 aetate
2709 3098 2828 3135 cur.
2879 3077 3126 3136 Jocham

1846 3168 2198 3226 Ratisbonae
2255 3175 2412 3230 1841
2468 3171 2509 3225 t.
2548 3176 2615 3236 ’.ἐς
2681 3167 2913 3241 aliquae
2944 3166 3125 3224 etiam

1845 3257 1907 3314 in
1971 3257 2248 3315 Brischar
2310 3257 2405 3315 die
2468 3256 2632 3314 kath.
2696 3255 3129 3314 Kanzelredner

1845 3346 2148 3404 Deutschl.
2204 3345 2630 3404 Sohaffhausen
2674 3355 2856 3407 1867.
2890 3345 2934 3403 1.
2971 3354 3127 3407 243-

1850 3444 1991 3497 382.
2027 3436 2295 3493 Historia
2328 3454 2373 3497 s.
2407 3436 2729 3493 dominicae
2738 3436 3040 3507 passionis
3059 3451 3126 3491 ex

1845 3528 2104 3598 quatuor
2149 3524 2539 3600 evangelistis
2585 3524 2956 3592 concinnata,
3003 3523 3126 3580 Mo-

1844 3614 2092 3689 guntiae
2144 3624 2306 3676 1555
2358 3613 2421 3670 in
2475 3622 2544 3681 ὃς
2609 3612 2886 3688 Lugduni
2927 3621 3126 3681 1555;

1851 3713 2050 3770 1557;
2103 3707 2236 3770 616.;
2288 3702 2426 3760 Jobi
2461 3701 2706 3760 historia
2739 3746 2751 3758 .
2787 3746 2798 3757 .
2833 3746 2845 3758 .
2882 3700 3125 3777 Prodig-

1844 3793 2017 3849 weiss
2052 3792 2375 3868 ausgelegt,
2412 3791 2751 3866 Moguntiae
2791 3799 2988 3859 1558;
3041 3790 3126 3847 la-

1844 3881 1968 3939 tine
2003 3900 2165 3939 versa
2204 3901 2238 3937 a
2269 3879 2969 3947 TilmannBredenbach,
3021 3879 3126 3937 Co-

1846 3970 2037 4028 loniae
2094 3980 2292 4038 15713
2338 3970 2619 4045 Exegesis
2665 3972 2727 4026 in
2772 3987 2856 4041 ep.
2903 3969 2982 4026 ad
3013 3969 3125 4026 Ro-

1845 4078 2064 4135 manoa,
2089 4060 2431 4135 Moguntiae
2459 4070 2477 4118 1
2500 4067 2619 4120 558
2644 4078 2658 4126 ς
2678 4058 2918 4116 Ρ6116116
2941 4066 3126 4125 1559;

1848 4148 2108 4206 Venetiis
2151 4157 2350 4217 1566ς
2386 4147 2664 4224 Lugduni
2707 4156 2899 4209 1569:
2964 4145 3128 4205 Com-

1845 4238 2001 4312 pluti
2045 4247 2244 4300 157&
2280 4238 2345 4294 16
2365 4257 2404 4294 6.
2427 4237 2481 4294 J.
2506 4236 2721 4295 Christi
2753 4236 3128 4312 Evanyelium

1844 4327 2150 4384 secundum
2190 4327 2542 4384 Malthaeum
2574 4325 3127 4384 commentariorum

1845 4416 1906 4472 ll.
1947 4425 2000 4482 5,
2067 4415 2410 4491 Mognntiae
2449 4425 2614 4476 1559
2650 4420 2691 4472 t.
2730 4423 2800 4484 23
2866 4414 3126 4483 Parisiis,

1845 4505 2144 4580 Lugduni,
2197 4505 2556 4579 Antverpiae
2609 4513 2772 4566 1559
2799 4525 2812 4573 3
2865 4502 3125 4572 ParisiiS,

506 4595 735 4670 potiora
768 4598 1001 4652 tantum
1035 4592 1508 4651 nominabimus:
1552 4593 1620 4649 In
1655 4611 1699 4654 6.
1731 4592 1786 4654 J.
1848 4593 2128 4662 VenetiiS,
2177 4595 2534 4669 Antverpiae
2593 4603 2783 4660 1560;
2833 4592 3128 4666 Compluti

507 4685 725 4743 Christi
791 4685 854 4741 D.
908 4684 977 4740 N.
1029 4682 1418 4758 Evangelium
1478 4683 1788 4740 secundum

507 4768 857 4853 .Io‹1nnem¹)
891 4818 902 4829 .
939 4817 949 4828 .
986 4817 997 4829 .
1045 4773 1444 4830 enarrationes
1486 4790 1593 4846 pro
1646 4789 1787 4829 con-

1846 4730 2124 4781 mentario
2177 4728 2236 4780 in
2291 4729 2642 4783 Matthaeum
2695 4730 2766 4781 cf.
2821 4728 2882 4787 R,
2936 4727 3126 4782 Simon

1845 4801 1986 4854 Hist.
2016 4800 2136 4855 crit.
2155 4801 2252 4853 des
2269 4800 2611 4869 principaux
2639 4801 3129 4856 Commentateurs
3209 4825 3212 4826 ⁷

589 4883 619 4936 ¹)
654 4874 727 4925 De
756 4873 861 4924 hoc
884 4870 1291 4924 commentario
1312 4871 1462 4924 sicut
1480 4873 1537 4924 et
1557 4871 1625 4924 de
1641 4889 1787 4926 com·
1811 4849 1815 4932 Ι,
1844 4872 1919 4925 du
1952 4871 2019 4926 N.
2048 4872 2108 4926 T.
2138 4889 2183 4926 6.
2210 4876 2293 4930 38.
