3475 5364
695 387 810 439 531

693 574 846 614 anne
866 554 1043 613 XXII.
1064 555 1155 613 vel
1180 576 1214 614 a
1232 556 1529 615 Clemente
1550 556 1643 614 VI.
1668 552 1729 634 (†
1759 568 1776 616 1
1798 551 1971 633 343).

692 642 1139 703 ——Joannes
1173 645 1604 704 Canonicus
1638 640 1969 725 (Marbres),

693 753 734 791 s.
756 734 1088 810 theologiae
1121 733 1327 793 doctor
1351 739 1410 793 et
1440 735 1733 811 professor
1765 733 1970 793 oxoni-

693 823 848 881 ensis
865 818 931 904 ¹),
966 824 1157 881 clarus
1191 824 1345 882 Seoti
1380 824 1728 898 discipulae,
1777 842 1970 891 ,sem-

693 930 800 986 per
846 911 1157 970 imitator‘
1214 908 1296 994 (fl.
1344 931 1389 971 c.
1442 908 1633 994 1329)
1685 932 1755 970 ex
1804 913 1974 988 cujus

693 1000 969 1076 operibus
1007 1004 1247 1059 tantum
1290 1001 1645 1077 prodierunt
1674 1003 1967 1075 Quaestio·

692 1108 792 1148 nes
835 1092 897 1148 in
929 1094 970 1150 8
1001 1091 1056 1148 ll.
1097 1092 1473 1166 physicorum
1504 1093 1851 1160 Aristotelis,
1900 1090 1972 1148 ad

692 1182 951 1237 mentem
985 1179 1143 1238 Scoti
1175 1180 1415 1239 Parisiis
1459 1190 1618 1243 1475
1656 1180 1716 1238 in
1750 1180 1821 1249 f.;
1865 1180 1974 1238 Ve-

691 1267 870 1326 netiis
933 1278 1086 1330 1481
1116 1291 1128 1337 ;
1194 1278 1388 1338 1492;
1454 1278 1615 1333 1516
1674 1266 1773 1348 (m.
1836 1266 1972 1347 15);

700 1366 884 1419 1520.
908 1358 1396 1416 —Robertus
1430 1360 1502 1416 de
1536 1359 1976 1417 Leicestria

692 1442 1097 1527 (Lecestrius),
1133 1448 1237 1522 qui
1268 1447 1479 1506 didicit
1508 1452 1569 1506 et
1600 1447 1805 1507 docuit
1825 1448 1972 1506 Oxo-

692 1535 779 1592 nii
792 1532 856 1616 (†
884 1531 1095 1613 1348),
1124 1536 1317 1594 multa
1331 1541 1632 1612 praeterea
1649 1537 1869 1596 inedita
1883 1557 1975 1595 re-

691 1624 884 1698 liquit,
919 1628 990 1682 ut
1021 1625 1272 1683 lecturas
1304 1644 1348 1683 s.
1384 1625 1741 1701 Scripturae,
1784 1626 1974 1702 quod-

694 1712 896 1782 libeta,
931 1714 1003 1772 de
1036 1719 1311 1790 computo
1354 1715 1744 1775 hebraeorum
1786 1720 1846 1774 et
1891 1716 1976 1773 la-

692 1802 954 1860 tinorum
1018 1811 1125 1861 etc.
1190 1837 1275 1846 —
1337 1804 1788 1878 Radulphus
1851 1804 1973 1863 Ra·

1027 373 1393 425 1326—1350.
1423 368 1615 424 'l'heol.
1644 368 1816 424 schol.
1844 368 2229 423 Sententiarii.
2256 367 2495 431 Conton‚
2524 366 2850 420 Gerhardus
2876 370 2973 420 etc

3195 383 3293 434 532·

2026 554 2198 613 Italia
2259 554 2421 613 circa
2480 571 2576 611 res
2627 552 2765 611 fidei
2816 549 3210 610 stabiliendas
3252 556 3300 607 et

2028 643 2329 720 principes
2379 643 2783 719 pacificandos.
2848 642 2918 699 In
2978 638 3300 699 revocandis

2028 752 2164 793 vero
2185 732 2503 800 Minoritis‚
2538 732 2644 806 qui
2657 730 2930 790 arctioris
2949 730 3118 787 vitae
3136 729 3301 803 specie

2028 822 2405 881 domesticam
2438 820 2812 896 disciplinam
2853 819 3126 894 pertaesi
3157 817 3301 875 relic-

2027 913 2108 970 tis
2141 911 2560 970 coenobiorum
2592 928 2837 968 suorum
2854 908 3053 984 septis
3074 908 3303 981 denega·
3369 928 3372 931 ·

2028 1006 2209 1076 taque
2240 999 2647 1076 superioribus
2669 998 2963 1075 legitimis
2987 996 3307 1054 obedientis

2030 1091 2374 1149 Narbonem
2429 1107 2494 1147 ac
2545 1089 2811 1150 Biterras
2862 1086 3213 1163 migrarunt
3253 1103 3306 1141 ac

2031 1183 2304 1254 separata
2355 1178 2478 1237 illic
2510 1175 2804 1235 domicilia
2851 1176 3306 1235 constituerunt,

2029 1269 2254 1327 frustra
2283 1267 2586 1326 laboravit.
2619 1267 3026 1325 Exauctorato
3049 1262 3306 1321 Michaele

2030 1358 2347 1416 Caesenate
2363 1356 2427 1415 O.
2446 1357 2584 1415 Min.
2616 1355 2891 1414 ministro
2922 1352 3200 1431 generali
3228 1348 3306 1430 (ct

2031 1468 2085 1522 p.
2112 1455 2231 1510 527
2255 1443 2332 1526 a.)
2364 1447 2490 1521 ipse
2512 1466 2546 1505 a
2563 1444 2839 1521 pontifice
2873 1441 3308 1502 administrator

2031 1536 2258 1595 ordinis
2309 1537 2370 1594 in
2422 1535 2595 1611 ejecti
2644 1535 2838 1593 locum
2883 1552 2935 1591 a.
2990 1543 3015 1593 1
3037 1540 3164 1594 328
3213 1529 3308 1586 fuit

2031 1625 2396 1685 substitutus
2427 1646 2461 1684 a
2490 1625 2766 1700 pontifice
2797 1620 2858 1701 (†
2900 1614 3123 1699 13:34).
3188 1618 3304 1675 Pla·

2031 1716 2212 1774 rimos
2234 1714 2485 1790 reliquit
2504 1716 2684 1772 etiam
2707 1729 3038 1779 sermones,
3075 1726 3304 1783 quorum

2030 1822 2322 1863 sermones
2352 1804 2706 1882 epistolares,
2757 1800 2884 1859 scil.
2940 1800 3007 1857 in
3044 1796 3305 1873 epistolas

694 1890 1168 1966 dimptorius
1223 1887 1542 1973 (Rodulfus
1588 1889 1974 1973 Rodimpton)
2033 1893 2285 1951 Missalis
2318 1893 2518 1952 excusi
2550 1892 2717 1950 fuere
2738 1888 3115 1966 Argentinae
3146 1895 3304 1947 1501:

693 1978 1024 2038 academiae
1064 1982 1398 2041 oxoniensis
1428 1983 1631 2041 doctor
1663 1983 1976 2059 theologus
2033 2000 2332 2041 sermones
2409 1981 2758 2057 epistolares
2820 1980 2889 2037 de
2940 1978 3183 2044 sanctis,
3240 1972 3302 2029 ib·

694 2068 770 2127 ob
833 2070 1120 2128 sermonis
1195 2072 1547 2147 elegantiam

1641 2072 1976 2140 »facundus
2041 2081 2239 2139 1502;
2287 2073 2578 2130 conciones
2608 2077 2658 2127 et
2689 2086 3004 2142 sermones,
3041 2066 3121 2124 ib.
3161 2071 3295 2124 1621

695 2159 947 2233 Apollo<
1028 2159 1243 2229 dietus,
1325 2161 1496 2236 cujus
1576 2164 1720 2219 sunt
1796 2162 1974 2219 etiam
2031 2165 2074 2219 t.
2125 2170 2160 2222 4
2209 2160 2273 2218 in
2320 2170 2376 2221 4.
2422 2194 2510 2204 —
2562 2159 2954 2217 Robertus
3009 2152 3302 2227 Eliphat

695 2247 756 2304 in
802 2248 1006 2323 plures
1052 2248 1113 2306 ll.
1148 2266 1192 2306 s,
1227 2249 1566 2326 Scripturae
1613 2255 1972 2308 commenta·

692 2335 802 2405 ria,
849 2338 1222 2412 quaestiones
1271 2338 1601 2397 ordinariae
1644 2342 1753 2397 etc.
1810 2335 1892 2421 (fl.
1929 2359 1974 2397 c.

704 2421 1977 2507 1350).—JoannesGuentiusCam-

693 2513 813 2575 ber.
848 2515 1184 2573 oxoniensis
1203 2516 1422 2585 doctor,
1445 2518 1786 2592 provinciae
1805 2536 1971 2592 prae·

693 2603 921 2677 positus
956 2599 1015 2684 (†
1059 2605 1242 2680 1348)
1276 2606 1512 2681 scripsit
1542 2609 1847 2682 praeterea
1879 2626 1974 2681 qq.

694 2692 1043 2767 disputatas.
1104 2727 1192 2738 -
1242 2695 1626 2754 Robertus
1678 2696 1977 2755 Conton

694 2778 947 2860 (Cotton,
1000 2779 1306 2865 Cowthon)
1359 2784 1564 2843 doctor
1611 2785 1974 2854 sorbonicuS‚

694 2871 787 2928 vir
818 2871 976 2929 acuti
1009 2872 1235 2949 ingenii
1285 2878 1346 2932 et
1378 2874 1552 2932 solidi
1577 2874 1807 2950 judicii,
1842 2875 1972 2932 doc·

692 2967 785 3017 tor
816 2978 1089 3018 amoenus
1139 2962 1492 3035 appellatus,
1540 2963 1977 3021 immaculatam

693 3048 957 3125 Virginis
974 3050 1414 3125 conceptionem
1434 3056 1674 3110 strenue
1691 3052 1974 3120 defendit,

696 3139 852 3212 quod
886 3137 977 3195 illi
1008 3138 1282 3215 gravium
1316 3142 1827 3199 concertationum
1858 3141 1973 3200 fre·

695 3230 946 3301 quentes
1008 3227 1286 3302 praebuit
1331 3230 1679 3288 occasiones.
1744 3231 1974 3305 Duplex

693 3316 755 3373 in
788 3316 1138 3393 magistrum
1174 3320 1601 3377 sententiarum
1648 3321 1978 3394 composuit

694 3424 844 3481 opus
876 3405 953 3485 (fl.
975 3424 1021 3464 c.
1053 3401 1263 3487 1340).
1299 3407 1373 3465 Et
1406 3408 1468 3464 hi
1499 3425 1702 3465 omnes
1736 3391 1976 3467 natione

694 3501 863 3553 erant
910 3495 1108 3573 Angli.

877 3682 1012 3735 274.
1064 3673 1336 3733 Aliarum
1395 3675 1704 3734 nationum
1769 3678 1970 3734 erant:

695 3762 787 3820 Be
807 3761 1185 3821 rtrandus
1248 3762 1320 3821 de
1382 3763 1621 3822 Turre
1684 3783 1752 3821 ex
1805 3764 1970 3823 Cam-

693 3850 882 3909 bolico
940 3849 1322 3934 (Camboulit)
1380 3852 1754 3911 cadurcensis
1810 3854 1969 3912 dioe-

696 3941 858 4010 cesiS‚
893 3941 984 3998 vir
1008 3940 1235 4010 doctus,
1272 3942 1487 4000 Doctor
1513 3943 1780 4016 famosus
1813 3943 1974 4001 salu-

2031 2245 2298 2331 (Amas),
2332 2269 2510 2324 quem
2543 2248 2812 2323 alioquin
2832 2244 3160 2304 Lanterius
3190 2258 3300 2298 cum

2032 2338 2162 2396 aliis
2185 2340 2343 2396 inter
2362 2338 2834 2412 Augustinianos
2865 2336 3161 2393 recenset.
3182 2330 3299 2386 Gre-

2031 2428 2266 2503 gorium
2329 2428 2764 2485 Ariminensem
2813 2424 3142 2483 audivisse.
3190 2436 3297 2476 eva·
3371 2424 3372 2471 l

2033 2517 2176 2575 sisse
2210 2516 2679 2575 eruditissimum
2713 2533 2757 2573 S.
2790 2512 3133 2589 theologiae
3162 2505 3298 2565 Pari·

2034 2606 2142 2664 siis
2193 2607 2509 2673 doctorem,
2563 2608 2624 2663 et
2673 2604 2892 2662 ibidem
2944 2606 3083 2660 tum
3143 2598 3294 2655 etiam

2034 2696 2248 2754 Oxonii
2285 2697 2557 2754 docuisse
2589 2697 2808 2753 narrat.
2842 2692 3200 2768 Appellatus
3225 2691 3296 2742 est

2032 2805 2065 2841 a
2115 2785 2472 2844 nonnemine
2522 2786 2717 2842 doctor
2766 2782 3122 2842 invincibilis
3162 2774 3233 2858 (st
3261 2790 3292 2829 c

2041 2869 2254 2955 1340).
2333 2908 2421 2918 —
2482 2872 2874 2931 Antonius
2935 2863 3294 2928 Aribaudi

2037 2962 2398 3030 Valentinus,
2433 2964 2576 3038 quia
2607 2961 2914 3020 Valentiae
2948 2960 3019 3017 in
3052 2951 3296 3016 Insubn'a

2031 3056 2228 3120 natu3‚
2308 3053 2621 3127 episcopus
2698 3052 3011 3125 cajetanus
3090 3043 3290 3125 (13413

2032 3139 2068 3208 †
2113 3142 2314 3215 1348),
2368 3142 2602 3217 legatus
2654 3140 2877 3198 missus
2922 3143 3024 3196 est
3068 3153 3197 3193 cum
3221 3128 3292 3187 Jo.
3367 3211 3368 3226 ἵ

2038 3230 2249 3288 Pisano
2295 3230 2730 3305 archiepiscopo
2776 3228 2849 3285 ad
2883 3224 3194 3285 Armeniae
3221 3237 3288 3276 re·

2033 3316 3079 3394 gem—GerhardusOdonis
3115 3309 3288 3392 (Otho-

2033 3408 2144 3477 nis,
2213 3407 2424 3466 Gerald
2485 3403 2681 3488 Eudo)
2747 3406 2972 3474 Gallus.
3043 3401 3288 3492 magister

2034 3497 2368 3573 theologiae
2418 3496 2784 3572 parisiensis,
2836 3494 3068 3553 electus
3109 3491 3170 3549 in
3203 3504 3288 3544 ml·

2032 3586 2289 3644 nistrum
2326 3586 2660 3661 generalem
2681 3584 2906 3643 ordinis
2923 3585 3056 3644 loco
3077 3577 3284 3639 Michae-

2035 3675 2109 3732 lis
2142 3674 2427 3733 Caesenae
2460 3674 2736 3732 mandato
2777 3673 3036 3733 Joannis
3069 3663 3226 3729 xm
3261 3680 3285 3716 8

2033 3764 2298 3838 capitulo
2314 3764 2576 3841 generali
2595 3763 2850 3839 depositi
2870 3759 2928 3844 (1
2946 3772 3026 3825 32
3039 3758 3120 3841 9),
3142 3769 3280 3849 quea!

2032 3852 2187 3910 idem
2219 3853 2500 3928 pontifex,
2534 3853 2631 3911 cui
2662 3851 2983 3911 admodum
3004 3855 3130 3910 erat
3144 3846 3280 3904 fam·

2033 3942 2215 4011 liaris,
2247 3943 2440 4016 primo
2472 3942 2637 4000 misit
2663 3941 2728 3999 in
2751 3940 3030 4010 Siciliam,
3066 3929 3281 3998 secundo

695 4032 875 4098 tatuS‚
911 4049 978 4087 ex
998 4029 1267 4089 ministro
1288 4031 1624 4105 provinciae
1656 4032 1975 4106 aquitanae
2030 4031 2092 4088 in
2129 4031 2427 4107 Angliam‚
2462 4031 2642 4089 tertio
2676 4031 2737 4088 in
2768 4030 3073 4094 Bosniam‚
3105 4044 3163 4085 ex
3190 4036 3279 4096 qu&

697 4123 1038 4192 assumptus
1070 4125 1162 4176 est
1194 4139 1244 4182 a.
1273 4130 1435 4182 1319
1473 4121 1543 4178 ad
1578 4121 1970 4197 archiepisco·
2031 4120 2324 4194 plurimos
2386 4120 2623 4195 pepulit
2681 4119 3033 4187 haereticos,
3103 4114 3277 4191 quarto

695 4210 901 4281 patum
935 4208 1382 4278 salernitanum,
1418 4212 1479 4268 et
1510 4210 1784 4285 sequenti
1818 4230 1866 4268 a.
1901 4210 1973 4268 ad

2032 4209 2250 4266 iterum
2300 4209 2364 4265 in
2415 4209 2693 4268 Siciliam.
2766 4210 2819 4266 A
2872 4208 3163 4267 Clemente
3204 4193 3273 4254 VI-

696 4296 1145 4366 cardinalatum,
1190 4296 1425 4357 demum
1460 4298 1531 4356 ad
1566 4299 1972 4374 episcopatum
2031 4300 2224 4356 sactus
2247 4298 2582 4373 patriarcha
2602 4298 2995 4356 antiochenus
3016 4301 3182 4371 atque
3198 4284 3274 4346 ad·

696 4385 1026 4444 ostiensem.
1082 4387 1298 4445 Multas
1332 4388 1522 4446 obivit
1553 4388 1880 4464 legationes
1915 4388 1976 4446 in

2034 4386 2407 4445 ministrator
2457 4390 2786 4462 perpetuus
2834 4387 3114 4445 ecclesiae
3155 4381 3271 4438 catn-

2032 4475 2234 4535 nensis
2269 4476 2329 4534 in
2367 4476 2582 4545 Sicilia,
2616 4479 2782 4551 peste
2813 4475 3102 4552 abreptus
3119 4472 3271 4530 deces-

2033 4565 2178 4623 sita.
2210 4574 2369 4630 1348
2402 4561 2752 4645 (secundum
2777 4565 2924 4623 alios
2952 4559 3153 4644 1349).
3179 4551 3267 4615 Sub

775 4652 809 4706 ¹)
838 4643 1161 4698 Secundum
1191 4647 1456 4698 Sbaralea
1484 4645 1711 4698 videtur
1740 4662 1854 4698 esse
1880 4644 1977 4698 Ca·
2030 4655 2160 4730 ipso
2177 4653 2412 4713 demum
2437 4655 2611 4712 finem
2632 4654 2859 4730 accepit
2873 4655 3268 4712 diutumacon·

699 4709 942 4771 talanus.
994 4715 1157 4769 Alius
1197 4723 1282 4769 est
1308 4737 1338 4768 ιι
1373 4717 1401 4769 J
1424 4735 1455 4770 o
1474 4735 1506 4769 a
1526 4735 1562 4769 u
1580 4734 1663 4770 ne
1703 4718 1975 4770 canonico

696 4787 1017 4846 Orvietano.
1062 4788 1161 4855 qui
1192 4796 1347 4842 v‘tam
1376 4788 1605 4857 scripsit
1628 4809 1669 4843 s.
1698 4792 1848 4842 Petri
1873 4791 1973 4842 Pa-

2032 4743 2320 4801 troversia
2353 4743 2427 4800 de
2459 4746 2834 4819 paupertate,
2870 4763 3027 4818 quae
3057 4739 3265 4801 ordinem

694 4864 855 4913 rentii
878 4863 939 4913 M
982 4870 1027 4924 [7²
1056 4864 1230 4928 1199),
1274 4877 1306 4912 a
1348 4859 1735 4927 papebrouhio
1764 4860 1974 4912 edit-am
2031 4832 2173 4891 adeo
2207 4834 2587 4890 turbavemffl
2623 4833 2737 4908 ἰΡΒῘ
2753 4850 2892 4891 vero
2907 4833 3264 4908 expmbmtur'

696 4930 755 4983 in
782 4933 936 4983 Actis
964 4931 1056 4984 Sb'.
1085 4937 1169 4987 21.
1200 4932 1331 4999 Maj.
1360 4950 1413 5000 p.
1442 4935 1670 4986 soff-97.

2033 4921 2191 4995 quod
2211 4922 2437 4980 ordinis
2459 4920 2837 4997 disciplinam
2867 4926 2929 4980 et
2949 4909 3264 4999 paupertatis

3315 119 3372 263 ι
