3475 5364
1053 330 1429 384 1301—1325.
1456 324 1651 384 Theoh
1678 326 1851 381 schol.
1882 325 2036 381 Scoti
2060 328 2321 381 asseclae.
2350 324 2551 380 Petrus
2577 327 2833 391 Aureoli,
3138 345 3269 398 454

635 345 759 398 463

724 524 868 578 242.
903 514 1017 572 Sed
1056 516 1119 572 et
1149 512 1360 571 Scotus
1408 530 1543 571 mox
1576 513 1916 589 apologetas
1937 514 1949 619 Ι
1972 513 2227 589 urgente
2245 511 2475 571 Joanne
2493 511 2672 571 XXII.
2694 532 2915 590 magno
2948 532 3084 571 cum
3103 514 3272 588 ejus·

629 604 863 680 reperit.
945 602 1389 662 Praetermissis
1450 601 1787 678 Hierony
1806 620 1914 660 mo
1971 601 2104 661 dem
2155 601 2419 661 encomio
2471 602 2660 660 literis
2721 602 2796 660 ad
2847 602 3270 661 universitatis

629 693 702 751 de
724 693 872 752 Ath
887 712 921 751 a
936 712 967 749 r
983 693 1003 749 i
1022 713 1055 749 a
1087 692 1150 750 Ο.
1175 690 1272 749 SS.
1294 690 1451 749 Trin.
1474 691 1736 760 hiberno,
1760 692 1915 750 claro
1970 690 2381 750 cancellarium
2415 690 2571 748 datis
2594 691 2880 768 magister
2912 691 3268 769 theologiae.

630 782 897 859 ejusdem
930 781 1226 857 discipulo
1261 783 1322 838 et
1343 780 1643 839 oxoniensi
1675 780 1914 839 doctore
1971 783 2143 839 Anno
2183 790 2350 842 1319
2399 779 2621 843 electus
2666 786 2758 839 est
2801 779 2866 839 in
2923 781 3271 855 provinciae

630 877 810 947 atque
842 872 1169 946 professore
1200 863 1282 953 (fl.
1305 888 1351 927 c.
1380 864 1597 952 1323),
1632 869 1735 944 qui
1756 888 1914 928 com·
1968 870 2391 946 praepositum,
2424 872 2487 927 et
2517 870 2780 928 nondum
2800 870 3054 928 biennio
3074 870 3275 946 elapso

631 961 833 1035 posuit
877 958 1274 1019 defensorium
1321 956 1619 1017 doctrinae
1660 958 1822 1018 Scoti
1850 959 1914 1017 in
1970 962 2278 1034 promotus
2310 964 2402 1016 est
2434 958 2717 1017 aJoanne
2736 958 2920 1017 XXII.
2944 958 3077 1039 (27.
3098 960 3269 1018 Febr.

631 1058 686 1112 4.
722 1050 758 1107 1.
810 1049 1243 1108 sententiarum
1293 1048 1353 1105 ll.
1393 1058 1426 1109 2
1476 1051 1604 1117 etc,
1658 1050 1720 1106 et
1770 1049 1913 1107 Hu-
1978 1045 2172 1128 1321)
2207 1047 2279 1105 ad
2313 1048 2882 1123 archiepiscopatum
2917 1067 3268 1124 aquensem,

628 1157 775 1217 gon
795 1157 825 1196 e
889 1138 960 1196 de
1011 1139 1285 1197 Castro
1345 1154 1540 1195 novo
1589 1137 1652 1195 in
1698 1138 1916 1214 Anglia
1970 1137 2071 1196 sed
2123 1138 2218 1195 vix
2269 1136 2465 1213 elapso
2517 1155 2671 1195 anno
2719 1137 2887 1205 obiit,
2940 1138 3272 1196 secundum

630 1227 694 1287 Ο.
728 1228 887 1297 Min..
936 1227 1043 1303 qui
1088 1227 1286 1285 dictus
1336 1231 1431 1285 est
1466 1225 1715 1292 ,doctor
1747 1228 1912 1285 scho-
1969 1226 2466 1302 martyrologium
2495 1226 2931 1285 franciscanum
2966 1228 3176 1285 Arturi
3195 1226 3274 1285 de

627 1317 915 1376 lasticus‘
962 1320 1023 1374 et
1067 1316 1161 1373 cui
1207 1315 1566 1373 tribuuntur
1614 1333 1910 1375 commen·
1972 1316 2326 1375 Monasterio
2351 1314 2422 1392 (Ι,
2449 1310 2601 1395 471)
2626 1325 2725 1377 27.
2748 1318 2910 1391 Apr„
2936 1316 3273 1375 secundum

626 1406 817 1466 tarius
839 1409 901 1463 et
918 1405 1301 1480 reportatam
1320 1404 1435 1465 411.
1464 1405 1910 1474 sententiarum,
1969 1405 2128 1473 alios,
2164 1406 2325 1463 inter
2355 1424 2504 1480 quos
2537 1412 2597 1463 et.
2620 1405 2863 1473 Denifle,
2885 1406 3273 1480 probabilius

627 1500 690 1553 et
722 1495 889 1570 cujus
920 1495 958 1552 1.
992 1495 1061 1551 de
1085 1495 1324 1552 victor-m
1345 1492 1563 1551 Christi
1581 1498 1786 1552 contra
1809 1514 1912 1553 an-
1982 1507 2071 1557 10.
2123 1494 2160 1552 J
2166 1514 2257 1552 an.
2309 1493 2493 1551 Juxta
2554 1494 2844 1568 quosdam
2893 1499 3101 1554 tamen
3145 1513 3274 1553 non

626 1584 967 1642 tichristum
1000 1583 1221 1659 prodiit
1243 1594 1281 1643 ·1
1301 1591 1417 1644 471
1464 1579 1619 1663 (sine
1653 1583 1779 1641 loco
1798 1583 1911 1641 im·
1970 1583 2120 1641 obiit
2135 1586 2273 1641 ante
2290 1603 2338 1640 a.
2365 1593 2549 1651 1330,
2569 1583 2686 1642 imo
2704 1602 2822 1641 non
2842 1596 2987 1641 ante
3006 1605 3058 1642 a.
3088 1593 3272 1647 1345.

630 1668 1013 1752 pressionis):
1064 1673 1223 1730 inter
1273 1671 1431 1729 Scoti
1476 1671 1801 1747 discipulos
1852 1678 1914 1731 et
1969 1672 2231 1749 Insignis
2263 1675 2393 1730 erat
2423 1673 2816 1741 concionator.
2871 1673 3037 1731 unde
3086 1675 3272 1731 titulo

629 1766 909 1837 patronos
954 1762 1061 1818 hac
1106 1760 1348 1836 periodo
1380 1759 1604 1818 eminet
1635 1761 1912 1819 Petrus
1968 1763 2216 1820 doctoris
2255 1763 2505 1835 facundi
2550 1762 2892 1830 honoratur,
2946 1763 3051 1820 sed
3100 1781 3271 1839 prae-

627 1850 958 1910 Aureoli
1035 1846 1310 1929 (Aurioli.
1376 1848 1660 1919 d’Auriol,
1726 1849 1909 1920 Oriol‚
1967 1851 2174 1927 primis
2219 1851 2294 1909 ob
2344 1869 2451 1909 sua
2495 1868 2674 1925 opera
2716 1851 3063 1926 posteritati
3096 1853 3270 1910 inno·

625 1935 952 2019 Aureolus)
987 1939 1050 1997 Ο.
1086 1939 1243 2005 Min„
1307 1937 1380 1996 de
1443 1957 1561 2010 quo
1611 1939 1713 1997 alii
1775 1939 1907 2006 alia,
1967 1941 2101 1998 tuit.
2138 1941 2224 1998 Ea
2252 1958 2560 2014 nunquam
2592 1940 2841 1998 collecta
2872 1940 3270 2015 prodierunt:

626 2047 798 2105 saepe
831 2028 979 2086 mira
1010 2032 1071 2087 et
1101 2028 1342 2095 incerta,
1390 2026 1570 2085 etiam
1613 2029 1913 2087 contraria
1966 2030 2200 2104 potiora
2233 2047 2371 2087 vero
2406 2032 2581 2087 sunt:
2618 2029 3040 2087 Commentarii
3060 2032 3129 2088 in
3155 2032 3268 2088 411.

623 2119 909 2187 referunt,
946 2121 1015 2175 ut
1034 2135 1168 2175 vere
1187 2116 1422 2175 difficile
1444 2116 1540 2177 sit.
1575 2122 1910 2176 accuratam
1967 2121 2403 2193 sententiarum,
2435 2119 2651 2176 Romae
2693 2128 3141 2182 1596—1605
3169 2125 3209 2176 t.
3233 2129 3267 2180 2

623 2207 898 2266 exhibere
945 2205 1017 2265 de
1062 2205 1191 2280 ipso
1236 2202 1592 2287 notitiam1).
1656 2206 1793 2265 Jam
1839 2206 1910 2265 de
1966 2208 2029 2265 in
2060 2207 2134 2276 f.;
2166 2211 2209 2265 t.
2241 2220 2452 2269 l.cura
2473 2207 2624 2265 card.
2643 2206 2978 2266 Constantii
2997 2209 3267 2268 Samnni.

621 2297 751 2356 loco
801 2295 1134 2354 nativitatis
1183 2297 1431 2363 certant,
1486 2296 1589 2371 qui
1640 2296 1772 2354 aliis
1821 2300 1913 2354 est
1967 2297 2071 2372 qui
2102 2297 2426 2372 plurimum
2475 2296 2697 2354 meruit
2739 2295 2812 2354 de
2861 2297 2971 2355 hac
3005 2297 3269 2356 editione

625 2385 901 2444 Verberie
936 2380 1288 2466 (Vermerie)
1335 2384 1407 2441 ad
1454 2383 1689 2442 Aelium
1722 2380 1909 2466 (Oise)
1967 2384 2321 2461 opportunis
2353 2386 2569 2460 glossis
2612 2388 2673 2443 et
2705 2387 3047 2445 summariis
3081 2395 3147 2445 et
3180 2406 3269 2445 ae-

625 2469 958 2554 fluvium2)‚
1022 2473 1155 2531 aliis
1218 2472 1616 2531 verosimilius
1680 2473 1907 2533 Tolosa.
1966 2476 2273 2534 curatione
2307 2475 2460 2533 circa
2478 2478 2744 2532 textum:
2778 2495 2814 2533 a
2844 2493 2969 2550 quo
3003 2477 3265 2534 multum

623 2562 815 2621 Natus
846 2562 1064 2620 dicitur
1112 2582 1160 2620 a.
1204 2571 1385 2625 1280.
1456 2561 1737 2621 Ordinem
1787 2564 1908 2623 fra·
1965 2563 2154 2622 distat
2185 2564 2379 2639 pretio
2414 2564 2598 2621 editio
2628 2568 2671 2621 t.
2710 2572 2784 2629 2..
2821 2564 2927 2639 qui
2963 2569 3106 2640 post
3139 2567 3266 2642 ejus

624 2655 787 2711 trum
819 2651 1115 2710 Minorum
1164 2650 1472 2729 ingressus
1505 2658 1611 2712 est.
1664 2652 1908 2712 Parisiis
1964 2658 2215 2713 mortem
2247 2653 2498 2729 prodiit3
2549 2652 2868 2711 admodum
2920 2656 3087 2713 enim
3140 2674 3266 2714 cor·

624 2740 843 2800 studiis
876 2760 1111 2816 operam
1144 2740 1323 2808 dedit,
1346 2740 1567 2799 ibidem
1587 2745 1649 2799 et
1668 2742 1909 2801 Tolosae
1964 2748 2180 2820 ruptus
2211 2750 2305 2802 est
2337 2744 2466 2818 ejus
2513 2746 2727 2801 textus.
2794 2743 3119 2803 Occasione
3157 2746 3266 2803 hu·

623 2830 959 2908 theologiae
977 2834 1366 2905 professorem
1382 2831 1535 2907 egit:
1558 2831 1907 2906 quainurbe
1955 2832 2058 2907 jus
2076 2851 2168 2908 op.
2188 2832 2396 2891 scribit
2416 2852 2458 2890 s.
2478 2832 2817 2890 Antoninus
2830 2834 2877 2909 ¹)
2903 2852 2919 2891 ε
2957 2873 2983 2900 ,
3000 2833 3266 2892 Celebris

624 2939 673 2977 a.
704 2928 869 2982 1314
907 2921 970 2976 in
1003 2920 1239 2993 publica
1259 2919 1665 2994 disputatione
1697 2922 1907 2978 imma·
1964 2940 2199 2997 quoque
2230 2922 2530 2997 opinionis
2575 2921 2694 2978 fuit
2725 2922 2942 2980 Petrus
2977 2923 3266 2982 Aurelius

623 3008 883 3067 culatam
916 3007 1178 3085 Virginis
1230 3008 1666 3084 conceptionem
1703 3010 1904 3068 defen·
1964 3011 2114 3087 (loco
2147 3011 2407 3080 Aureoli,
2442 3010 2593 3069 forte
2613 3010 2895 3068 mendum
2929 3029 3263 3071 amanuen-

622 3095 790 3176 ditss).
844 3095 983 3164 Inde
1018 3097 1237 3154 iterum
1271 3097 1514 3156 transiit
1545 3098 1801 3158 Parisios
1833 3100 1905 3157 ad
1964 3099 2046 3158 sis
2081 3099 2176 3158 vel
2208 3094 2592 3180 typographi)
2637 3099 2860 3175 scripta
2909 3101 3265 3177 relinquens

622 3187 910 3244 lecturam
962 3188 1393 3245 sententiarum
1444 3187 1755 3263 factusque
1819 3193 1909 3246 est
1964 3207 2145 3265 super
2195 3190 2232 3247 l.
2285 3188 2734 3257 sententiarum.
2800 3189 2865 3246 in
2911 3208 3053 3265 que.
3120 3191 3267 3266 quia

704 3396 736 3464 1)
766 3391 848 3447 Cf.
876 3390 1156 3446 Stanonik
1182 3391 1457 3445 Katholik
1486 3398 1639 3449 1882.
1670 3395 1707 3458 1,
1728 3399 1905 3450 315—

622 3467 722 3522 28:
748 3468 995 3520 415—-27
1017 3484 1028 3516 ι
1054 3466 1283 3518 aits-501
1309 3485 1320 3520 ς
1349 3466 1451 3531 qui
1479 3465 1905 3521 accuratissime

619 3535 916 3606 opiniones
944 3551 1137 3588 omnes
1165 3535 1423 3597 incertas,
1468 3535 1687 3601 dubias,
1736 3538 1907 3592 falsas

620 3607 862 3663 excutit:
917 3608 1079 3660 Feret
1124 3606 1214 3667 ΙΙΙ,
1258 3611 1523 3671 351-56,
1569 3609 1667 3674 qui
1715 3613 1908 3662 censet

619 3695 751 3732 eum
778 3677 1110 3748 produxisse
1138 3677 1315 3730 vitam
1345 3677 1495 3730 ultra
1522 3695 1572 3732 a.
1602 3684 1773 3737 1345:
1824 3680 1906 3734 ita

620 3753 681 3803 et
707 3749 942 3804 Dutems
967 3749 1042 3801 Le
1064 3749 1247 3817 clerge
1266 3748 1333 3802 de
1352 3749 1562 3805 France
1581 3768 1653 3804 ou
1674 3751 1905 3805 tableau

620 3821 938 3889 histor-ique
980 3823 1038 3873 et
1079 3820 1523 3889 chronologique
1577 3821 1671 3874 des
1719 3824 1906 3876 arche-

621 3895 847 3960 veques,
902 3892 1163 3959 esseque&
1209 3893 1383 3944 abbcs
1427 3897 1485 3945 et
1524 3894 1783 3947 abbesses
1827 3895 1904 3948 du

620 3981 906 4031 royaume.
940 3962 1093 4015 Paris
1122 3968 1276 4018 1774.
1307 3963 1589 4018 Seeboeck
1616 3965 1787 4018 initio
1814 3984 1904 4036 op.

619 4051 652 4087 a
680 4053 735 4086 se
764 4035 903 4088 editi
932 4034 1022 4104 (cf.
1052 4034 1238 4092 infra).

696 4115 735 4174 2²)
767 4106 914 4160 Haec
938 4105 1134 4172 opinio
1165 4106 1306 4159 forte
1331 4106 1465 4159 inde
1494 4110 1579 4160 est
1605 4111 1744 4163 orta.
1769 4109 1904 4176 quia

619 4178 889 4231 confusus
919 4177 1032 4230 fuit
1056 4193 1183 4229 cnm
1211 4177 1326 4230 alio
1369 4177 1410 4229 P
1430 4182 1593 4232 etro
1635 4178 1703 4232 de
1747 4180 1790 4230 V
1813 4197 1841 4232 e
1859 4197 1903 4232 r-

619 4248 834 4302 beria
884 4247 1099 4302 ordinis
1155 4248 1335 4302 Vallis
1386 4250 1726 4303 scholarium
1777 4250 1905 4315 (val

618 4320 718 4374 des
746 4320 1031 4384 Ecoliers)‚
1059 4319 1287 4375 doctore
1317 4321 1611 4390 parisiensi
1653 4325 1712 4374 et
1739 4322 1904 4377 Petro

619 4395 812 4446 nostro
858 4390 1105 4459 aequali.
1157 4390 1348 4445 Oudin
1377 4392 1470 4454 ΙΙΙ,
1498 4397 1601 4448 847
1631 4393 1754 4446 fuse
1783 4413 1906 4464 pro-

617 4463 752 4516 bare
806 4463 1012 4516 nititur
1064 4462 1292 4516 Petrum
1346 4466 1651 4519 Aureolum
1719 4483 1904 4533 neque

1964 3295 2174 3337 manus
2225 3279 2356 3353 ejus
2407 3284 2612 3337 contra
2661 3296 2885 3346 omneS,
2919 3289 3170 3338 vertens
3202 3281 3265 3338 in

1964 3366 2213 3425 dubium
2247 3367 2479 3425 firmata
2524 3385 2630 3442 per
2659 3367 2807 3424 alios
2850 3369 2912 3424 et
2961 3369 3028 3426 in
3077 3387 3262 3444 quae·

1964 3458 2216 3515 stionem
2238 3460 2494 3524 vertens,
2514 3474 2724 3514 manus
2745 3456 3014 3515 omnium
3051 3465 3262 3516 contra

1963 3565 2098 3604 eum
2152 3543 2326 3626 (quae
2377 3545 2537 3603 dicta
2586 3545 2873 3622 leguntur
2903 3544 2976 3604 de
3011 3547 3261 3606 Ismaele

1964 3635 2103 3692 Gen.
2145 3646 2242 3702 16,
2289 3630 2452 3716 12).‘
2518 3633 2675 3691 Huic
2724 3634 2974 3694 editioni
3030 3636 3260 3712 adjecta

1964 3730 2107 3782 sunt
2138 3725 2460 3800 quodlibeta
2490 3724 2754 3799 sedecim,
2803 3724 2866 3781 in
2900 3725 3126 3799 quibus
3161 3745 3258 3784 ex·

1964 3812 2173 3888 pendit
2224 3813 2565 3871 communia
2613 3815 2675 3869 et
2719 3814 2963 3888 propria
3010 3815 3085 3873 de
3119 3815 3253 3874 Deo.

1962 3903 2238 3977 disputat
2268 3901 2339 3959 de
2373 3904 2571 3960 anima
2605 3900 2981 3962 intellectiva
3002 3907 3065 3962 et
3086 3905 3255 3962 beata

1963 3990 2153 4067 deque
2186 3991 2508 4049 habitibus.
2543 3991 2916 4049 Breviorium
2951 3994 3254 4052 bibliorum

1965 4099 2074 4139 seu
2107 4080 2519 4156 compendium
2553 4099 2595 4137 s,
2619 4079 2962 4155 Scripturas
2983 4083 3080 4141 vel
3102 4102 3250 4141 com·

1962 4171 2245 4244 pendium
2267 4170 2518 4228 literalis
2553 4187 2760 4227 sensus
2792 4173 2987 4230 totius
3020 4171 3250 4230 divinae

1963 4259 2317 4334 Scripturas.
2353 4259 2531 4316 etiam
2565 4258 2638 4316 de
2671 4258 3030 4319 divisiones
3056 4261 3247 4336 Scrip-

1962 4353 2147 4407 turae.
2182 4348 2276 4406 vel
2308 4348 2728 4406 commentaria
2757 4351 3171 4425 compendiosa
3193 4351 3247 4407 in

1963 4438 2297 4495 universam
2335 4455 2376 4494 s.
2417 4437 2801 4512 Scripturam.
2838 4439 3143 4514 specimen
3165 4440 3245 4497 in·

619 4533 791 4588 fuisse
856 4543 916 4588 0.
963 4534 1116 4595 Min..
1181 4552 1363 4602 neque
1410 4536 1903 4607 archiepiscopum
1960 4525 2357 4585 troductionis
2403 4526 2465 4584 in
2498 4526 2557 4583 ll.
2597 4526 2658 4584 V.
2693 4530 2756 4585 et
2788 4527 2857 4584 N.
2893 4528 2974 4588 Τ..
3029 4529 3093 4588 in
3134 4548 3242 4604 quo

616 4623 944 4674 aquensem.
974 4606 1069 4659 sed
1099 4623 1293 4658 revera
1322 4609 1564 4660 eundem
1588 4624 1715 4660 cum
1739 4609 1903 4662 Petro

618 4678 738 4732 ord.
767 4678 946 4732 Vallis
974 4678 1335 4731 scholarium.

693 4754 732 4814 ³)
761 4749 898 4803 Rern
940 4754 1157 4820 gestam
1200 4765 1261 4802 ex
1304 4749 1547 4817 antiquo
1589 4750 1782 4804 codice
1825 4768 1903 4804 re·

2040 4755 2074 4816 ¹)
2105 4749 2425 4805 Chronicon
2452 4750 2541 4806 tit.
2569 4755 2639 4807 24
2665 4768 2712 4806 c.
2739 4756 2774 4807 8
2801 4761 2827 4817 ς
2857 4757 2907 4808 2.
2939 4753 3026 4808 Cf.
3055 4752 3124 4806 de
3143 4754 3241 4806 Au-

618 4822 728 4875 fert
754 4822 952 4875 Petrus
993 4822 1061 4874 dc
1090 4820 1233 4873 Alva
1275 4821 1335 4872 in
1377 4823 1492 4873 suis
1520 4822 1904 4876 monumentis
1959 4821 2097 4875 reoli
2150 4821 2409 4876 doctrina
2459 4821 2700 4876 Werner
2749 4822 2850 4875 der
2899 4825 2955 4878 h.
3009 4824 3241 4879 'Pbomas

616 4894 842 4962 seraph.
871 4894 1095 4946 immac.
1124 4895 1379 4960 concept.
1410 4909 1536 4961 pag.
1567 4899 1650 4948 79.

1963 4897 2002 4948 t.
2029 4894 2124 4946 ΙΙΙ.
2152 4894 2378 4961 passim,
2408 4894 2740 4962 praesertim
2768 4911 2825 4963 p.
2853 4899 3157 4953 lew-244.
