3475 5364
347 377 471 430 777
1215 358 1588 429 paedagogia.
1613 362 1780 416 Joan.
1809 360 2108 416 Dominici.
2843 381 2964 435 773

343 553 508 606 tores
523 545 568 607 s)
605 547 873 622 ipsisque
920 545 1206 605 tribuerit
1250 546 1453 616 libros,
1487 565 1635 620 quos
1691 546 1910 606 Joanni
1941 566 2152 624 graves
2186 547 2418 623 peperit
2463 549 2767 607 molest-ias
2799 553 2978 624 atque

345 655 656 712 nunquam
692 635 1052 710 scripserint,
1086 641 1159 694 ut
1187 635 1323 694 inde
1356 654 1464 694 sua
1494 653 1633 694 con·
1691 636 2031 695 calumnias.
2051 636 2332 695 Fideliter
2345 640 2542 696 tamen
2559 638 2837 714 Gregorio
2852 639 2978 697 XII.

351 727 627 785 firmaret.
652 792 658 798 ¹
679 758 768 770 --
831 725 1177 783 Clemens
1241 724 1501 784 Sancii
1562 724 1633 784 de
1692 724 1977 791 adhaesit,
2026 726 2205 784 etiam
2252 729 2570 802 postquam
2621 727 2684 785 in
2734 728 2979 787 concilio

350 815 576 874 Vercial
625 814 1071 873 archidiaconus
1123 814 1194 872 de
1247 814 1524 873 Valderas
1572 815 1634 873 in
1690 815 1901 889 pisano
1964 815 2315 874 auctoritate
2359 815 2663 890 pontificia
2707 817 2978 891 privatus

349 903 680 981 legionensi
771 903 1018 962 ecclesia
1093 898 1317 985 (1423)
1398 904 1637 979 scripsit
1691 903 2111 972 declararetur,
2145 904 2468 979 pluresque
2489 923 2697 981 graves
2731 905 2978 983 legatio-

347 993 785 1052 Sacramentaze
861 1009 1025 1068 opus,
1101 991 1261 1067 quod
1339 993 1635 1052 Henricus
1690 1010 1796 1051 nes
1829 993 1894 1052 in
1925 996 2180 1052 remotas
2210 993 2481 1070 regiones
2501 1012 2608 1069 pro
2640 996 2770 1071 ejus
2802 1014 2982 1055 causa

352 1081 752 1159 portugalliae
801 1079 1024 1150 Infans,
1089 1084 1465 1157 postmodum
1513 1100 1632 1151 rex,
1690 1081 1857 1150 obiit,
1893 1100 2066 1158 saepe
2096 1084 2277 1140 etiam
2310 1083 2542 1159 plebejo
2587 1084 2978 1161 transfigura—

348 1173 410 1230 in
473 1171 799 1230 lusitanum
854 1188 1182 1230 sermonem
1264 1189 1632 1239 conversum,
1691 1174 1793 1229 tus
1826 1172 2067 1241 amictu,
2114 1190 2189 1229 ne
2236 1172 2310 1229 ab
2341 1171 2612 1230 hostibus
2662 1173 2726 1229 in
2757 1174 2854 1231 via
2886 1174 2978 1233 in-

352 1267 424 1319 ut
455 1261 582 1319 loco
615 1259 953 1319 catechismi
993 1262 1151 1318 esset
1190 1258 1485 1329 fidelibus,
1539 1259 1633 1319 edi
1689 1260 2101 1336 terciperetur.
2148 1259 2308 1319 Licet
2339 1265 2539 1319 autem
2573 1261 2853 1337 Gregorio
2887 1267 2978 1322 to—

348 1350 588 1408 curavit
620 1351 938 1408 Braccarae
981 1357 1161 1411 1539.

443 1538 584 1589 391.
603 1529 1050 1603 Depaedayoyia
1067 1528 1290 1586 meruit
1308 1527 1541 1586 Joann
1562 1546 1633 1586 es

349 1619 399 1674 D
419 1635 451 1675 o
470 1617 736 1676 minici
770 1617 833 1675 Ο.
871 1615 1070 1675 Praed.
1092 1616 1423 1676 Florentiae
1455 1621 1633 1676 natus

345 1726 400 1765 a.
450 1716 605 1768 1:357
645 1706 895 1782 plebejis
929 1704 1171 1779 quidem
1192 1707 1540 1780 parentibus
1574 1710 1637 1764 et.

351 1796 577 1853 victum
611 1795 724 1853 sibi
758 1797 884 1854 arte
917 1795 1358 1869 quaerentibus,
1394 1796 1497 1853 sed
1529 1795 1633 1854 ho-

349 1885 537 1943 nestis
570 1887 630 1942 et
662 1885 794 1959 piis,
844 1884 948 1960 qui
997 1884 1169 1942 illum
1203 1885 1428 1959 optime
1460 1885 1634 1943 insti-

349 1976 616 2033 tuerunt.
680 1976 884 2032 Annos
946 1975 1122 2032 natus
1196 1980 1270 2036 18
1322 1974 1633 2032 literarum

347 2062 618 2136 quamvis
677 2062 849 2121 rudis
912 2061 1182 2120 habitum
1244 2081 1286 2120 s.
1344 2062 1633 2121 Dominici

350 2151 523 2227 petiit
572 2156 632 2210 et
682 2151 960 2226 pluribus
1012 2151 1509 2210 dissentientibus
1541 2170 1632 2209 re·

349 2244 556 2316 ceptus
601 2244 693 2300 est
740 2250 923 2302 1374.
988 2240 1219 2300 Morum
1269 2240 1631 2314 integritate,

350 2331 623 2404 vitaeque
657 2328 856 2389 studio
891 2329 1180 2406 regularis
1227 2330 1400 2404 plane
1446 2330 1634 2388 excel-

347 2419 480 2486 luit,
514 2421 694 2494 atque
726 2419 790 2476 in
823 2419 1015 2477 literis
1046 2419 1313 2496 insignes
1335 2418 1478 2477 fecit
1497 2437 1634 2493 pro—

349 2526 588 2584 gressus
603 2507 794 2566 somni
810 2511 1047 2582 tempus
1059 2507 1280 2584 vigiliis
1297 2508 1634 2584 occupando

348 2597 532 2655 nullis
547 2615 696 2655 usus
713 2597 1034 2673 magistris.
1056 2597 1388 2656 Ministerio
1406 2596 1568 2656 verbi
1585 2616 1632 2654 a.

1689 1352 1791 1408 tus
1838 1353 1997 1408 esset
2046 1348 2334 1419 addictus,
2388 1368 2524 1408 eum
2574 1369 2813 1410 monere
2857 1370 2978 1411 non

1691 1439 1979 1508 cessabat,
2014 1442 2083 1497 ut
2115 1438 2270 1498 bono
2317 1439 2471 1513 pacis
2517 1439 2869 1513 pontificatu
2917 1459 2978 1499 se

1690 1527 2025 1588 abdicaret:
2088 1527 2248 1602 quo‘d
2298 1533 2358 1586 et
2404 1527 2643 1586 tandem
2695 1528 2977 1592 obtinuit.

1691 1617 1846 1675 Hinc
1879 1617 2106 1676 indicta
2137 1616 2364 1692 synodo
2385 1617 2817 1677 constantiensi
2837 1619 2977 1677 Gre—

1690 1707 1895 1783 gorius
1919 1725 2055 1764 eum
2071 1710 2132 1763 et
2147 1706 2187 1764 J
2189 1724 2435 1766 oannem
2456 1707 2559 1765 GP.
2582 1706 2977 1781 patriarcham

1692 1796 1920 1872 legatos
1966 1796 2133 1855 misit
2179 1814 2313 1855 cum
2360 1796 2535 1870 plena
2584 1798 2880 1871 potestate
2911 1816 2978 1855 ea

1691 1885 1891 1944 omnia
1921 1884 2155 1962 agendi,
2208 1903 2360 1959 quae
2410 1884 2485 1942 ad
2515 1884 2806 1943 Ecclesiae
2839 1903 2976 1944 con-

1692 1972 1950 2032 cordiam
1985 1973 2459 2048 consequendam
2480 1973 2809 2032 necessaria
2827 1975 2977 2050 ipsis

1691 2062 2054 2121 viderentur.
2090 2063 2507 2139 Resignatione
2540 2062 2809 2139 Gregorii
2840 2082 2978 2122 con-

1691 2152 1829 2211 cilio
1862 2152 2236 2212 manifestata
2285 2153 2347 2209 et
2397 2152 2527 2226 ipse
2571 2151 2870 2211 abdicavit
2915 2170 2977 2211 se

1691 2239 2080 2308 cardinalatu,
2114 2260 2292 2315 quam
2312 2243 2515 2299 tamen
2544 2240 2977 2300 abdicationem

1691 2329 2010 2388 concilium
2043 2347 2165 2389 non
2198 2330 2540 2405 acceptavit.
2592 2329 2791 2389 Electo
2823 2332 2975 2389 Mar-

1691 2419 1819 2478 tino
1856 2418 1916 2476 V.
1954 2421 2014 2476 et
2048 2419 2187 2477 huic
2219 2422 2499 2492 acceptus
2532 2418 2665 2487 fuit,
2701 2420 2804 2493 qui
2838 2438 2976 2478 eum

1690 2508 1956 2584 legatum
1987 2507 2154 2565 misit
2185 2508 2251 2565 in
2282 2507 2617 2567 Bohemiam
2650 2510 2710 2566 et
2726 2508 2975 2585 Hunga—

1690 2596 1842 2656 riam
1918 2597 2202 2655 adversus
2263 2596 2616 2656 Husitarum
2673 2597 2974 2656 haeresim.

351 2697 430 2749 25
467 2690 709 2745 functus
742 2691 834 2745 est
866 2688 928 2744 in
961 2687 1291 2762 praecipuis
1312 2688 1521 2746 Italiae
1552 2687 1631 2745 ci·
1689 2687 2020 2745 Laboribus
2067 2687 2370 2746 confectus
2413 2686 2666 2745 decessit
2679 2681 2725 2767 1)
2774 2687 2976 2746 Budae

348 2775 654 2843 vitatibus,
677 2775 942 2835 Venetiis
963 2776 1328 2851 praesertim,
1362 2794 1467 2852 per
1486 2796 1634 2852 qua-

344 2864 743 2941 dragesimam
778 2883 948 2940 saepe
981 2864 1246 2939 quotidie
1276 2865 1372 2923 bis
1405 2866 1632 2925 concio·

1700 2788 1793 2839 lo.
1827 2775 1967 2834 Jun.
2013 2786 2175 2838 1419
2223 2776 2288 2833 in
2332 2775 2509 2835 odore
2558 2776 2911 2843 sanctitatis,
2944 2796 2978 2834 a

1691 2865 1992 2925 sodalibus
2055 2883 2288 2939 semper
2336 2868 2407 2923 ut
2457 2865 2666 2924 beatus
2716 2865 2975 2934 habituS,

350 2973 482 3012 nem
530 2953 767 3012 habens.
834 2953 1138 3023 Quondam
1189 2955 1522 3014 Florentiae
1570 2955 1632 3013 in
1689 2974 1866 3031 quem
1918 2954 2146 3013 cultum
2198 2954 2519 3031 Gregorius
2569 2953 2718 3012 XVI.
2779 2957 2974 3013 ratum

350 3044 597 3101 ecclesia
629 3043 950 3101 cathedrali
982 3061 1184 3102 omnes
1207 3044 1443 3120 regulas
1455 3044 1631 3120 juria,

352 3151 505 3208 quae
536 3132 834 3191 habentur
867 3133 928 3189 in
961 3132 998 3189 l.
1036 3142 1089 3193 6.
1125 3132 1507 3191 decretalium
1543 3133 1633 3192 bis

1693 3043 1903 3103 habuit
1939 3055 1993 3104 9.
2032 3044 2170 3118 Apr.
2215 3052 2400 3105 1832.
2434 3044 2705 3102 Plurima
2733 3043 2979 3117 reliquit

1691 3134 1913 3208 scripta
1946 3131 2261 3190 cardinalis
2311 3133 2646 3208 ragusinus,
2692 3133 2775 3190 ita
2820 3133 2973 3191 enim

349 3240 454 3297 per
485 3221 642 3279 diem
668 3220 1061 3297 praedicando
1094 3239 1306 3298 magno
1339 3240 1634 3280 concursu
1689 3221 1973 3297 appellari
2004 3221 2249 3287 solebat,
2282 3221 2443 3279 edita
2474 3225 2536 3278 et
2555 3222 2795 3290 inedita,
2828 3240 2976 3296 quo-

348 3310 719 3369 audientium
736 3310 1024 3385 exposuit.
1045 3345 1127 3353 —
1147 3312 1438 3369 Defuncto
1456 3309 1632 3370 Inno-

351 3400 542 3457 centio
576 3398 701 3457 vn.
754 3400 972 3458 missus
1006 3403 1098 3457 est
1130 3420 1162 3457 a
1191 3399 1500 3475 republica
1531 3400 1634 3459 flo-

351 3488 602 3556 rentina,
635 3507 816 3565 penes
850 3507 1030 3563 quam
1052 3506 1267 3565 magna
1286 3489 1480 3547 valuit
1497 3506 1633 3547 auc-

347 3578 610 3646 toritate,
645 3576 718 3635 ad
752 3577 1077 3636 cardinales
1111 3578 1173 3635 in
1205 3578 1464 3637 conclavi
1499 3596 1633 3637 eon-

350 3672 644 3743 gregatOS,
679 3671 748 3724 ut
781 3685 880 3726 eos
913 3668 985 3724 ad
1007 3685 1210 3742 pacem
1230 3666 1526 3725 Ecclesiae
1540 3686 1634 3725 re—

352 3754 713 3814 stituendam
749 3756 1101 3828 hortaretur.
1154 3756 1474 3832 Gregorius
1509 3755 1632 3814 XII.

349 3863 486 3902 vero
501 3848 638 3920 post
654 3863 822 3903 suam
839 3846 903 3903 in
918 3844 1252 3919 pontificem
1269 3845 1631 3915 electionem,

348 3951 485 3991 cum
516 3952 652 3992 eum
685 3933 832 3992 bene
875 3937 1095 4002 nosset,
1128 3953 1262 3993 eum
1310 3952 1509 3993 secum
1543 3953 1634 3992 re·

348 4022 554 4091 tinuit,
572 4025 714 4082 etut
724 4024 773 4097 ej
784 4042 854 4081 us
866 4022 1110 4083 consilio
1129 4024 1484 4082 auctoritate
1502 4028 1633 4083 ute·

1697 3330 1828 3371 rum
1860 3310 1987 3378 illa,
2020 3328 2171 3383 quae
2205 3310 2410 3386 lingua
2442 3311 2633 3385 patria
2663 3315 2808 3369 sunt
2838 3329 2976 3368 con—

1693 3400 1935 3474 scripta,
2000 3418 2034 3457 a
2085 3399 2210 3456 stili
2260 3399 2524 3474 puritate
2574 3402 2633 3456 et
2681 3399 2977 3475 elegantia

1694 3488 1946 3546 maxime
1979 3487 2484 3546 commendantur.
2535 3487 2770 3547 Potiora
2801 3492 2974 3546 sunt:

1694 3577 2129 3635 Commentaria
2180 3594 2284 3634 seu
2336 3577 2620 3634 lectiones
2669 3577 2732 3634 in
2783 3576 2979 3634 Eccle-

1769 3786 1804 3853 ι)
1834 3782 1916 3835 cf.
1960 3780 2120 3835 Card.
2163 3784 2249 3835 J0.
2290 3779 2573 3835 Dominici
2614 3782 2675 3835 O.
2730 3781 2815 3836 Pr.
2872 3781 2975 3834 Ein

1692 3851 2244 3907 Reformatorenbild
2271 3868 2375 3907 aus
2401 3852 2501 3906 der
2516 3852 2636 3906 Zeit
2648 3852 2746 3906 des
2767 3856 2975 3923 grollen

1692 3925 1963 3980 Schisma.
2030 3923 2305 3993 Freiburg
2358 3929 2495 3980 1893
2545 3926 2777 3979 auctore
2828 3926 2918 3977 Au
2965 3967 2975 3978 .

1691 3996 1916 4051 Rossler
1946 3996 2003 4050 C.
2023 3994 2114 4049 SS.
2133 3995 2227 4053 R.;
2256 3995 2708 4065 Hergenroether
2723 3994 2835 4049 KL.
2863 3995 2903 4048 V

1690 4072 1860 4129 1653:
1912 4081 2051 4122 acm
2079 4067 2171 4121 SS.
2197 4067 2271 4120 ad
2299 4073 2383 4124 10.
2408 4068 2541 4121 Jun.
2572 4068 2637 4127 ll,
2664 4070 2976 4125 349—418:

350 4115 533 4183 retur,
569 4131 823 4187 eumque
855 4111 1010 4170 dixit
1040 4132 1087 4170 ³·
1120 4123 1280 4176 1407
1318 4112 1632 4189 archiepis·
1688 4141 1851 4194 Joan.
1881 4138 2068 4194 Caroli
2134 4160 2158 4192 ⁷.
2182 4139 2377 4194 Praed.
2400 4138 2518 4192 vita
2538 4139 2591 4194 b.
2611 4139 2696 4193 J0.
2718 4138 2783 4193 D.
2803 4139 2864 4191 in
2886 4156 2976 4208 op.

350 4219 563 4275 copum
595 4202 964 4278 ragusinum,
1011 4205 1071 4259 et
1103 4222 1150 4259 a.
1186 4203 1461 4277 sequenti
1508 4221 1634 4262 car·

348 4289 624 4347 dinalem.
672 4290 818 4348 Cum
848 4290 1113 4366 pontifex
1146 4291 1209 4348 in
1240 4309 1347 4349 sua
1370 4293 1638 4367 jurasset

349 4377 649 4445 electione,
672 4397 732 4437 se
753 4380 910 4437 nolle
932 4379 1004 4437 ad
1024 4379 1256 4437 facilius
1285 4398 1636 4455 componen-

348 4467 491 4526 dum
540 4467 792 4526 schisma
840 4487 1022 4528 novos
1057 4488 1252 4527 creare
1287 4468 1632 4539 cardinales,

350 4557 491 4615 haec
522 4560 815 4633 promotio
861 4562 924 4615 et
964 4558 1277 4635 dignitatis
1310 4558 1635 4634 acceptatio

432 4786 464 4862 ¹)
494 4781 766 4836 Biblioth.
782 4784 892 4835 vet.
909 4782 1057 4864 hisp.
1074 4783 1110 4837 l.
1128 4783 1220 4837 IX.
1242 4799 1287 4835 c.
1306 4787 1336 4837 7
1355 4800 1410 4835 n.
1427 4787 1531 4839 369
1548 4798 1633 4847 se„

351 4854 453 4907 ubi
478 4853 717 4923 longum
746 4853 1024 4921 ejusmodi
1054 4853 1113 4908 ll.
1141 4858 1197 4907 et
1223 4856 1522 4907 auctorum
1550 4870 1636 4907 ca-

352 4922 608 4994 talogum
638 4923 794 4978 texit.

1692 4211 1939 4265 Leandri
1985 4210 2207 4266 Alberti
2253 4210 2374 4263 Viri
2418 4210 2479 4264 ll.
2526 4212 2587 4264 Ο.
2630 4210 2826 4265 Praed.
2874 4212 2978 4263 sub

1690 4288 1909 4339 &1517
1956 4300 2010 4352 p.
2051 4288 2137 4347 70,
2182 4282 2504 4337 accuratius
2549 4284 2607 4335 et
2648 4282 2873 4351 integra
2919 4282 2979 4334 in

1691 4354 1853 4408 Actis
1893 4354 1985 4408 SS.
2022 4359 2105 4410 10.
2146 4354 2278 4407 Jun.
2320 4355 2387 4418 11,
2439 4356 2738 4409 399-418,
2792 4353 2858 4407 Η.
2912 4354 2978 4407 V.

1693 4425 2008 4479 Sauerland
2024 4426 2084 4478 in
2102 4424 2235 4479 diss.
2264 4434 2398 4494 (non
2413 4429 2616 4493 aequa)
2633 4423 2692 4477 in
2710 4423 2978 4478 Zeitachr.

1691 4498 1731 4550 f.
1760 4496 2018 4552 KGesch.
2048 4497 2121 4549 IX
2150 4500 2349 4565 (1887),
2369 4500 2682 4554 240--12922
2709 4495 2759 4548 X
2780 4500 2978 4558 (1888),

1691 4572 1975 4625 345—399
2004 4568 2175 4622 Kard.
2214 4568 2299 4621 J0.
2341 4566 2407 4621 D.
2454 4566 2571 4621 und
2599 4584 2641 4620 s.
2675 4566 2978 4621 Verhalten

1691 4657 1762 4692 zu
1789 4640 1899 4692 den
1928 4639 2134 4693 kirchl.
2163 4638 2802 4708 Unionsbestrebungen
2831 4638 2979 4691 wah-

1692 4711 1832 4763 rend
1862 4710 1963 4764 der
1986 4712 2034 4765 J.
2065 4714 2446 4769 1406—14152
2476 4709 2789 4763 Mandonet
2813 4711 2875 4763 O.
2896 4708 2980 4762 Pr.

1691 4781 1957 4862 Beitrltge
2001 4799 2101 4835 zur
2129 4782 2325 4834 Gesch.
2369 4781 2467 4836 des
2492 4780 2664 4834 Kard.
2693 4780 2979 4835 Giovanni

1691 4852 1975 4908 Dominici
2018 4853 2149 4907 hist.
2191 4852 2386 4907 Jahrb.
2415 4852 2541 4906 XXI
2578 4854 2777 4921 (1900),
2803 4854 2975 4905 388-
