3475 5364
305 387 325 437 1
346 384 467 439 349
821 366 1020 433 Lasko,
1048 366 1259 431 Carith,
1284 366 1488 433 Mor-in,
1515 365 1890 431 Zaborowski‚
1919 365 2238 434 Staupitius
2266 370 2370 420 etc.
2741 354 2904 436 135'0

291 552 675 611 cancellarius
706 554 766 609 et
797 573 845 610 a.
889 561 1052 615 1510
1106 552 1329 611 electus
1384 555 1477 611 est
1512 552 1573 610 in
1631 552 1691 610 in
1710 571 1828 628 quo
1845 552 1983 611 stilo
1999 552 2259 629 eleganti
2275 571 2344 609 ex
2359 550 2556 610 verbis
2580 552 2905 627 &Scriptu-

290 642 800 717 archiepiscopum
831 660 1174 717 gnesensem
1207 644 1269 698 et
1299 642 1574 700 Poloniae
1630 660 1730 699 rae
1764 644 1825 699 et
1857 659 1931 699 ss.
1966 644 2203 717 patrum
2237 641 2360 717 agit
2389 641 2464 705 ,de
2496 641 2907 717 eleemosynae

295 731 627 807 primatem.
706 730 989 789 Interfuit
1050 730 1298 789 concilio
1359 731 1572 789 latera-

293 821 467 879 nensi
501 820 564 879 V.
598 822 776 895 atque
809 818 1142 878 vehementi
1172 819 1436 879 oratione
1468 840 1570 878 au-

297 909 503 969 xilium
532 909 874 985 imploravit
905 927 1010 984 pro
1044 908 1281 967 Polonis
1314 911 1372 966 et
1404 909 1573 967 Hun-

297 1000 455 1076 garis
490 998 773 1057 adversus
819 998 1036 1056 Turcas
1082 998 1401 1072 perniciem
1453 998 1570 1074 spi-

296 1087 586 1146 rantibus,
651 1088 720 1144 In
750 1105 817 1145 eo
849 1086 1025 1145 etiam
1059 1087 1404 1146 relationem
1435 1106 1572 1162 pro-

297 1177 500 1253 posuit
529 1177 598 1234 de
628 1177 924 1234 erroribus
947 1175 1322 1234 Moschorum.
1354 1176 1571 1235 Admo—

295 1266 442 1323 dum
476 1265 769 1323 sollicitus
820 1268 949 1322 erat
993 1264 1065 1322 de
1096 1265 1482 1323 restauranda
1513 1265 1573 1322 in

296 1373 407 1435 sua
438 1353 689 1413 dioecesi
723 1357 784 1412 et
807 1373 912 1428 per
932 1354 1233 1412 Poloniam
1265 1353 1576 1429 disciplina

292 1442 1573 1520 ecclesiastica,hincplurimassynodospro-

296 1532 577 1591 vinciales
589 1532 1220 1607 celebravitediditque
1232 1533 1574 1592 Sanctiones

297 1622 848 1680 ecclesiasticastam
866 1639 934 1680 ex
955 1621 1301 1696 pontificum
1324 1621 1575 1679 decretis

296 1730 475 1785 quam
521 1729 590 1768 ex
635 1710 1164 1769 constitutionibus
1213 1709 1575 1785 synodorum

301 1799 634 1875 provinciae
671 1802 988 1874 excerptas,
1039 1799 1102 1858 in
1133 1799 1339 1876 primis
1372 1804 1575 1858 autem

300 1895 521 1946 statuta
553 1888 618 1946 in
633 1888 881 1946 diversis
911 1887 1375 1963 provincialibus
1397 1907 1574 1964 syno-

294 1978 391 2036 dis
414 1998 447 2035 a
467 1996 527 2045 se
550 1977 791 2047 sancita,
815 1977 1120 2035 cracoviae
1150 1987 1331 2040 1525.
1367 1978 1574 2043 Plures

296 2085 329 2124 e
348 2068 518 2136 clero,
537 2066 639 2141 qui
652 2066 725 2123 ad
741 2065 1193 2141 Lutheripartes
1215 2066 1572 2135 defecerunt,

298 2156 374 2213 ad
407 2159 626 2213 rectam
671 2156 971 2214 revocavit
1015 2155 1301 2218 semitam.
1364 2157 1576 2232 Magna

1631 731 1910 800 utilitate,
1942 730 2293 788 necessitate
2337 733 2398 788 et
2443 728 2647 801 modis,
2695 730 2768 787 de
2814 748 2906 788 se-

1630 819 1892 895 pulturis
1939 819 2353 878 defunctorum
2404 823 2466 877 et
2514 819 2905 895 eleemosynis

1630 928 1735 983 fro
1768 909 1888 966 illis
1920 908 2230 986 erogandis
2262 912 2388 977 etc.,
2423 907 2700 985 Lugduni
2740 916 2903 971 1532

1630 998 1694 1055 111
1729 1006 1783 1059 8.
1816 1029 1902 1041 --
1936 996 2742 1058 StanislaoZaborowski
2772 1016 2907 1073 pro·

1628 1086 1848 1146 sessore
1867 1086 2242 1155 cracoviensi,
2277 1085 2552 1144 canonico
2583 1085 2906 1145 sandomir-

1630 1176 1791 1234 censi·
1824 1172 1885 1256 (†
1915 1194 1961 1233 c.
2002 1172 2216 1256 1530),
2253 1175 2356 1249 qui
2377 1175 2664 1232 disseruit
2683 1174 2755 1233 de
2776 1193 2903 1233 coe·

1632 1264 1824 1323 libatu
1855 1264 2176 1323 christiano
2227 1268 2287 1321 et
2334 1265 2686 1339 praesertim
2718 1282 2906 1322 sacer-

1630 1354 1837 1411 dotum
1888 1372 1952 1411 ac
1996 1353 2297 1430 virginum
2332 1398 2344 1409 .
2379 1398 2390 1409 .
2426 1397 2437 1409 .
2485 1356 2546 1410 et
2593 1352 2664 1410 de
2697 1353 2906 1411 multis

1633 1443 1770 1501 aliis
1832 1444 1986 1501 scitu
2048 1443 2265 1520 dignis,
2329 1442 2634 1500 Cracoviae
2705 1451 2903 1511 1528;

1638 1541 1802 1595 1529
1839 1565 1920 1575 -
1955 1532 2285 1591 Martino
2319 1531 2390 1588 de
2423 1530 2906 1607 Carthagena

1632 1618 2015 1702 (Castafiega)
2052 1621 2114 1679 Ο.
2148 1621 2287 1679 Μ111.
2321 1638 2440 1696 reg.
2463 1620 2619 1690 obs„
2653 1620 2758 1694 qui
2775 1639 2903 1679 ver-

1630 1711 1844 1769 nacule
1876 1709 2116 1786 scripsit
2146 1711 2215 1768 de
2239 1709 2752 1783 superstitionibus,
2785 1708 2905 1767 Lu-

1630 1799 1817 1857 cronii
1869 1808 2034 1862 1529
2081 1801 2146 1856 in
2194 1808 2228 1859 4
2278 1832 2364 1842 —-
2410 1798 2705 1857 Joanne
2735 1798 2904 1857 Leo-

1634 1888 1891 1963 polita
1939 1907 2060 1947 can.
2093 1906 2138 1945 r.
2172 1906 2215 1946 s.
2250 1889 2400 1964 Aug.
2452 1888 2514 1944 in
2564 1888 2811 1946 canonia
2860 1904 2903 1945 s.

1631 1977 1891 2036 Floriani
1905 1973 1973 2058 ¹),
1986 1977 2209 2054 insigni
2221 1978 2627 2035 concionatore
2639 1971 2700 2056 (†
2715 1987 2732 2038 1
2752 1986 2783 2039 5
2796 1985 2828 2038 3
2840 1971 2903 2055 2)

1631 2070 1691 2124 et
1707 2067 2033 2141 professore
2046 2067 2110 2125 in
2123 2065 2511 2124 universitate
2527 2064 2903 2135 cracoviensi,

1631 2156 1803 2230 cujus
1865 2156 2005 2213 dissi.
2056 2154 2373 2231 posthuma
2420 2156 2490 2212 de
2538 2156 2905 2212 matrimonio

300 2248 445 2302 sunt
475 2246 603 2318 ejus
635 2243 708 2301 de
740 2244 996 2302 Ecclesia
1016 2244 1079 2301 in
1100 2263 1284 2321 regno
1303 2244 1574 2319 polonico
1629 2263 1824 2318 neque
1855 2245 2020 2303 licito
2051 2263 2241 2318 neque
2287 2242 2479 2302 valido
2524 2243 2679 2302 inter
2722 2243 2904 2301 chris·

301 2333 511 2391 merita
546 2330 608 2413 (†
649 2342 741 2394 19.
774 2333 905 2407 Maj.
950 2329 1157 2413 1531).
1210 2332 1302 2390 Ab
1334 2333 1574 2391 Erasmo
1629 2333 1824 2391 tianos
1854 2337 1915 2392 et
1947 2333 2292 2403 haereticos,
2337 2332 2558 2408 prodiit
2601 2333 2907 2391 Cracoviae

296 2424 601 2480 salutatur
633 2462 659 2490 ,
677 2422 913 2496 pietatis
933 2422 1196 2489 antistes,
1220 2421 1574 2480 eruditionis

298 2511 553 2569 eximius
612 2513 918 2585 patronus,
996 2511 1186 2569 omnis
1253 2511 1576 2586 pudicitiae

295 2600 596 2675 exemplar
627 2600 1098 2675 incomparabile,
1133 2599 1443 2676 episcopus
1470 2619 1574 2675 pa-

296 2691 385 2749 cis
419 2695 480 2748 et
524 2690 983 2765 tranquillitatis
1029 2690 1299 2764 publicae
1345 2690 1574 2748 studio-

302 2780 573 2838 sissimus
587 2775 798 2859 1)“.--
818 2779 1037 2837 Martin
1056 2779 1096 2837 C
1116 2780 1320 2838 arith
1352 2780 1574 2855 episco-

298 2886 414 2945 pus
447 2868 800 2927 caminensis
850 2864 1342 2949 (1499—1521)
1390 2868 1579 2927 edidit

296 2964 516 3016 statuta
575 2957 901 3033 synodalia,
979 2976 1133 3032 quae
1208 2957 1446 3016 exhibet
1504 2957 1576 3016 H.

302 3047 517 3105 Mtiller
565 3046 735 3105 Arch.
800 3046 838 3103 f.
888 3046 1048 3104 kath.
1099 3046 1267 3107 K.-R.
1311 3045 1577 3105 XXXVII

304 3131 553 3215 (1877),
591 3143 971 3204 225—255;
1010 3145 1316 3198 sss-41⁴.
1368 3137 1452 3193 De
1484 3154 1577 3193 re-

302 3223 655 3282 formatione
733 3223 1075 3297 disciplinae
1152 3223 1580 3282 ecclesiasticae

302 3312 462 3371 haud
492 3331 703 3387 parum
734 3316 859 3370 erat
881 3312 1164 3371 solicitus.
1197 3312 1580 3386 Antiquiores

306 3402 485 3459 libros
518 3401 828 3476 liturgicos
845 3400 1184 3459 emendatos
1205 3400 1460 3459 edidisse
1492 3401 1579 3460 di·

298 3491 464 3548 citur
495 3492 556 3548 et
587 3508 693 3548 suo
740 3490 885 3547 libro
914 3491 1127 3548 diurno
1172 3489 1365 3548 officia
1395 3492 1579 3548 eccle·

306 3579 544 3638 siastica
576 3574 1021 3660 re01·dinavit²³).

491 3713 633 3765 626.
698 3704 1134 3762 Praetermissis
1199 3703 1459 3762 Antonio
1507 3702 1581 3760 de

303 3794 641 3852 Crevent
675 3791 830 3851 OSB.
878 3792 1091 3851 abbate
1137 3793 1208 3852 de
1254 3793 1437 3852 Bosco
1480 3792 1581 3849 Al·

309 3881 490 3941 betici
541 3877 620 3962 (fl.
667 3876 877 3962 1524),
940 3882 1012 3941 (10
1061 3902 1180 3958 quo
1229 3883 1297 3940 cf.
1347 3902 1401 3957 p.
1458 3891 1579 3944 248

308 3971 602 4047 Orpheo
649 3971 1119 4029 Cancellieri
1166 3971 1228 4029 Ο.
1277 3971 1415 4031 Μ111.
1450 3970 1582 4028 Obs.

312 4060 687 4129 Bononiensi,
722 4060 825 4135 qui
847 4060 1135 4118 disseruit
1153 4061 1221 4117 de
1240 4061 1437 4117 habitu
1455 4079 1580 4117 mu-

300 4149 531 4218 lierum,
578 4149 877 4207 Bononiae
933 4158 1095 4210 1528
1146 4183 1233 4190 —
1263 4148 1584 4207 Nicolao

312 4237 366 4295 M
385 4257 417 4294 o
435 4257 465 4294 r
480 4237 498 4294 i
514 4256 553 4295 n
587 4237 649 4294 O.
673 4238 873 4296 Praed.
895 4237 1249 4312 inquisitore
1261 4236 1584 4296 haereticae

311 4326 621 4401 pravitatis
640 4326 937 4402 Lugduni,
969 4328 1139 4402 cujus
1169 4331 1261 4384 est
1290 4330 1363 4384 tr.
1396 4327 1586 4384 catho-

314 4416 456 4473 lic-ae
487 4416 827 4474 eruditionis
858 4415 931 4473 ad
964 4416 1375 4474 testimonium
1408 4418 1467 4473 et-
1498 4417 1582 4473 le-

312 4523 447 4580 gem
479 4521 783 4562 recurrens
830 4504 1263 4580 confutansque
1315 4501 1585 4562 libellum

313 4592 710 4670 perniciosum
724 4593 1009 4674 velamine
1023 4594 1427 4670 eleemosynae
1437 4613 1585 4668 pau·

1640 2431 1837 2486 1572:
1900 2422 2018 2481 duo
2079 2423 2270 2480 adhuc
2318 2420 2556 2497 speciali
2605 2422 2905 2480 mentione

1632 2514 1778 2570 sunt
1809 2510 1993 2588 digni,
2026 2530 2280 2585 quorum
2310 2511 2538 2586 primus
2572 2511 2715 2569 est-J
2737 2528 2903 2568 oan-

1631 2618 1765 2660 nes
1830 2600 2287 2675 Staupitius
2351 2594 2449 2681 (de
2501 2597 2792 2680 Staupitz)
2841 2599 2904 2657 Ο.

1633 2690 1686 2748 S.
1765 2691 1919 2767 Aug.
2009 2691 2186 2760 Saxo,
2279 2688 2644 2760 Misniensis,
2731 2708 2907 2764 quem

1631 2797 1752 2838 non
1795 2779 2082 2849 doctrina,
2130 2779 2231 2837 sed
2279 2779 2410 2853 ejus
2460 2778 2533 2836 ad
2583 2778 2909 2837 Lutherum

1633 2869 1843 2927 relatio
1937 2869 2228 2928 famosum
2304 2867 2578 2926 reddidit.
2673 2868 2907 2926 Artium

1635 2959 1912 3036 magister
1954 2961 2015 3017 et
2061 2957 2396 3034 theologiae
2443 2957 2628 3016 lector
2679 2951 2907 3038 (1497)

1635 3047 1825 3106 factus
1859 3051 1950 3106 est
1981 3048 2143 3122 prior
2175 3040 2403 3128 (1498)
2453 3047 2780 3105 conventus
2812 3049 2911 3104 tu-

1634 3136 1912 3213 bingani;
1964 3132 2195 3217 (postea
2263 3131 2589 3216 1503—9)
2652 3135 2910 3194 vicarius

1635 3226 1925 3300 generalis
1969 3230 2030 3283 et
2061 3245 2113 3284 a.
2156 3234 2313 3287 1511
2371 3224 2742 3299 praepositus
2776 3243 2911 3299 pro·

1637 3314 1862 3372 vinciae
1910 3313 2562 3390 thuringo-saxonicae3
2626 3316 2687 3371 et
2745 3324 2905 3377 1515

1636 3403 1857 3462 iterum
1906 3402 2160 3460 vicarius
2206 3401 2500 3478 generalis
2553 3402 2910 3460 Germaniae.

1637 3491 1884 3550 Interim
1917 3494 2148 3549 creatus
2192 3493 2286 3547 est
2326 3489 2660 3566 theologiae
2692 3489 2910 3548 doctor.

1639 3582 1688 3638 A
1720 3580 2024 3638 Frederico
2056 3580 2159 3637 111.
2194 3578 2475 3639 Saxoniae
2507 3579 2653 3637 duce
2671 3579 2913 3637 Romam

1636 3668 1856 3727 missus
1874 3671 1964 3726 est
1985 3663 2211 3749 (1506)
2232 3666 2305 3724 ad
2322 3667 2756 3741 impetrandam
2775 3685 2915 3726 con-

1639 3757 2028 3817 firmationem
2089 3756 2452 3832 pontificiam
2498 3776 2606 3831 pro
2651 3759 2916 3815 recenter

1638 3850 1835 3906 erecta
1853 3845 2146 3905 academia
2164 3844 2687 3923 wittembergensi,
2717 3846 2778 3903 in
2797 3864 2917 3920 qua

1640 3937 1766 4011 ipse
1798 3934 2132 3993 cathedram
2166 3935 2336 4004 rexit,
2371 3953 2548 4008 quam
2580 3941 2779 3994 tamen
2798 3953 2916 3994 non

1640 4025 1748 4083 diu
1779 4025 1979 4083 tenuit
2008 4023 2268 4100 negotiis
2314 4023 2408 4081 sui
2439 4024 2702 4082 muneris
2734 4024 2916 4082 nimis

1639 4114 1941 4172 distentus
1987 4116 2046 4171 et
2090 4113 2211 4170 fere
2255 4113 2330 4170 ab
2361 4111 2656 4172 academia
2686 4112 2916 4173 absens.

1639 4203 1791 4262 Loco
1836 4202 1927 4260 sui
1972 4201 2299 4260 Lutherum
2348 4201 2607 4260 sodalem
2653 4202 2919 4261 Erfordia

1640 4292 1927 4362 evocavit,
1981 4291 2321 4349 doctoratus
2366 4290 2567 4349 laurea
2610 4291 2921 4368 insignivit

1717 4501 1754 4562 ι)
1786 4495 1950 4549 Alius
2000 4496 2070 4548 ab
2121 4512 2185 4550 eo
2250 4498 2335 4548 est
2383 4494 2711 4550 Joannes
2763 4495 2920 4551 Leo·

1644 4585 1681 4637 p
1700 4584 1731 4620 o
1751 4567 1895 4620 lita
1911 4566 1962 4619 N
1980 4567 1999 4620 i
2016 4584 2044 4619 0
2062 4585 2090 4621 z
2117 4567 2370 4636 ejusdem
2387 4567 2660 4620 canoniae
2682 4571 2728 4634 (†
2743 4571 2921 4640 1572),

1644 4639 1748 4706 qui
1775 4638 1992 4707 primus
2018 4638 2252 4693 vertisse
2273 4637 2485 4691 dicitur
2510 4655 2552 4691 s.
2571 4638 2920 4708 Scripturam

310 4682 556 4756 peribus
584 4681 862 4758 Lugduni
882 4682 1181 4758 impensae
1196 4683 1585 4758 Ρῖθρὼωων
1641 4710 1704 4762 111
1749 4710 2011 4780 linguam
2051 4709 2370 4779 polonicam
2406 4711 2572 4778 juxta
2613 4709 2726 4762 Vul
2806 4712 2919 4762 tam

390 4855 429 4924 ι)
459 4851 540 4907 of.
568 4850 794 4905 Uedink
822 4850 933 4905 KL.
961 4851 1082 4915 vu,
1105 4856 1474 4909 1442—1444.

1646 4779 1947 4836 cracoviae
1979 4785 2145 4839 1561:
2173 4784 2504 4838 1574.1577.
2531 4779 2613 4835 Cf.
2635 4779 2731 4833 Zsc
2776 4780 2923 4835 okke

1646 4852 1740 4906 die
1767 4852 1940 4908 theol.
1969 4851 2210 4906 Studien
2251 4852 2370 4906 und
2399 4851 2699 4906 Anstalten
2743 4852 2843 4905 der
2869 4851 2923 4910 k.

391 4927 431 4994 ¹)
450 4922 532 4977 Cf.
550 4922 619 4977 de
636 4921 833 4976 Bulow
850 4923 999 4994 Allg.
1018 4923 1070 4979 d.
1087 4923 1278 4995 Biogr.
1294 4924 1408 4989 XX,
1425 4928 1532 4981 475
1548 4941 1589 4977 s.
1647 4923 1855 4977 Kirche
1881 4924 1941 4977 in
1969 4924 2274 4979 osterreich
2303 4928 2451 4980 290.-

2500 5015 2604 5070 43⁶
