3475 5364
1391 172 1413 204 Ι

529 352 650 404 795

1303 338 1670 390 1426-1450.
1699 332 2009 403 'l'heologia
2036 332 2375 402 dogmatica.

3017 351 3139 402 796

528 540 667 578 nem
699 520 990 579 Ecclesiae
1037 538 1176 594 prae
1208 519 1394 577 oculis
1428 518 1622 577 habet.
1673 518 1807 576 Jam
1864 517 1991 594 gice
2023 535 2128 592 per
2158 517 2267 575 XII
2299 517 2614 584 veritates;
2661 522 2737 576 tr.
2771 520 2975 577 contra
3006 518 3144 575 hae-

447 628 454 636 ·
527 610 848 685 praecipua
870 605 1015 690 (non
1052 608 1271 682 omnia)
1304 609 1431 683 ejus
1454 609 1676 681 scripta
1716 625 1805 665 se-

528 699 790 757 cundum
825 697 1110 766 ordinem,
1132 716 1252 772 quo
1273 698 1566 755 habentur
1599 697 1661 754 in
1682 696 1807 754 edi-

528 787 692 846 tione
727 786 974 863 Dupinii
1015 785 1468 845 recensebimus.
1531 786 1595 849 T,
1628 787 1670 846 I.
1706 786 1809 843 ha-

527 876 748 934 bentur
806 875 1238 952 propositiones
1288 871 1508 955 (judice
1560 875 1808 950 Cornely

528 961 809 1044 optimae)
843 966 911 1030 de
941 983 1112 1022 sensu
1142 965 1356 1022 literali
1377 964 1718 1039 Scripturas
1750 967 1809 1021 et

530 1054 602 1112 de
636 1054 827 1113 causis
859 1053 1213 1122 errantium3
1268 1057 1341 1110 tr.
1375 1054 1446 1112 de
1469 1053 1810 1128 probatione

527 1145 844 1218 spirituum
875 1143 1065 1217 deque
1097 1142 1433 1201 visionibus
1486 1159 1551 1199 ac
1583 1142 1807 1200 revela-

527 1232 791 1291 tionibus
822 1231 994 1290 novis
1017 1235 1187 1289 caute
1209 1231 1625 1307 dijudicandiS,
1643 1249 1807 1289 occa-

528 1323 694 1379 sione
729 1319 1190 1379 canonizationis
1231 1321 1525 1396 Brigittae
1564 1320 1629 1377 in
1671 1339 1808 1378 con-

530 1410 844 1468 stantiensi
895 1409 1154 1467 Concilio
1206 1404 1306 1489 (de
1339 1410 1527 1467 Hardt
1558 1409 1644 1467 111
1678 1428 1731 1483 p.
1770 1420 1804 1470 3

525 1518 657 1575 pag.
684 1493 1008 1579 28—38);
1041 1501 1115 1555 tr.
1151 1494 1223 1556 de
1253 1499 1615 1557 distinctione
1646 1517 1807 1556 vera-

533 1608 666 1646 rum
701 1589 984 1646 visionum
1016 1607 1053 1645 a
1070 1588 1245 1660 falsis
1255 1609 1281 1662 ;
1312 1607 1400 1663 ep.
1424 1591 1627 1645 contra
1657 1587 1692 1644 l.
1713 1589 1751 1647 J
1758 1605 1807 1645 ο.

531 1676 860 1735 Ruisbrock
892 1672 965 1734 de
996 1685 1208 1734 ornatu
1227 1677 1626 1751 spiritualium
1657 1695 1807 1751 nup-

530 1769 750 1824 tiarum
799 1761 895 1845 (cf.
943 1784 998 1840 p.
1036 1762 1189 1847 717)
1242 1785 1374 1824 cum
1422 1765 1685 1841 ejusdem
1717 1785 1807 1841 ep.

530 1855 899 1923 defensione;
945 1854 1098 1912 duae
1130 1855 1412 1913 lectiones
1445 1873 1623 1930 super
1655 1854 1808 1913 illud

534 1945 744 2002 Marci:
783 1945 1157 2001 Poenitemini
1184 1951 1234 2001 et
1264 1945 1472 2002 credite
1493 1944 1809 2019 Evanyelio

529 2036 731 2091 contra
764 2052 975 2090 vanam
1008 2033 1412 2091 curiositatem
1459 2033 1521 2091 in
1566 2033 1809 2109 negotio

531 2122 697 2186 fidei;
745 2122 813 2179 de
845 2119 1253 2194 reformatione
1285 2121 1593 2199 theoloqiae
1624 2123 1686 2180 in
1717 2140 1807 2196 ep.

532 2211 605 2268 ad
626 2211 867 2268 Petrum
901 2211 954 2266 d’
969 2210 1113 2268 Ailli
1134 2214 1195 2268 et
1225 2211 1290 2269 in
1310 2211 1537 2285 duplici
1558 2211 1811 2287 epistola

531 2301 605 2358 ad
638 2299 948 2359 studentes
982 2300 1215 2376 collegii
1249 2300 1561 2370 Navarrae,
1596 2299 1661 2358 in
1695 2319 1811 2374 qua

529 2390 822 2460 hortatur,
870 2391 941 2446 ut
970 2389 1330 2464 posthabitis
1374 2388 1808 2448 recentioribus

530 2479 900 2553 antiquiores
962 2478 1166 2554 legant
1240 2476 1418 2554 (Guil.
1481 2479 1806 2546 Avernum,

531 2569 1026 2636 Bonaventuram‚
1063 2567 1435 2627 Durandum.
1483 2567 1808 2626 Henricum

532 2656 1000 2725 Gandavensem,
1053 2674 1094 2713 s.
1143 2652 1481 2736 Thomam):
1533 2661 1594 2714 et
1643 2655 1812 2715 docet

532 2745 676 2821 quid
710 2749 771 2803 et
802 2745 1056 2820 qualiter
1088 2746 1328 2804 studere
1374 2745 1590 2804 debeat
1620 2765 1811 2805 novus

532 2835 875 2911 theologus3
910 2836 979 2892 de
1008 2835 1388 2893 consolatione
1419 2836 1728 2913 theoloqiae
1748 2836 1809 2893 ll.

536 2934 567 2985 5
606 2925 668 2980 in
699 2923 889 2981 forma
920 2922 1156 2999 dialogi,
1205 2942 1323 2997 quo
1356 2922 1418 2981 in
1464 2943 1558 2999 op.
1593 2924 1813 3000 scripto

533 3013 597 3070 in
630 3012 837 3070 exsilio
869 3031 1009 3087 prae
1042 3012 1230 3071 oculis
1264 3012 1448 3071 habet
1481 3013 1540 3070 ll.
1574 3013 1810 3071 Boethii

531 3101 604 3159 de
625 3101 1023 3160 consolatione
1043 3100 1472 3177 philosophiae,
1493 3102 1699 3176 ibique
1719 3103 1808 3160 in-

534 3190 698 3266 cipit,
721 3190 827 3248 ubi
847 3189 1066 3248 desinit
1080 3190 1488 3266 philosophiae
1509 3191 1810 3260 solatium,

532 3284 591 3338 et
623 3280 991 3355 quadruplex
1038 3280 1316 3356 proponit
1348 3281 1655 3339 solatium:
1704 3299 1813 3355 per

529 3387 695 3444 spem
726 3368 788 3426 in
821 3369 1318 3444 contemplatione
1366 3369 1552 3428 divini
1577 3369 1810 3445 judicii,

532 3477 636 3533 per
669 3458 1032 3534 Scripturam
1085 3458 1150 3516 in
1182 3459 1539 3519 revelatione
1572 3459 1810 3535 regimi-

532 3548 624 3606 nis
659 3547 884 3615 mundi‚
932 3566 1037 3624 per
1066 3548 1417 3623 patientiam
1449 3548 1512 3606 in
1544 3548 1654 3606 zeli
1687 3568 1811 3608 mo·

529 3637 850 3703 damtione,
872 3655 980 3713 per
999 3637 1326 3697 doctrinam
1339 3638 1404 3695 in
1415 3638 1813 3696 conscientiae

532 3727 920 3786 serenatione.
956 3726 1304 3801 Sequuntur
1323 3726 1497 3801 plura
1524 3727 1814 3802 opuscula

530 3819 735 3874 contra
765 3818 953 3874 artem
981 3816 1266 3894 magicam
1307 3819 1368 3873 et
1399 3816 1810 3893 astrologiam;

536 3904 944 3980 Compendium
1011 3906 1313 3983 theoloqiae
1362 3906 1643 3964 Gereonio
1707 3905 1810 3963 ad-

533 3993 851 4067 scriptum3
902 4012 1100 4068 opusc.
1134 3994 1506 4068 tripartitum
1538 3995 1605 4052 de
1636 4014 1807 4069 prae-

533 4084 706 4156 ceptis
749 4083 1018 4158 donatam,
1068 4083 1137 4141 de
1185 4082 1545 4141 confessione
1591 4087 1650 4141 et
1683 4086 1811 4142 arte
1868 4119 1911 4122 -κ
1974 4120 2001 4123 ff-

532 4170 836 4241 moriendi,
888 4171 1229 4230 catechismi
1279 4172 1587 4247 specimen,
1652 4172 1810 4247 quod

531 4259 793 4336 episcopi
845 4260 1066 4318 Galliae
1114 4260 1352 4319 maximi
1416 4261 1812 4320 aestimarunt

535 4356 713 4423 atque
761 4368 1131 4425 summopere
1178 4349 1242 4407 in
1289 4349 1535 4427 synodis
1581 4351 1809 4409 dioece-

534 4439 692 4497 sanis
724 4440 879 4497 clero
926 4444 986 4498 et
1031 4440 1253 4515 populo
1287 4440 1808 4508 commendarunt;

532 4532 603 4586 tr.
637 4547 742 4587 seu
771 4548 859 4603 ep.
895 4529 970 4588 ad
1003 4529 1425 4604 provincialem
1447 4530 1808 4589 coelestino·

1865 607 2045 665 resim
2107 607 2176 664 de
2237 608 2629 664 communione
2689 608 2969 666 laicorum
3031 606 3145 666 sub

1866 697 2121 771 utraque
2155 695 2378 770 specie3
2425 696 2811 755 conclusiones
2855 695 3146 770 quaedam

1867 785 2099 844 ratione
2119 784 2542 859 propositionis
2575 784 2895 861 cujusdam,
2930 805 3004 845 an
3037 804 3143 845 an-

1864 874 2004 950 geli,
2039 874 2093 930 b.
2127 873 2310 950 Virgo
2343 876 2404 931 et
2423 892 2627 932 omnes
2662 874 2850 933 sancti
2882 878 2944 932 et
2976 892 3145 934 sanc—

1865 968 1962 1022 tae
2007 962 2300 1022 associent
2345 980 2556 1038 corpus
2590 962 2809 1022 Christi
2856 963 2919 1022 in
2952 981 3145 1023 sacra-

1864 1055 2065 1111 mento
2097 1051 2318 1111 altaris.
2350 1084 2439 1095 —-
2471 1052 2531 1109 Τ.
2563 1053 2635 1110 ΙΙ.
2668 1073 2723 1128 p.
2753 1065 2802 1115 1.
2837 1052 3146 1112 continen-

1863 1143 1967 1200 tur
2000 1140 2246 1216 plurimi
2279 1140 2462 1199 libelli
2509 1145 2570 1198 et
2602 1142 2840 1217 scripta,
2889 1160 3042 1216 quae
3073 1141 3146 1200 ad

1866 1230 2116 1288 schisma
2147 1230 2449 1305 pertinent
2494 1249 2684 1305 usque
2730 1232 2801 1288 ad
2834 1230 3142 1290 concilium

1865 1319 2326 1390 constantiense;
2359 1339 2413 1394 p.
2452 1329 2505 1380 2.
2540 1338 2690 1394 quae
2722 1320 2796 1378 ad
2828 1320 3144 1380 concilium

1865 1409 2298 1467 constantiense
2347 1412 2639 1484 spectant,
2687 1409 2845 1468 inter
2876 1428 3026 1483 quae
3059 1427 3145 1467 ex.

1864 1518 1951 1573 gr.
1975 1497 2008 1554 l.
2035 1498 2103 1554 de
2119 1498 2529 1571 auferibilitate
2544 1516 2737 1574 papae
2755 1499 2828 1557 ab
2849 1498 3106 1558 Ecclesia
3119 1519 3148 1569 ‚·

1864 1587 1929 1645 in
1979 1605 2097 1661 quo
2147 1586 2494 1646 nullatenus
2545 1591 2774 1656 censet,
2827 1586 3147 1646 Ecclesiam

1865 1694 1992 1734 esse
2026 1693 2200 1750 posse
2234 1676 2363 1734 sine
2396 1676 2680 1751 primatu,
2715 1676 2816 1735 sed
2847 1695 3017 1735 casus
3048 1695 3148 1734 ex-

1863 1765 2088 1840 pendit,
2137 1764 2201 1821 in
2243 1764 2465 1839 quibus
2514 1784 2671 1824 conc.
2725 1767 2999 1842 generale
3045 1765 3148 1824 de-

1864 1872 2079 1929 ponere
2131 1854 2320 1928 possit
2368 1855 2734 1930 pontificem3
2786 1858 2861 1913 tr.
2910 1873 3016 1914 seu
3064 1865 3143 1918 30

1865 1942 2366 2002 considerationes
2399 1946 2468 2001 de
2485 1952 2756 2018 potestate
2775 1945 3148 2002 ecclesiastica

1866 2035 1927 2089 et
1958 2032 2184 2107 origine
2223 2032 2381 2107 juris
2428 2035 2489 2090 et
2532 2034 2733 2109 legum
2766 2032 3052 2092 recitatus
3083 2032 3147 2092 in

1866 2121 1971 2178 illo
2004 2120 2254 2179 concilio
2284 2141 2333 2179 a.
2378 2132 2558 2191 1417,
2594 2141 2712 2197 quo
2743 2123 2806 2180 in
2827 2141 2918 2197 op.
2938 2126 3149 2181 tuetur

1867 2210 2344 2285 superioritatem
2397 2211 2632 2269 concilii
2682 2230 2861 2287 super
2907 2211 3144 2287 pontifi-

1866 2316 1990 2356 cem
2007 2297 2072 2377 ¹),
2108 2299 2287 2374 hujus
2320 2300 2787 2359 infalibilitatem
2807 2304 3007 2377 negat,
3043 2320 3144 2376 pa·

1863 2388 2077 2457 rochis,
2126 2387 2230 2446 sed
2259 2391 2495 2447 tantum
2527 2389 2617 2458 iis,
2664 2390 2769 2465 qui
2815 2392 2960 2448 sunt
3006 2389 3149 2448 cleri

1869 2477 2171 2546 secularis,
2214 2477 2319 2551 jus
2368 2479 2582 2537 tribuit
2627 2478 2868 2537 sedendi
2914 2479 2977 2536 in
3008 2497 3146 2538 con-

1869 2566 2026 2624 ciliis
2060 2585 2194 2624 cum
2208 2566 2347 2641 jure
2369 2567 2656 2643 suffragii,
2679 2568 2820 2643 quia
2852 2570 2996 2627 sunt
3015 2586 3146 2626 suc-

1869 2672 2130 2714 cessores
2157 2666 2235 2718 70
2273 2655 2703 2731 discipulorum
2736 2659 2842 2716 etc.
2876 2657 2969 2715 Tr.
2990 2675 3148 2716 com-

1866 2745 2097 2819 positus
2129 2748 2266 2820 post
2297 2746 2643 2804 electionem
2676 2746 2921 2805 Martini
2941 2746 3006 2805 V.
3037 2766 3146 2822 pro

1868 2834 2106 2892 Polonis
2157 2836 2501 2909 petentibus
2548 2835 2922 2910 quarundam
2982 2854 3147 2912 prop.

1867 2940 2195 2992 censuram,
2218 2924 2436 2998 quibus
2455 2924 2716 3000 pontifex
2748 2944 3008 2984 annuere
3040 2943 3146 2983 no·

1871 3012 2003 3080 luit,
2027 3012 2148 3070 scil.
2172 3014 2450 3089 quomodo
2483 3022 2534 3072 et
2567 3033 2645 3072 an
2665 3016 2830 3072 liceat
2862 3016 2923 3071 in
2955 3017 3152 3073 causis

1866 3102 2002 3173 fidei
2051 3120 2088 3158 a
2136 3120 2358 3161 summo
2402 3102 2663 3177 pontifice
2703 3104 2998 3178 appellare
3042 3122 3149 3163 seu

1870 3190 1999 3264 ejus
2037 3190 2331 3265 judicium
2377 3191 2704 3261 declinare;
2757 3192 2893 3251 dein
2926 3193 3154 3268 scripta

1868 3278 1928 3337 in
1991 3297 2166 3337 causa
2241 3299 2504 3338 errorum
2567 3280 2604 3339 J
2622 3282 2896 3340 oannis
2960 3282 3149 3340 Parvi.

1869 3368 2012 3426 Pars
2068 3378 2121 3430 3.
2172 3369 2440 3427 continet
2487 3373 2560 3428 tr.
2613 3371 2718 3445 qui
2764 3373 3035 3446 spectant
3075 3370 3151 3429 ad

1869 3457 2064 3515 forum
2095 3459 2516 3532 poenitentiae,
2552 3459 2708 3517 inter
2728 3478 2874 3534 quos
2907 3462 3051 3518 sunt
3075 3465 3149 3517 tr.

1870 3547 1939 3603 de
1964 3553 2240 3620 potestate
2289 3548 2512 3624 liyandi
2543 3555 2712 3625 atque
2740 3550 2992 3607 solvendi
3004 3569 3035 3620 ,·
3081 3550 3154 3607 de

1871 3635 2210 3707 differentia
2265 3644 2634 3712 peccatorum
2695 3638 3017 3695 venialium
3092 3640 3154 3697 et

1868 3724 2215 3783 mortalium
2263 3729 2371 3785 etc.
2420 3727 2481 3783 P.
2534 3737 2587 3787 4.
2635 3726 2897 3785 continet
2940 3730 3013 3784 tr.
3047 3727 3151 3803 qui

1869 3815 2143 3888 spectant
2192 3816 2267 3874 ad
2299 3816 2492 3873 officia
2536 3819 2596 3873 et
2623 3816 2829 3874 munia
2859 3817 3151 3890 praelato-

1868 3922 2022 3970 rum,
2056 3903 2217 3960 inter
2237 3923 2386 3979 quos
2420 3908 2513 3962 est
2531 3904 2804 3981 dialogus
2834 3921 3012 3980 super
3029 3924 3149 3965 coe·

1867 3992 2046 4049 libata
2093 3992 2212 4050 sive
2279 3993 2551 4053 castitate
2601 3994 3150 4061 ecclesiasticorum,

1947 4186 1981 4253 ¹)
2010 4181 2090 4235 Eo
2120 4186 2372 4251 tempore
2400 4181 2592 4251 plures
2618 4182 2856 4236 fuerunt
2880 4180 3154 4251 theologi,

1866 4254 1966 4322 qui
1995 4253 2144 4306 tristi
2172 4251 2453 4307 Ecclesiae
2479 4252 2804 4307 conditione
2822 4255 2895 4307 ob
2910 4252 3156 4307 schisma

1864 4326 1979 4380 fere
2031 4325 2218 4378 adacti
2257 4325 2405 4378 hanc
2451 4324 2780 4393 opinionem
2821 4324 3155 4392 quasi.uni·

1866 4413 1996 4451 cum
2015 4398 2102 4451 tot
2116 4396 2392 4451 malorum
2413 4411 2525 4448 rem
2535 4396 2727 4449 edium
2744 4395 2990 4464 amplexi
3004 4398 3153 4449 sunt.

1868 4467 2097 4522 Praeter
2160 4472 2261 4530 tot,
2325 4484 2568 4535 quorum
2620 4467 2831 4537 passim
2882 4466 2945 4520 in
2994 4470 3154 4521 textu

1865 4540 2213 4594 mentionem
2258 4538 2550 4601 faciemus,
2592 4540 2705 4592 huc
2744 4542 2965 4608 spectat
3002 4538 3093 4592 Ba
3109 4557 3157 4591 r-

531 4637 666 4676 rum
699 4637 881 4693 super
912 4638 963 4677 v,
997 4619 1212 4677 cgnffici
1247 4619 1463 4677 Mariae
1479 4639 1492 4677 g
1546 4620 1811 4697 Suscepit
1869 4616 1892 4663 ἲ,
1905 4611 1943 4663 h
1961 4628 1993 4664 Ο
2010 4611 2030 4664 l
2047 4629 2078 4665 0
2096 4630 2151 4664 m
2169 4628 2203 4665 8.
2218 4627 2247 4665 Θ
2263 4629 2301 4664 U
2320 4627 2345 4663 Β
2372 4609 2790 4665 carthusiensis
2811 4610 2965 4680 prior
2982 4610 3157 4664 Rure·

535 4707 724 4766 Israel
736 4726 988 4783 puerum
1007 4727 1177 4767 suum
1189 4730 1215 4783 ;
1245 4710 1317 4766 de
1335 4710 1683 4784 susceptione
1700 4709 1808 4767 hu·

1868 4682 2115 4736 mundae
2143 4685 2189 4753 (†
2218 4687 2376 4743 1446»
2404 4681 2602 4737 doctor
2627 4682 2948 4751 theologiae
2968 4684 3024 4736 et
3044 4698 3157 4735 rec·

1867 4755 1958 4808 tor
2008 4753 2186 4807 studii
2235 4753 2716 4824 heidelbergensis
2780 4754 2869 4823 (de
2921 4770 3033 4821 quo
3085 4754 3156 4807 cf.

534 4800 842 4857 munitatis
877 4796 1093 4856 Christi
1137 4797 1447 4874 allegorice
1494 4817 1596 4873 per
1627 4797 1810 4856 XXIV
1870 4825 2052 4879 Mami
2096 4825 2158 4878 in
2203 4828 2398 4879 annot·
2444 4825 2518 4878 ad
2563 4824 2890 4879 Fabricium
2930 4826 2970 4887 Ι9
3016 4828 3155 4893 161),

531 4888 838 4955 veritates,
875 4887 1234 4963 tropologice
1268 4890 1470 4946 autem
1501 4893 1560 4945 et
1594 4907 1811 4964 anago-
1868 4898 2032 4965 cujus
2058 4900 2195 4950 sunt
2219 4897 2391 4966 plura
2416 4897 2656 4950 ascetica
2683 4896 2958 4967 (inedita).
