3475 5364
373 352 407 405 3
417 351 488 404 81
1273 331 1307 384 J
1310 347 1519 387 oannes
1546 329 1614 382 de
1642 330 2087 395 Turrecremata,
2272 349 2284 361 ·
2857 349 2891 403 g
2901 348 2936 404 g
2946 348 2979 402 2

371 521 532 578 tiana
564 519 635 577 de
667 518 860 591 stirpe
893 517 1205 576 oriundus.
1269 517 1486 576 Pietati
1520 521 1649 576 stu·
1706 521 1806 576 tus
1838 520 1929 576 est
1950 517 2272 576 cardinalis
2297 525 2392 579 18.
2418 517 2546 580 Dec.
2576 527 2761 586 1439,
2795 517 2985 594 assig-

371 609 603 683 diisque
634 608 698 666 in
730 606 939 665 ordine
958 607 1033 665 ab
1053 626 1103 668 a.
1125 607 1338 665 aetatis
1367 618 1462 669 16.
1483 625 1646 684 egre·
1703 611 1844 665 nata
1877 607 1989 682 ipsi
2025 606 2266 666 ecclesia
2297 624 2339 664 s,
2374 605 2540 676 Sixti,
2573 607 2733 665 unde
2766 607 2985 680 passim

370 699 528 774 giam
557 696 801 757 navavit
820 714 1075 771 operam,
1108 696 1252 754 adeo
1283 699 1355 754 ut
1385 696 1555 754 nulla
1586 696 1650 756 in
1703 695 1902 755 dictus
1934 700 2025 754 est
2054 695 2368 755 cardinalis
2403 715 2439 755 a
2470 714 2512 753 a.
2547 697 2729 757 Sixto.
2758 696 2828 754 In
2861 715 2984 762 om,-

371 807 438 845 eo
483 786 918 845 desideraretur
963 786 1176 847 virtus.
1234 783 1569 844 Ludovicus
1615 805 1649 843 a
1703 785 1884 844 nibus
1900 785 2220 861 majoribus
2238 785 2534 844 Ecclesiae
2549 785 2986 861 negotiisdein-

372 875 716 936 Vallisoleto
732 873 979 933 Joannis
995 874 1068 936 II.
1086 874 1375 933 castellae
1398 875 1556 952 regis
1574 875 1646 933 ad
1704 892 1840 949 ceps
1891 875 2069 932 etiam
2119 874 2192 932 ab
2244 873 2494 950 Eugenii
2543 874 2985 937 successoribus

372 965 688 1024 concilium
740 964 1176 1023 constantiense
1227 964 1462 1041 legatus
1511 983 1650 1022 eum
1705 963 1825 1023 fuit
1854 963 2173 1022 adhibitae.
2224 965 2369 1022 Cum
2405 964 2653 1022 Bosniae
2685 983 2783 1022 rex
2814 964 2987 1041 regni

373 1055 584 1113 habere
629 1053 820 1114 vol-it
866 1052 1158 1112 comitem.
1223 1054 1430 1112 Postea
1474 1073 1509 1111 a
1547 1072 1648 1113 su·
1705 1054 1802 1111 sui
1847 1057 2156 1129 magnates
2190 1052 2660 1111 Manichaeorum
2708 1053 2986 1112 sordibus

371 1143 699 1220 perioribns
763 1141 1019 1200 Parisios
1098 1143 1314 1200 missus
1390 1145 1499 1210 est,
1576 1145 1650 1200 ut
1704 1143 1971 1212 infect08,
2020 1144 2091 1200 ut
2137 1143 2201 1200 in
2243 1141 2357 1199 fide
2390 1141 2674 1202 catholica
2705 1142 2981 1201 institue-

373 1232 592 1309 gradus
619 1237 1114 1306 consequeretur.
1151 1231 1524 1290 academicos,
1577 1231 1648 1291 In
1704 1234 1915 1290 rentur
1978 1231 2218 1289 Romam
2282 1230 2541 1290 misisset
2588 1226 2833 1312 (1461),
2885 1248 2984 1290 eos

373 1320 716 1397 Hispaniam
736 1337 1008 1379 reversus
1030 1321 1341 1379 maximam
1361 1321 1502 1380 fecit
1521 1341 1644 1379 om·
1705 1321 1848 1379 Pius
1883 1320 1957 1382 11.
1991 1320 2206 1379 Joanni
2238 1320 2502 1390 tradidit,
2537 1339 2686 1395 quos
2721 1321 2806 1378 sic
2831 1321 2983 1379 veri-

374 1410 550 1469 nibus
603 1408 1078 1468 aestimationem
1140 1410 1234 1467 sui
1285 1428 1406 1469 non
1456 1412 1646 1469 solum
1704 1414 1890 1468 tatem
1951 1410 2171 1478 docuit,
2223 1414 2294 1469 ut
2342 1427 2598 1468 errorem
2648 1409 2985 1468 imbibitum

374 1500 680 1558 doctrinae
713 1498 1036 1566 soliditate,
1090 1498 1192 1556 sed
1224 1501 1295 1557 et·
1314 1499 1647 1575 prudentia,
1705 1500 1901 1572 palam
1937 1499 2241 1575 ejurarint.
2280 1497 2443 1556 Obiit
2479 1499 2680 1557 Romae
2704 1508 2803 1561 26.
2826 1498 2984 1575 Sept.

373 1589 674 1664 religione,
723 1604 968 1645 morum¹
1002 1588 1303 1663 animique
1346 1589 1646 1658 facilitate,
1713 1599 1878 1651 1468
1915 1588 2117 1664 magni
2138 1588 2333 1646 sactus
2365 1607 2399 1645 a
2429 1588 2577 1645 viris
2608 1605 2750 1646 suae
2770 1588 2985 1647 aetatis

376 1679 512 1736 hinc
543 1679 606 1735 in
638 1676 891 1752 priorem
923 1677 1146 1735 electus
1179 1676 1294 1736 fuit
1325 1682 1648 1736 conventus
1706 1678 1881 1752 primi
1903 1678 2177 1747 nomini-3
2203 1681 2271 1735 ut
2291 1697 2325 1734 a
2349 1677 2715 1746 Bessarione,
2738 1677 2775 1734 J
2782 1696 2830 1735 0.
2849 1679 2986 1739 Ant.

375 1766 651 1841 pinciani,
699 1764 840 1824 dein
883 1765 1148 1823 toletani.
1187 1766 1357 1826 ,Inde
1407 1768 1646 1826 Romam
1703 1767 2017 1840 Campano,
2037 1766 2162 1824 Nic.
2179 1766 2436 1834 Perott0,
2455 1765 2680 1825 Blondo
2714 1766 2986 1827 historio·

374 1856 537 1914 venit
568 1861 630 1913 et
660 1855 734 1912 ab
764 1854 1031 1931 Eugenio
1051 1855 1144 1912 IV.
1180 1854 1371 1914 factus
1404 1859 1494 1914 est
1522 1876 1649 1915 ma·
1704 1856 1929 1931 grapho
1947 1861 2074 1923 etc„
2093 1857 2167 1914 ab
2185 1855 2564 1931 EugenioIV.
2594 1861 2656 1915 et
2671 1856 2774 1914 Pio
2795 1855 2866 1913 11.
2884 1856 2985 1914 de-

373 1946 560 2018 gister
580 1962 624 2002 a.
646 1943 851 2018 palatii
881 1953 1034 2006 1431
1065 1965 1078 2001 :
1113 1944 1216 2019 qui
1248 1964 1385 2004 eum
1405 1950 1466 2004 et
1485 1946 1646 2004 theo·
1707 1946 1905 2003 fensor
1936 1944 2089 2002 fidei‘
2123 1944 2335 2003 dictus.
2400 1944 2628 2002 Auctor
2670 1944 2789 2003 fuit
2839 1945 2985 2004 libe·

373 2035 572 2110 logum
613 2032 778 2092 misit
824 2031 896 2089 ad
927 2033 1220 2109 synodum
1262 2034 1648 2093 basileensem
1707 2034 2005 2092 ralissima
2051 2053 2160 2092 sua
2204 2034 2484 2109 largitate
2528 2034 2881 2095 utilissimae
2926 2038 2987 2093 et

375 2117 616 2203 (1432).
649 2122 701 2179 A
721 2121 998 2195 patribus
1015 2121 1363 2198 designatus
1383 2123 1500 2182 fuit
1519 2127 1649 2182 tum
1707 2122 2002 2181 beneficae
2025 2122 2357 2182 sodalitatis
2383 2122 2438 2183 b.
2453 2122 2718 2199 Virginis
2736 2125 2984 2181 Annun-

374 2212 699 2286 Augustini
719 2210 792 2270 de
810 2211 990 2270 Roma
1022 2212 1530 2286 propositionibus
1551 2232 1647 2271 ex·
1704 2213 1907 2281 ciatae,
1942 2213 2113 2287 cujus
2146 2230 2359 2287 scopus
2380 2215 2487 2279 est,
2522 2211 2847 2286 quotannis
2871 2212 2986 2270 vir-

374 2301 705 2359 aminandis
722 2296 788 2379 ¹),
840 2303 968 2357 tum
1006 2301 1059 2360 b.
1096 2301 1386 2376 Birgittae
1426 2302 1648 2360 revela·
1705 2301 1875 2376 gines
1909 2319 2125 2376 egenas
2165 2319 2432 2359 romanas
2475 2301 2615 2359 dote
2659 2302 2884 2376 juvare,
2916 2303 2989 2359 ut

375 2390 637 2448 tionibus
687 2388 1194 2465 recognoscendis.
1229 2410 1363 2448 cum
1409 2410 1479 2448 ex
1524 2391 1649 2449 illis
1705 2392 1770 2446 in
1846 2390 2222 2448 matrimonio
2294 2390 2540 2448 honesto
2603 2391 2985 2449 collocentur.

375 2485 642 2554 excerpta
673 2478 931 2536 fuissent
969 2488 1090 2541 123
1117 2479 1242 2540 loca
1262 2484 1536 2555 suspecta
1556 2481 1651 2538 vel
1707 2477 2013 2553 Quidquid
2075 2479 2360 2553 temporis
2409 2479 2666 2555 negotiis
2730 2479 2984 2554 publicis

375 2568 662 2644 ambigua.
726 2568 1002 2625 Examine
1049 2568 1329 2627 instituto
1378 2569 1501 2628 loca
1546 2569 1652 2627 illa
1709 2567 2010 2643 surripere
2040 2567 2259 2644 potuit,
2295 2567 2466 2626 libris
2498 2567 2689 2633 doctis
2722 2568 2986 2627 scriben-

375 2657 447 2716 ab
478 2657 636 2716 omni
685 2656 1007 2716 vindicavit
1054 2675 1331 2717 censura.
1380 2659 1651 2718 Ceterum
1708 2657 1800 2719 dis
1835 2657 2145 2733 impendit,
2180 2675 2433 2733 quorum
2468 2657 2623 2716 haud
2656 2675 2874 2734 paucos
2894 2677 2986 2717 re·

375 2747 687 2806 concilium
737 2747 846 2805 hac
893 2747 957 2804 in
1001 2765 1174 2805 causa
1223 2749 1381 2807 ultra
1412 2767 1534 2808 non
1563 2755 1654 2807 est
1707 2747 1904 2823 liquit.

375 2854 770 2913 progressum,
792 2854 985 2910 neque
1006 2840 1212 2909 postea
1227 2838 1394 2896 sedes
1418 2841 1651 2914 aposto·
2934 2890 2937 2895 .

376 2921 567 3004 lica2).
631 2924 742 2983 Sed
795 2927 855 2981 et
886 2925 948 2981 in
984 2926 1116 2983 aliis
1149 2926 1220 2983 de
1255 2927 1366 2985 fide
1399 2928 1655 3003 negotiis
1805 2935 1945 2988 435.
1979 2926 2062 2984 Ex
2096 2925 2392 3001 operibus,
2428 2944 2684 3000 quorum
2719 2933 2797 2987 27
2832 2925 2989 2984 edita

377 3032 479 3073 seu
513 3032 646 3075 cum
678 3013 954 3071 Bohernis
988 3032 1093 3073 seu
1126 3033 1257 3072 cum
1280 3015 1515 3075 Graecis
1548 3036 1654 3075 seu
1711 3020 1871 3084 sunt,
1906 3016 2115 3073 saltem
2156 3025 2232 3076 14
2258 3020 2609 3074 manserunt
2639 3014 2881 3083 inedita,
2915 3031 2990 3072 en

332 3132 339 3138 ·
377 3104 448 3161 de
477 3104 915 3162 reformatione·
946 3122 1065 3162 non
1101 3123 1312 3180 parum
1343 3106 1567 3164 claruit
1597 3112 1657 3164 et
1710 3107 1974 3179 potiora:
2024 3104 2442 3162 Commentarii
2477 3099 2818 3185 (admodum
2854 3122 2989 3179 pro-

377 3211 484 3268 pro
514 3192 670 3251 sedis
702 3191 1049 3267 apostolicae
1091 3193 1380 3269 dignitate
1412 3198 1654 3254 strenue
1718 3189 1843 3271 lixi)
1898 3191 1958 3251 in
2008 3195 2295 3251 decretum
2352 3193 2649 3263 Gratiani,
2712 3192 2993 3269 Lugduni

376 3281 683 3350 laboravit,
718 3281 1051 3358 Eugenium
1075 3286 1416 3341 constanter
1447 3285 1654 3351 adver·
1721 3292 1885 3344 1519
1909 3288 1952 3339 t.
1978 3293 2012 3344 6
2050 3282 2113 3339 in
2136 3282 2210 3352 f.;
2245 3281 2458 3340 Romae
2500 3292 2695 3351 1555;
2732 3281 2993 3341 Venetiis

380 3388 480 3428 sus
511 3370 885 3445 quorundam
930 3371 1190 3445 impetus
1239 3381 1301 3429 et
1349 3373 1658 3430 conamina
1724 3379 1885 3433 1578
1919 3375 1963 3429 t.
1996 3371 2059 3427 in
2092 3380 2130 3432 4
2165 3370 2230 3429 in
2246 3370 2304 3442 1⁸.,
2340 3371 2402 3427 in
2434 3371 2657 3444 quibus
2689 3389 2783 3445 qq.
2819 3389 2993 3429 cano-

380 3459 834 3536 propugnando:
888 3478 1061 3533 quam
1110 3460 1186 3518 ob
1233 3479 1357 3518 rem
1390 3460 1656 3535 pontifex
1715 3460 1878 3517 nicae
1958 3459 2443 3517 scholasticorum
2540 3477 2703 3517 more
2778 3464 2995 3517 tractat

379 3550 441 3605 in
485 3548 809 3623 diplomate
859 3558 959 3610 30.
1009 3549 1133 3607 Oct.
1192 3560 1356 3612 1436
1406 3549 1658 3608 «Ioannis
1717 3567 1762 3607 s.
1790 3548 2044 3605 Thomas
2074 3548 2344 3624 vestigiis
2377 3548 2675 3606 insistens.
2715 3547 2996 3606 Gratiani

380 3638 703 3706 scientiam,
739 3637 990 3695 virtutes
1034 3657 1099 3697 ac
1130 3639 1489 3714 probitatem
1525 3639 1658 3709 sibi,
1716 3639 2074 3696 decretorum
2106 3638 2163 3695 ll.
2184 3635 2226 3695 5
2259 3637 2586 3696 secundum
2603 3637 2995 3712 Gregorianos

377 3725 501 3784 sedi
549 3726 909 3800 apostolicae
954 3729 1016 3785 et
1059 3746 1336 3786 romanae
1369 3728 1660 3787 Ecclesiae
1716 3726 2102 3785 decretalium
2179 3726 2238 3784 ll.
2315 3726 2647 3800 titulosque
2702 3724 2993 3795 distincti,

378 3815 710 3890 plurimum
743 3816 1039 3892 profuisse
1104 3818 1388 3893 agnoscit.
1453 3818 1662 3876 Soluto
1719 3816 1937 3874 Romae
1995 3824 2162 3877 1726
2216 3818 2258 3872 t.
2313 3824 2369 3883 2,
2433 3814 2505 3873 de
2567 3816 2737 3890 cnjus
2797 3819 2996 3873 tamen

378 3904 623 3963 concilio
671 3904 980 3963 adhibitus
1028 3908 1119 3963 est
1163 3905 1236 3964 ab
1282 3906 1484 3966 eodem
1516 3925 1662 3982 pon·
1719 3904 1915 3980 operis
1934 3904 2310 3981 genuinitate
2331 3899 2723 3983 dubitatur1).
2758 3904 2997 3962 Summa

378 3993 532 4053 tifice
566 3994 628 4051 in
665 3993 848 4051 variis
870 3993 1241 4053 difficillimis
1263 3996 1662 4072 legationibus
1719 3996 1789 4053 de
1851 3993 2122 4069 Ecclesia,
2188 3993 2402 4051 Romae
2458 4002 2655 4062 14893
2718 3992 2998 4071 Lugduni

377 4088 437 4140 et
467 4084 529 4140 in
563 4083 810 4159 negotio
847 4083 1086 4141 unionis
1122 4084 1476 4144 Graecorum
1528 4103 1663 4144 cum
1735 4092 1923 4146 1496:
2004 4084 2390 4142 Salmanticae
2461 4092 2655 4153 156ος
2736 4082 2998 4141 Venetiis

379 4172 634 4230 Ecclesia
664 4190 911 4230 romana
944 4172 1008 4230 in
1041 4173 1290 4232 concilio
1323 4173 1666 4233 ferrariensi
1730 4183 1889 4236 1561
1917 4193 1930 4230 ε
1970 4173 2035 4232 in
2066 4191 2136 4231 ea
2164 4191 2304 4231 vero
2337 4172 2460 4249 agit
2491 4174 2528 4230 l.
2573 4184 2622 4234 1.
2657 4174 2727 4231 de
2759 4172 2998 4232 univer-

377 4279 508 4318 mox
530 4260 889 4319 Florentiam
907 4261 1218 4323 translato,
1252 4262 1663 4338 Inpraeminm
1723 4262 1837 4321 sali
1872 4262 2166 4333 Ecclesia3
2199 4263 2238 4324 l.
2275 4271 2329 4322 2.
2364 4262 2436 4320 de
2470 4262 2730 4320 Ecclesia
2761 4280 3001 4321 romana

381 4349 750 4415 eruditionis,
797 4350 1042 4408 virtutis
1083 4351 1469 4426 laborumque
1510 4372 1666 4412 crea·
1724 4354 1785 4410 et
1816 4351 2112 4426 pontificis
2132 4352 2261 4427 ejus
2279 4351 2557 4427 primatu,
2591 4352 2687 4409 cui
2710 4370 3001 4410 summam

1726 4441 1992 4499 vindicat
2010 4441 2320 4516 potestatis
2343 4440 2795 4514 plenitudinem,
2829 4440 3000 4499 adeo-

460 4545 495 4609 ι)
537 4538 620 4593 Cf.
663 4540 789 4607 ejus
834 4549 975 4608 repet
994 4546 1020 4591 ‘t
1037 4546 1164 4592 'ones
1218 4556 1387 4608 super
1438 4540 1669 4608 quibus-
1725 4529 3001 4606 queipsaminfallibilitatispraerogativam

380 4611 631 4663 damAu
707 4610 956 4663 ustini
986 4611 1054 4664 de
1073 4611 1250 4665 Roma
1269 4611 1669 4680 propositioni·
1727 4618 1763 4675 l.
1803 4628 1856 4680 3.
1891 4618 1963 4676 de
2010 4619 2449 4677 universalibus
2496 4619 2786 4687 conciliis;
2831 4627 2885 4680 4.
2931 4619 3003 4677 de

382 4682 636 4809 ιῖῑΟΙΞίΡΠ
710 4682 895 4735 Mami
926 4682 1094 4736 cone·
1136 4682 1263 4735 0⁰¹¹·
1295 4682 1464 4745 XXX’
1494 4688 1667 4739 979—
1727 4707 2121 4766 schismaticis
2152 4712 2214 4767 et
2247 4708 2570 4766 haereticis.
2618 4707 2727 4765 LL.
2766 4717 2818 4769 2.
2853 4712 2913 4766 et
2947 4717 3004 4769 3.

457 4835 498 4893 ².)
525 4824 608 4878 Of.
638 4823 825 4886 Mansj
851 4825 1022 4887 XXX,
1051 4830 1304 4887 698·814,
1335 4824 1431 4877 ubi
1462 4824 1669 4887 omnia,
1731 4832 1779 4837 Ἢ

382 4913 529 4963 quae
557 4897 669 4949 huc
700 4900 978 4965 spectant,
1009 4897 1272 4967 reperies.
1805 4904 1841 4957 ¹)
1872 4895 1955 4956 cf,
1984 4895 2211 4950 Schulte
2240 4897 2304 4960 ll,
2334 4900 2438 4952 323
2467 4914 2537 4951 ss.
