3475 5364
226 363 253 414 ι
274 363 321 416 4
330 364 373 417 5
714 346 1016 411 Robertus,
1043 345 1382 406 Guilelmus,
1412 344 1707 410 Hem-icus,
1735 346 1982 416 oengus,
2011 345 2316 400 Wibaldus
2343 350 2444 400 etc.
2766 365 2885 419 145

214 563 323 574 —
364 532 716 592 Martini
762 532 1096 591 Sauriensis
1138 532 1204 591 in
1249 532 1556 592 Lusitania
1608 540 1789 606 quam
1822 530 2012 596 edidit
2037 531 2215 590 Nolte
2257 531 2323 590 in
2351 530 2570 591 Archiv
2613 532 2652 596 f.
2684 536 2889 593 osterr.

216 618 294 700 (†
352 635 380 684 ι
403 618 566 702 147)
598 623 722 681 vita
754 625 996 688 anctore
1041 621 1363 682 Salvato
1409 622 1555 682 alias
1609 620 1813 683 Gesch.
1843 620 1980 683 LIV,
2005 620 2174 678 Wien
2213 628 2375 683 1876
2397 641 2452 696 p.
2483 631 2647 685 1—8
2670 620 2890 700 (emen-

215 710 549 771 Salviano
580 712 712 786 ejus
741 710 1030 786 discipulo
1061 711 1282 787 prodiit
1310 711 1554 770 inActis
1610 710 1881 777 dationes
1911 710 1977 768 in
2008 709 2079 768 N.
2112 710 2181 770 A.
2216 709 2340 780 VII,
2378 707 2564 787 623);
2608 711 2737 771 Me.
2768 711 2887 780 XV,

218 800 347 863 SS.
377 800 651 864 31.Jan.
684 799 762 867 11.
805 808 1198 864 1131-1134.
1230 835 1318 845 —
1366 801 1554 859 Vitam
1615 812 1670 868 2.
1713 808 2116 863 1237..1238.
2156 831 2230 842 —
2269 798 2535 874 Denique
2565 800 2638 858 de
2669 808 2890 877 marty-

216 908 273 949 ε.
317 890 591 949 Laverii
641 892 884 953 auctore
932 889 1270 950 Roberto
1319 889 1391 949 de
1441 890 1553 948 Ro·
1610 890 1827 969 roloqio
1839 892 2080 948 auctore
2093 887 2424 949 Maelmaire
2441 883 2640 970 (servo
2652 890 2889 961 Mariae,

218 999 444 1038 mana
482 978 756 1038 diacono
812 979 1174 1055 Saponariae
1223 977 1299 1061 .(†
1362 976 1554 1055 1162)
1611 978 1875 1037 Mariano
1936 977 2045 1036 d'o
2096 972 2233 1056 (Ua)
2287 977 2618 1037 Gorman
2678 979 2892 1038 abbate

220 1068 447 1127 habae
507 1068 575 1126 in
634 1068 872 1144 Ughelli
931 1068 1112 1128 Ita-lia
1170 1086 1340 1128 sacra
1391 1067 1553 1137 ῚῙΙΙ,2
1610 1068 1856 1126 hiberno
1907 1062 1990 1148 (fl.
2043 1078 2069 1129 1
2089 1062 2258 1147 170),
2309 1067 2469 1141 quod
2516 1068 2591 1126 Μ.
2631 1068 2892 1145 Whitley

226 1167 532 1223 488—4
544 1166 648 1220 96.
680 1190 770 1201 —
816 1157 1007 1216 Vitam
1027 1157 1394 1236 Mamm-itae
1424 1156 1553 1235 (Al-
1615 1157 1858 1217 Stockes
1882 1157 2037 1232 juris
2055 1155 2283 1232 publici
2299 1155 2455 1226 fecit,
2474 1156 2738 1220 cf..Anal.
2756 1157 2891 1220 boll.

222 1246 568 1323 bonensis)
631 1245 1017 1322 Burgundiae
1092 1247 1323 1305 comitis
1385 1246 1553 1317 filiae,
1612 1247 1752 1305 XIII
1784 1240 2030 1326 (1894),
2073 1255 2192 1308 193
2227 1262 2273 1308 s,
2334 1244 2461 1314 Quo
2510 1246 2576 1304 in
2607 1247 2809 1306 labore
2840 1247 2894 1305 ei

228 1336 561 1395 Guidonis
592 1335 880 1410 Delphini
906 1336 1135 1395 comitis
1169 1336 1387 1395 Alboni
1418 1353 1553 1395 con·
1609 1334 2271 1411 praeiveratOengus
2297 1350 2430 1392 cum
2446 1337 2502 1395 S.
2533 1334 2765 1394 Melru
2778 1336 2895 1395 ain

218 1426 425 1503 jugis
474 1428 687 1484 narrat
734 1443 782 1482 c.
815 1444 865 1483 a.
905 1435 1071 1488 1163
1119 1425 1557 1484 Guilelmus
1611 1424 1991 1484 Tamlachtae
2050 1422 2395 1484 monasterii
2456 1423 2773 1484 fundatore
2834 1429 2895 1483 et

232 1515 590 1574 monicus
604 1513 1184 1591 gratianopolitanus
1221 1513 1379 1590 apud
1398 1514 1555 1572 Mar·
1612 1514 1891 1589 episcopo
1924 1508 1985 1595 (†
2022 1523 2077 1575 7.
2111 1512 2233 1571 Jul.
2271 1507 2442 1594 792).
2475 1513 2700 1579 Horum
2735 1533 2892 1574 mar-

230 1608 404 1663 tene
438 1604 621 1679 ampl.
655 1603 782 1663 coll.
812 1602 911 1672 Vl,
954 1611 1111 1666 1201
1132 1612 1405 1666 —1214.
1476 1660 1477 1663 ,
1610 1602 1975 1680 tyrologium
1991 1600 2427 1661 demumedidit
2441 1601 2734 1684 O’KellyJ
2751 1612 2895 1666 847.

244 1732 253 1739 -
1614 1692 1853 1769 Oengus
1872 1690 2247 1752 concinnavit
2259 1689 2639 1768 Festoloqium
2655 1686 2894 1772 (Felire)

352 1781 740 1845 80.Herim
758 1798 1005 1839 annus
1036 1780 1081 1838 Ι.
1096 1781 1402 1856 episcopus
1418 1798 1556 1840 con·
1614 1799 1722 1840 seu
1785 1781 2140 1839 Sanctorum
2188 1778 2633 1842 Kalendarium.
2693 1780 2896 1841 Edidit

247 1870 626 1930 stantiensis
672 1869 731 1950 (†
767 1879 870 1933 20.
905 1870 961 1928 N
964 1889 1056 1928 ov.
1114 1867 1304 1948 1166)
1350 1873 1559 1929 narrat
1609 1870 1762 1929 illud
1792 1869 2051 1945 Whitley
2086 1868 2683 1944 Stockes,quitamen
2700 1870 2893 1945 ipsum

240 1958 566 2035 quaedam
613 1978 659 2018 s.
704 1958 993 2018 Bernardi
1033 1959 1339 2035 miracula,
1403 1978 1558 2034 quae
1616 1959 1920 2035 abjudicat
1969 1958 2171 2033 Oengo
2223 1960 2402 2032 atque
2448 1958 2631 2016 seculi
2674 1958 2722 2016 X
2766 1977 2892 2017 esse

243 2050 393 2107 scil.
425 2048 532 2106 ille
562 2052 808 2109 sanctus
853 2049 919 2106 in
962 2047 1172 2107 itinere
1224 2048 1558 2125 germanico
1614 2048 1831 2108 statuit
1843 2043 1910 2130 1).
1943 2047 2182 2123 Oengus
2213 2046 2432 2105 dicitnr
2462 2046 2641 2106 fuisse
2673 2048 2896 2123 episco-

240 2141 623 2215 patraverat
664 2139 731 2196 in
774 2138 900 2200 MG.
950 2135 1153 2217 XXVI,
1193 2145 1558 2200 122-—128.
1615 2156 1729 2214 pus
1761 2137 2026 2211 obiitque
2061 2143 2185 2199 815
2221 2136 2317 2193 vel
2353 2145 2497 2199 819.

246 2259 353 2275 —-
385 2227 667 2285 Ceterum
695 2226 768 2285 de
799 2226 1105 2288 miraculis
1136 2246 1172 2284 a
1192 2244 1235 2284 s.
1253 2226 1559 2285 Bel-nardo
2824 2280 2829 2284 .

246 2317 322 2374 in
390 2315 613 2374 itinere
673 2335 781 2392 per
842 2315 1233 2385 Germaniam,
1286 2315 1559 2393 Belgium
1676 2324 1810 2393 81.
1843 2313 2109 2389 Denique
2145 2313 2220 2372 ad
2242 2312 2635 2376 ,illustrandas
2655 2332 2750 2372 res
2783 2312 2895 2372 hu·

251 2405 642 2479 Galliamque
705 2404 961 2481 patratis
1036 2414 1198 2467 1146
1264 2409 1326 2464 et
1378 2413 1555 2468 1147
1607 2405 1709 2479 jus
1739 2403 2024 2478 temporis
2068 2402 2397 2477 proderunt
2442 2403 2712 2479 epistolae
2745 2404 2895 2476 470,

249 2495 476 2571 plures
538 2494 923 2571 scripserunt,
974 2493 1326 2569 praesertim
1376 2494 1555 2553 Gau·
1617 2493 1724 2551 Wi
1743 2493 1783 2552 b
1802 2491 2294 2571 a‡1di(Guibaldi,
2313 2490 2572 2550 wiboldi
2585 2488 2719 2569 etc.)
2737 2491 2897 2550 OSB.

253 2584 369 2645 fri
384 2583 427 2641 d
441 2603 487 2641 n
501 2600 531 2640 s
564 2601 610 2641 s.
643 2581 933 2642 Bernardi
963 2582 1232 2645 notarius
1251 2585 1313 2642 et
1330 2582 1561 2642 itineris
1614 2584 1770 2643 claro
1820 2600 2033 2658 genere
2081 2580 2154 2645 de
2204 2581 2400 2640 Pratis
2449 2581 2616 2656 apud·
2651 2581 2899 2641 Leodios

254 2673 483 2743 sucina,
548 2672 623 2731 de
671 2691 799 2747 quo
840 2671 1015 2738 infra.
1048 2692 1225 2747 quem
1265 2673 1563 2748 juvarunt
1620 2693 1672 2736 a.
1713 2679 1902 2735 1098.
1933 2670 2101 2731 nati..
2141 2670 2236 2730 Ab
2267 2669 2410 2747 ipsis
2443 2670 2802 2730 incunabilis
2833 2670 2896 2729 in

252 2763 309 2823 Ε
324 2764 371 2820 b
387 2781 422 2820 e
437 2761 528 2821 rh
546 2761 780 2821 ardus
823 2780 868 2820 s,
900 2761 1187 2821 Bernardi
1236 2760 1563 2837 discipulus
1618 2760 1973 2821 monasterio
1991 2760 2325 2822 stabulensi
2340 2760 2626 2819 educatus
2642 2760 2716 2818 ad
2731 2761 2897 2820 scho-

255 2856 324 2912 et
356 2852 426 2909 in
457 2850 574 2911 hoc
602 2851 819 2909 itinere
851 2850 1058 2921 socius,
1104 2850 1285 2910 abbas
1315 2852 1560 2910 eberba·
1618 2851 1708 2908 las
1758 2848 2144 2910 leodiensium
2197 2869 2247 2908 a.
2301 2859 2462 2911 1115
2513 2849 2787 2924 perrexit,
2840 2853 2900 2907 et

256 2941 461 3001 censis
510 2937 571 3020 (†
609 2950 776 3004 1170
811 2940 909 2999 vel
947 2949 972 3000 1
992 2936 1156 3017 171),
1202 2940 1276 2998 de
1325 2959 1445 3015 quo
1490 2939 1559 3002 cf.
1620 2960 1668 2998 a.
1725 2948 1888 3002 1117
1954 2938 2254 3014 ingressus
2314 2942 2404 2998 est
2441 2938 2900 2999 walciodorense

256 3031 329 3092 F.
398 3029 492 3092 W.
555 3029 621 3091 E.
670 3029 826 3088 Both
872 3030 940 3088 in
988 3029 1127 3090 hist.
1176 3029 1386 3092 Jahrb.
1430 3028 1560 3099 VII,
1618 3028 2063 3097 monasterium,
2105 3027 2211 3086 ubi
2242 3028 2470 3086 scholas
2498 3028 2668 3098 rexit,
2715 3026 2902 3086 donec

257 3115 510 3199 (1886)
546 3126 672 3182 218
706 3136 812 3186 ss.;
860 3117 1251 3177 Gerardus
1284 3118 1434 3178 alter
1460 3118 1560 3176 iti-
1620 3137 1671 3176 a.
1697 3127 1861 3181 1130
1882 3116 2323 3176 Stabulensium
2350 3117 2533 3175 abbas
2556 3117 2898 3178 electusest.

258 3208 432 3270 neris
464 3207 676 3278 socius,
711 3207 896 3267 abbas
923 3207 1140 3266 Fossae
1169 3226 1374 3277 novae,
1426 3206 1564 3270 dein
1618 3206 1838 3283 Magna
1869 3205 2027 3281 apud
2057 3204 2409 3265 Lotharium
2448 3206 2590 3282 imp.
2642 3205 2899 3265 auctori-

258 3296 611 3376 ignacensis
644 3292 876 3377 (Igny†
902 3292 1121 3378 1177);
1155 3296 1564 3372 Philippus
1621 3298 1751 3354 tate
1784 3295 1919 3364 fuit,
1953 3294 2060 3369 qui
2091 3313 2226 3354 eum
2258 3295 2491 3354 romani
2535 3295 2772 3371 imperii
2804 3313 2899 3354 ar-

258 3385 581 3462 quondam
615 3385 1059 3445 archidiaconus
1078 3385 1405 3457 leodiensis,
1426 3385 1563 3444 dein
1620 3383 2132 3444 chicancellarium
2165 3386 2339 3443 vocat
2369 3386 2432 3442 et
2461 3384 2632 3459 quasi
2662 3401 2899 3444 consor·

260 3480 331 3537 et
366 3473 699 3534 monachus
729 3474 1202 3534 claraevallensis
1233 3469 1316 3556 (fl.
1348 3485 1416 3537 11
1435 3468 1564 3555 70),
1617 3477 1739 3534 tem
1771 3473 1837 3532 in
1864 3472 2097 3549 imperii
2109 3472 2620 3534 administratione
2638 3472 2899 3532 admisit.

261 3582 538 3640 quorum
569 3564 944 3623 narrationes
975 3563 1039 3626 ll.
1069 3563 1151 3622 VI
1182 3563 1563 3639 comprehen-
1621 3564 1922 3622 Caesarem
1951 3562 2017 3620 in
2048 3561 2417 3637 expeditione
2449 3560 2664 3619 bellica
2692 3561 2756 3620 in
2776 3561 2896 3622 Ita·

264 3672 379 3713 sae
410 3653 705 3729 leguntur
735 3652 896 3729 apud
927 3653 1215 3712 Mabillon
1241 3653 1307 3710 in
1326 3652 1413 3711 ed.
1430 3671 1567 3728 opp.
1619 3653 1760 3711 liam
1793 3650 2237 3711 estcomitatus
2268 3646 2514 3733 (1137),
2545 3650 2664 3708 imo
2698 3650 2773 3708 ab
2804 3669 2898 3710 eo-

264 3762 315 3805 a.
351 3740 648 3801 Bernardi
691 3741 767 3811 11,
823 3749 1253 3805 1061--1211
1281 3763 1295 3810 ;
1340 3742 1406 3799 in
1437 3742 1566 3799 Act.
1621 3741 1753 3799 dem
1788 3740 1910 3799 dux
1925 3740 2243 3804 estmissus
2262 3738 2497 3798 navalis
2513 3738 2901 3814 expeditionis

268 3832 377 3890 SS.
433 3840 535 3893 20.
586 3833 741 3907 Aug.
785 3830 884 3902 IV,
935 3840 1316 3897 256—:3513
1358 3830 1566 3906 Migne
1624 3829 1954 3905 Neapolim.
1987 3829 2130 3888 Cum
2153 3828 2452 3888 casinense
2470 3827 2899 3888 monasterium

264 3919 599 3988 CLXXXV,
624 3928 1010 3989 225-24163
1046 3919 1337 3995 Excerpta
1354 3919 1418 3977 in
1437 3919 1565 3978 Me.
1622 3919 1905 3993 gravibus
1948 3919 2142 3978 turbis
2187 3918 2608 3994 exagitaretur,
2639 3918 2902 3976 instante

265 4008 485 4078 XXVI,
557 4017 933 4071 121—137:
997 4009 1213 4084 quibus
1262 4008 1566 4068 miraculis
1620 4008 1982 4084 imperatore
1997 4011 2059 4066 et
2073 4006 2716 4084 urgentibuspluribus
2732 4025 2901 4083 prae-
2970 4002 2976 4008 ⁴

277 4098 433 4157 adde
483 4097 604 4157 alia
648 4097 725 4157 ab
755 4097 1140 4160 Herberto
1194 4097 1409 4160 abbate
1440 4116 1567 4156 mo·
1627 4097 1862 4156 sulibus
1923 4099 1986 4155 et
2020 4095 2437 4172 'optimatibus
2510 4095 2735 4154 electus
2811 4099 2904 4155 est

267 4187 460 4257 tensi,
539 4186 680 4246 dein
755 4186 1191 4263 archiepiscopo
1265 4185 1567 4245 turritano
1621 4205 1803 4261 quam
1834 4185 2084 4245 maxime
2105 4184 2333 4244 invitus
2360 4185 2545 4244 abbas
2561 4184 2902 4243 casinensis.

269 4273 533 4359 (Sassari
584 4293 630 4338 c.
674 4272 1137 4354 1178-1180)
1182 4275 1377 4335 relata
1408 4275 1568 4351 apud
1623 4274 1737 4334 Sed
1762 4275 1889 4350 jam
1935 4277 2073 4350 post
2119 4283 2201 4335 44
2235 4273 2309 4332 ab
2359 4273 2639 4333 electione
2670 4272 2794 4352 dies
2827 4273 2902 4333 ob

268 4367 477 4443 Higne
514 4365 556 4423 1.
588 4382 635 4422 c.
666 4385 723 4441 p.
759 4372 839 4428 45
851 4373 1107 4428 3—-466
1142 4366 1204 4423 et
1234 4364 1361 4427 Me.
1389 4368 1435 4422 t.
1470 4364 1566 4424 cit.
1621 4364 1999 4441 gravissimas
2018 4362 2358 4423 vexationes
2390 4363 2625 4440 Rogerii
2658 4363 2813 4439 regis
2843 4365 2904 4422 et

269 4461 329 4532 p.
401 4462 772 4518 137—142.
822 4459 903 4497 -'—-
942 4454 1293 4513 ‘Henricu
1316 4473 1344 4513 s
1388 4453 1570 4530 abbas
1620 4453 1896 4512 Rainaldi
1954 4452 2434 4529 pseudoabbatis‚
2498 4452 2601 4527 qui
2662 4455 2905 4527 propter

269 4543 761 4604 breitenowensis
791 4538 1166 4623 (Breitenau)
1216 4542 1467 4619 scriptor
1496 4544 1568 4600 ut
2533 4533 2540 4536 ’

271 4633 496 4693 dicitur
510 4633 679 4692 ferax
695 4630 755 4713 (†
779 4643 850 4697 11
867 4630 989 4711 70),
1020 4633 1568 4707 narratpaseionom
1703 4626 1739 4694 ¹)
1767 4623 1832 4676 In
1858 4621 2054 4676 Revue
2095 4621 2356 4689 Celtique
2397 4621 2464 4681 V.
2504 4625 2790 4707 839-380
2816 4620 2903 4702 Qu

267 4742 312 4782 3·
396 4723 734 4781 Tyn-emonis
798 4721 1220 4798 archiepiscopi
1282 4720 1565 4780 salisbur,
1623 4694 1718 4775 the
1748 4693 2031 4749 Calendar
2057 4693 2122 4747 of
2143 4693 2388 4762 oengus,
2442 4692 2525 4774 (Ji.
2565 4691 2897 4747 Bellesheun

268 4796 1181 4892 20m1s‹·0ss-1101>‚·qu1
1230 4809 1459 4869 obierat
1502 4809 1568 4868 ω
1620 4762 2905 4906 13..⁶.5⁸15¹²..3.}{.‚sssgizzzhz.{ast

268 4903 427 4962 bel-lo
437 4920 608 4962 sacro
619 4920 729 4978 pro
747 4899 1155 4975 recuperanda
1168 4903 1331 4958 terra
1343 4903 1563 4969 sancta,
1621 4912 1746 4965 638.
