3475 5364
948 302 1317 355 1521—1540.
1346 297 1775 355 Controversiae
1798 298 1861 352 in
1885 296 2111 369 Anglia.
2143 297 2202 354 B.
2230 298 2471 353 Thomas
2499 296 2706 362 Morus,

525 315 686 368 1267
2966 314 3132 370 1268

610 494 753 546 594.
786 482 1103 542 Deficiente
1147 483 1221 541 ab
1253 484 1512 542 Ecclesia
1542 484 1796 559 impuris
1852 480 2132 564 (16.Maj.
2157 478 2366 565 1532).
2389 484 2540 542 Hinc
2556 503 2658 542 rex
2673 482 3133 559 graviteroffen-

515 591 586 631 ex
619 572 859 631 motivis
892 572 1145 631 Henrico
1177 572 1334 635 VIII.
1384 572 1650 648 insignes
1682 593 1794 648 pu·
1852 591 1955 631 sus
1986 574 2167 631 minis
2188 573 2615 647 blanditiisque
2634 573 2802 631 nisus
2823 576 2917 631 est
2935 571 3133 631 virum

515 661 660 736 giles
712 680 817 737 pro
866 660 981 719 fide
1044 664 1341 720 steterunt
1399 662 1683 722 catholica
1731 663 1798 720 in
1851 666 2054 720 tantae
2088 662 2462 723 auctoritatis
2492 662 2558 720 in
2589 679 2728 720 suas
2747 662 2983 720 trahere
2997 680 3133 736 par-

516 752 734 828 Anylia
782 754 988 808 contra
1031 750 1222 825 ipsius
1271 752 1683 811 innovationes
1736 755 1798 809 et
1850 756 1961 819 tes,
1997 751 2098 810 sed
2133 751 2374 814 frustra.
2437 750 2778 810 Constantia
2809 751 3135 808 christiana

515 839 951 914 usurpationes,
1014 839 1239 898 Horum
1282 859 1495 917 agmen
1541 840 1707 900 ducit
1736 840 1795 904 b.
1850 859 1987 899 vere
2031 841 2297 899 mirabili
2343 840 2658 915 denegavit
2688 840 2939 899 Thomas
2982 858 3134 915 qua-

515 923 831 987 Thom'as
863 929 1119 987 Morus
1154 949 1210 987 n.
1244 929 1500 991 Londini
1538 938 1589 990 7.
1624 929 1792 987 Febr.
1849 929 2208 1005 lemcunque
2258 929 2456 987 illiciti
2518 928 2782 1004 conjugii
2842 928 3135 1004 approba-

525 1027 708 1087 1478,
743 1018 845 1091 qui
878 1037 911 1075 a
943 1021 1108 1093 patre
1149 1019 1424 1093 religiose
1465 1023 1525 1077 et
1574 1019 1794 1095 optime
1849 1019 2104 1077 tionem:
2138 1037 2324 1094 quare
2355 1018 2421 1077 in
2451 1036 2747 1077 carcerem
2766 1018 2886 1076 fuit
2904 1023 3135 1090 conjec-

514 1107 830 1165 institutus
861 1125 1091 1165 morum
1125 1108 1439 1186 probitate,
1483 1109 1793 1166 literarum
1849 1110 1968 1177 tus,
2004 1108 2067 1165 in
2100 1126 2220 1182 quo
2253 1110 2324 1166 ut
2369 1126 2431 1166 se
2475 1112 2714 1183 pararet
2756 1106 2831 1165 ad
2880 1111 3132 1164 mortem

513 1195 929 1255 humaniorum
960 1198 1022 1253 et
1051 1196 1433 1256 classicarum
1453 1197 1636 1266 cultu,
1659 1216 1795 1255 eru-

514 1285 756 1343 ditionis
786 1284 1177 1360 amplitudine
1224 1289 1286 1344 et
1329 1286 1611 1345 firmitate
1656 1287 1792 1344 cha·

512 1374 758 1432 racteris
801 1375 959 1433 viam
1003 1373 1117 1433 sibi
1154 1376 1368 1433 stravit
1398 1375 1471 1433 ad
1503 1376 1794 1450 amplissi-

514 1481 639 1521 mos
674 1464 935 1522 honores
957 1462 1329 1523 Advocatum
1360 1464 1532 1523 initio
1564 1465 1689 1540 egit
1721 1465 1792 1523 li-

513 1552 657 1611 teris
688 1559 887 1610 tamen
933 1553 1383 1612 humanioribus
1430 1572 1660 1628 semper
1689 1554 1790 1612 de·

513 1641 695 1710 ditus,
749 1660 895 1716 quas
945 1643 1258 1717 promovit.
1306 1643 1610 1716 Praecepti
1642 1644 1791 1719 regii

513 1729 633 1788 fuit
663 1734 884 1800 auctor,
936 1749 1053 1806 quo
1104 1731 1378 1806 discipuli
1428 1732 1500 1789 ad
1552 1731 1792 1807 linguae

513 1837 756 1895 graecae
787 1819 1193 1895 obligarentur
1230 1820 1513 1879 studium.
1548 1821 1793 1880 Erasmo

513 1912 640 1967 erat
687 1907 978 1976 addictus,
1024 1911 1195 1985 cujus
1240 1910 1563 1968 editionem
1610 1911 1681 1973 N.
1728 1910 1792 1971 Τ.

513 1997 779 2055 defendit
810 1996 1094 2056 adversus
1129 1999 1416 2073 Dorpium
1447 1999 1793 2075 theologum

511 2086 913 2145 lovaniensem
945 2088 1084 2145 diss.
1110 2089 1419 2159 epistolica.
1450 2088 1649 2163 Magni
1670 2089 1784 2146 fac-

511 2179 611 2234 tus
644 2175 718 2233 ab
751 2175 1004 2233 Heni-ico
1038 2176 1192 2235 VIII.
1227 2177 1453 2235 invitus
1487 2177 1561 2235 ad
1593 2178 1790 2235 aulam

511 2264 630 2323 fuit
673 2267 940 2334 ⁴vocatuS,
992 2265 1095 2323 sed
1136 2267 1265 2341 jam
1315 2270 1461 2325 tunc
1522 2265 1790 2325 futuram

512 2353 833 2429 praesagiit
892 2357 1319 2429 tempestatem.
1381 2355 1792 2431 Dignitatibus

511 2447 722 2501 auctus
783 2443 1099 2518 factusque
1159 2445 1329 2520 regni
1406 2445 1792 2504 cancellarius

514 2528 742 2613 (1529)
791 2531 1300 2607 religiosissimam
1362 2533 1536 2591 duxit
1583 2535 1789 2603 vitam,

512 2621 746 2697 pietati,
780 2621 1196 2679 beneficentiae
1227 2626 1406 2698 atque
1452 2622 1629 2681 etiam
1662 2626 1791 2681 stu-

512 2711 642 2779 diis,
678 2716 973 2785 quantum
1005 2730 1107 2786 per
1138 2713 1380 2787 negotia
1411 2713 1648 2782 licebat,
1701 2715 1792 2770 in-

511 2804 755 2859 tentam.
788 2800 1049 2858 Fortiter
1079 2801 1319 2870 restitit,
1354 2821 1426 2859 ne
1459 2802 1792 2860 innovatio-

512 2907 618 2946 nes
682 2888 1026 2946 Germaniae
1086 2890 1365 2965 Angliam
1427 2891 1791 2959 invaderent,

511 2981 825 3035 novatores
857 2978 1069 3036 merito
1119 2982 1408 3053 reputans
1453 2999 1558 3054 pro
1604 2980 1793 3038 hosti-

512 3068 627 3124 bus
660 3066 837 3124 etiam
868 3066 1011 3124 boni
1054 3068 1282 3143 publici
1325 3072 1387 3126 et
1416 3069 1613 3144 regiae
1654 3088 1792 3128 auc·

511 3154 788 3215 toritatis.
822 3155 953 3213 Non
968 3156 1161 3214 solum
1178 3157 1528 3215 auctoritate
1549 3159 1792 3228 restitit,

511 3263 718 3304 verum
752 3247 813 3301 et
844 3245 1080 3320 scriptis
1113 3245 1319 3304 solidis
1361 3246 1641 3305 adversus
1676 3248 1791 3306 Lu-

512 3334 803 3391 theranos.
869 3333 980 3392 Sed
1027 3353 1100 3393 en
1149 3335 1213 3393 in
1244 3335 1374 3411 ipsa
1406 3336 1620 3411 Anglia
1651 3337 1793 3395 tris-

512 3423 777 3481 tissimae
823 3423 1167 3482 defectionis
1215 3425 1578 3485 occasionem
1624 3445 1794 3501 prae-

512 3513 774 3571 buerunt
808 3512 1055 3572 Henrico
1087 3513 1240 3573 VIII.
1272 3519 1554 3590 negatum
1589 3534 1624 3573 a
1656 3516 1794 3573 sede

510 3602 832 3677 apostolica
892 3603 1217 3661 divortium
1281 3623 1314 3661 a
1366 3604 1636 3678 legitima
1687 3622 1795 3662 sua

509 3711 692 3750 uxore
755 3691 1072 3751 catharina
1150 3693 1591 3769 sacrilegaeque
1656 3711 1792 3751 cum

512 3784 685 3839 Anna
713 3781 940 3856 Boleyn
972 3781 1235 3857 nuptiae.
1258 3783 1403 3839 Cum
1435 3781 1597 3839 nullo
1617 3785 1792 3858 pacto

512 3870 794 3928 incolumi
828 3871 1186 3928 conscientia
1235 3870 1505 3929 nefandis
1538 3860 1898 3929 ThomasR

510 3963 713 4034 posset
742 3960 1044 4034 velletque
1080 3960 1353 4017 assentiri
1390 3960 1634 4036 coeptiS,
1660 3980 1790 4018 mu-

512 4067 649 4106 nere
701 4049 961 4122 supremi
1011 4048 1345 4106 cancellarii
1396 4069 1455 4107 se
1489 4048 1795 4108 abdicavit

514 4290 777 4353 besitzen,
796 4290 928 4343 sch&
934 4290 1025 4358 pst
1044 4306 1101 4342 er
1119 4289 1243 4341 eine
1263 4289 1426 4342 Kraft
1442 4290 1557 4342 und
1579 4291 1795 4354 Starkffl

1849 1197 2088 1256 fortiter
2117 1217 2223 1272 pro
2255 1196 2367 1255 fide
2400 1197 2727 1255 christiana
2774 1194 3133 1264 obeundam,

1848 1286 2121 1344 libellum
2153 1286 2486 1361 composuit
2526 1286 2688 1358 Quod
2719 1303 2878 1343 mors
2891 1303 3003 1361 pro
3020 1285 3135 1359 fide

1847 1394 1962 1434 non
1993 1378 2067 1433 sit
2077 1376 2378 1452 fuqienda,
2397 1393 2646 1449 eamque
2666 1375 2845 1433 etiam
2866 1374 3136 1449 piissime

1848 1465 2031 1523 subiit
2071 1475 2122 1526 6.
2145 1465 2267 1522 Jul.
2297 1473 2458 1527 1535
2484 1464 2541 1525 b.
2562 1471 2788 1541 martyr
2818 1466 3137 1538 propterea

1849 1572 1983 1613 cum
2014 1554 2146 1611 aliis
2181 1553 2318 1611 fidei
2351 1553 2675 1611 catholicae
2724 1558 3134 1628 propugnato-

1850 1643 2016 1701 ribus
2032 1662 2067 1701 a
2081 1643 2272 1700 Leone
2289 1642 2339 1700 X
2350 1643 2444 1700 111.
2464 1642 2800 1700 declaratus
2816 1638 2861 1721 ¹)
2880 1650 2912 1701 2
2925 1652 2978 1702 9.
2996 1642 3131 1701 Dec.

1857 1741 2039 1795 1886.
2091 1732 2235 1806 Ejus
2266 1750 2442 1806 opera
2476 1731 2830 1806 prodierunt
2860 1730 3132 1789 Basileae

1856 1830 2041 1890 1563,
2062 1821 2308 1879 Lovanii
2331 1832 2353 1882 1
2374 1830 2496 1883 566
2519 1841 2533 1890 ;
2566 1819 2939 1878 Francofurti
2960 1818 3032 1877 ad
3054 1818 3130 1876 M.

1860 1917 2038 1972 1689.
2084 1910 2248 1967 Inter
2294 1928 2362 1967 ea
2407 1909 2653 1967 maxime
2705 1908 2969 1967 innotuit
3000 1909 3131 1984 ejus

1861 1998 2063 2073 Utopia
2114 1994 2239 2079 (lat.
2278 1999 2606 2072 Nusquam,
2646 1992 3129 2078 Nirgendsheim)

1848 2088 1967 2146 sive
1998 2088 2070 2145 de
2102 2088 2323 2162 optimo
2357 2089 2443 2145 rei
2463 2087 2736 2162 publicae
2757 2090 2920 2145 statu
2940 2086 3134 2162 deque

1847 2195 1999 2236 nova
2047 2176 2246 2235 insula
2277 2176 2491 2252 Utopia
2522 2177 2585 2239 ll.
2628 2185 2683 2246 2,
2718 2176 2897 2234 toties
2927 2194 3132 2234 recusa

1847 2275 1908 2323 et
1957 2266 2020 2324 in
2072 2265 2214 2325 alias
2263 2283 2431 2323 versa
2480 2265 2736 2340 linguas,
2788 2283 2923 2323 cum
2973 2264 3131 2324 notis

1848 2355 1894 2412 E
1912 2375 1943 2413 r
1959 2375 1993 2413 a
2010 2374 2035 2413 s
2053 2355 2144 2412 mi
2230 2349 2529 2433 (Parisiis)
2604 2363 2787 2425 1516,
2866 2354 3132 2411 Basileae

1857 2454 2020 2507 1518
2089 2448 2149 2502 et
2197 2461 2369 2518 saepe
2433 2443 2593 2511 alibi,
2657 2442 2862 2501 Berlin
2935 2450 3130 2513 18953

1849 2532 2057 2591 Oxonii
2081 2545 2107 2596 1
2123 2542 2244 2595 895
2269 2537 2377 2590 etc.
2399 2536 2608 2607 estque
2634 2549 2884 2591 censura
2901 2549 3132 2589 morum

1849 2622 2073 2698 patriae
2104 2640 2260 2680 suae.
2322 2622 2469 2679 Prae
2503 2622 2690 2679 oculis
2723 2622 2901 2679 habet
2933 2621 3134 2679 Plato·

1848 2713 1943 2770 nis
1993 2711 2423 2786 rempublicam
2469 2713 2760 2786 pluraque
2810 2710 3133 2769 theoretice

1847 2801 2078 2875 probat,
2113 2820 2263 2875 quae
2295 2801 2567 2875 practice,
2603 2819 2738 2858 cum
2782 2818 2995 2875 magna
3024 2818 3130 2874 po-

1847 2890 2067 2949 tiretur
2099 2890 2468 2959 auctoritate,
2504 2909 2624 2948 non
2656 2890 2926 2947 servavit.
2965 2886 3134 2946 Inter

1848 2998 1916 3037 ea
1965 2983 2273 3053 praeterea
2322 2979 2619 3053 reperitur
2669 2979 2746 3035 ad
2809 2979 3132 3036 Lutherum

1849 3070 2142 3143 responsio
2192 3087 2239 3124 a.
2296 3077 2457 3129 1522
2507 3067 2646 3125 stilo
2691 3068 2947 3142 eleganti
2993 3084 3132 3125 con-

1850 3157 2069 3232 scripta
2099 3175 2206 3232 pro
2237 3175 2375 3231 rege
2407 3156 2657 3214 Henrico
2693 3156 2848 3214 vlu.
2882 3155 3134 3236 sub-no-

1850 3246 2005 3304 mine
2038 3246 2317 3305 Guilelmi
2348 3247 2651 3316 Rossei;
2686 3247 2962 3320 empositio
2984 3262 3132 3318 pas·

1847 3333 2030 3394 sionis
2065 3334 2305 3409 Christi,
2338 3335 2556 3410 scripta
2588 3335 2650 3391 in
2683 3353 2944 3404 carcere3
2995 3353 3131 3410 per-

1849 3425 2016 3483 venit
2047 3428 2249 3482 autem
2279 3427 2514 3482 tantum
2557 3424 2631 3482 ad
2662 3424 2871 3482 verba:
2933 3425 3012 3482 At
3046 3424 3134 3480 illi

1849 3530 2064 3572 manus
2097 3515 2414 3587 injecerunt
2457 3515 2520 3570 in
2565 3532 2690 3571 eum
2742 3520 2794 3571 et
2828 3519 3131 3571 tenuerunt

1932 3722 1964 3790 l
1993 3719 2073 3772 Cf.
2104 3717 2224 3771 Dilx
2257 3718 3132 3788 KL.-vl11,1930-41·Staple-

1850 3793 1949 3843 ton
1977 3790 2046 3842 de
2073 3790 2255 3843 tribus
2285 3790 2533 3852 Thoans,
2559 3761 2735 3844 buaci
2767 3793 2934 3850 158&
2977 3789 3130 3844 Guil.

1901 3862 2386 3932 oerejusgener
2375 3868 2448 3923 †]
2464 3868 2586 3919 577-
2591 3865 2678 3932 78)
2668 3862 2751 3918 lin
2766 3861 3134 3931 vit-,avulgata

1960 3933 2265 3987 h.Hear11e
2294 3933 2498 3986 Oxonii
2529 3923 2697 3990 1716‘2
2745 3934 2988 3987 Thomas
3018 3931 3132 3987 Mo·

1849 4020 1945 4056 rus
1973 4004 2132 4072 ejus
2122 4006 2371 4073 abnepos
2400 4011 2447 4074 (†
2474 4007 2667 4068 1625)
2653 4023 2714 4056 m
2736 4006 2868 4068 vita,
2889 4004 3130 4058 Londini

1852 4080 2018 4134 1627:
2064 4081 2201 4132 1726
2243 4076 2498 4146 (iliique,
2541 4093 2684 4144 quos
2725 4076 2794 4130 cf.
2834 4076 2991 4145 apud
3018 4078 3059 4129 F
3077 4092 3129 4127 aa

1852 4146 2096 4200 briciu
2115 4166 2168 4199 m
2195 4147 2256 4212 V,
2286 4151 2407 4216 affl:
2455 4164 2588 4217 prae
2631 4148 2830 4216 primis
2878 4147 3134 4217 Bridgett

1851 4235 2043 4286 congr.
2071 4236 2141 4271 ss.
2172 4217 2305 4271 Red.
2333 4219 2455 4272 Life
2497 4219 2608 4271 and
2639 4219 2919 4288 Writings
2961 4219 3024 4273 of
3046 4218 3132 4271 Sir

1852 4290 1951 4342 Th.
1983 4291 2150 4353 More,
2181 4290 2422 4345 Londini
2450 4295 2582 4347 1891
2623 4292 2684 4342 in
2711 4295 2779 4352 8..
2808 4308 2952 4359 opus
2979 4307 3131 4360 egre-

511 4364 603 4416 die
630 4361 781 4416 allen
821 4361 1013 4414 seinen
1056 4361 1319 4426 Gegnern
1360 4361 1614 4415 ofl'enbar
1641 4379 1796 4415 man·
1849 4362 2006 4429 giuni
2035 4362 2094 4413 in
2124 4363 2286 4430 cujus
2315 4363 2490 4430 praef.
2521 4362 2865 4430 biographos
2886 4362 3057 4431 hujus
3080 4362 3129 4415 b.

511 4435 632 4502 gelt
658 4434 774 4486 und
816 4432 877 4484 in
919 4433 1102 4485 seiner
1130 4432 1540 4502 Begeisterung
1587 4435 1675 4486 fiir
1703 4434 1794 4486 die
1850 4433 2114 4501 Martyris
2155 4437 2410 4486 recenset
2448 4449 2758 4501 eorumque
2810 4434 2958 4486 vitas
3002 4431 3130 4486 crisi

509 4505 684 4559 Sache
702 4507 897 4559 Gottes
916 4504 1032 4556 und
1051 4504 1793 4558 seinesReichesaufErden
1850 4505 2112 4572 subjicit:
2171 4505 2433 4558 Erasmus
2489 4505 2778 4574 Expositio
2831 4504 3013 4557 fidelis
3063 4503 3130 4556 de

512 4577 711 4630 erhebt
736 4593 793 4628 er
822 4576 937 4628 sich
967 4575 1125 4628 nicht
1151 4574 1330 4629 selten
1359 4595 1485 4629 zum
1517 4576 1792 4629 hochsten
1850 4580 2026 4630 morte
2070 4576 2171 4630 Th.
2215 4576 2357 4630 Mori
2400 4581 2458 4630 et
2497 4577 2858 4644 quorundam
2886 4575 3132 4628 aliorum

511 4648 799 4718 Schwung
818 4646 1144 4716 geistlicher
1163 4647 1598 4702 Beredsamkeit.
1629 4648 1793 4701 Seiae
1850 4647 2163 4716 insignium
2197 4647 2445 4702 virorum
2489 4649 2548 4700 in
2588 4647 2797 4716 Anglia
2835 4665 2874 4701 s.
2904 4645 3133 4716 l.(Basi-

511 4719 792 4774 Schriften
836 4720 959 4772 sind
1003 4719 1103 4772 der
1130 4719 1665 4788 Schwanengesang
1694 4720 1794 4772 der
1857 4721 1993 4788 leae)
2023 4725 2161 4774 15:55
2188 4719 2224 4773 l.
2251 4718 2572 4772 rarissimus
2613 4724 2706 4788 (m.
2734 4724 2854 4782 GO):
2896 4722 3131 4771 Antver·

508 4793 561 4846 h.
614 4790 1028 4844 Wissenschafc
1079 4790 1153 4844 im
1223 4790 1471 4847 Norden.
1561 4790 1792 4844 Nielsen
1851 4792 1978 4858 piae
2023 4795 2161 4847 1536
2201 4791 2260 4843 in
2303 4795 2366 4847 ὃς
2421 4789 2762 4845 Baumst.1rk
2792 4791 2893 4844 Th.
2921 4789 3132 4852 Morus,

512 4864 769 4918 Realenc.
799 4863 889 4920 V3.
917 4867 1022 4919 296
1050 4878 1089 4914 a.
1849 4861 2126 4930 Freiburg
2156 4868 2310 4918 1879.
