3475 5364
638 372 760 425 599
983 356 1353 409 1326—1350.
1383 351 1543 408 Rom.
1573 349 1894 405 Pontifices.
1919 353 1950 406 J
1958 367 2171 405 oannes
2199 351 2386 416 xxii„
2418 350 2758 405 Benedictus
2785 350 2909 405 XlI.
3152 369 3263 420 500

637 542 723 598 les
756 540 1121 608 dicebantur,
1143 539 1265 597 zelo
1287 536 1652 613 imprudenti
1675 542 1739 595 et
1757 538 1921 597 fana·
1980 539 2173 597 lorum
2211 533 2457 620 (1318),
2509 536 2757 597 «Ioannis
2788 536 2861 595 de
2900 536 3170 595 Polliaco
3207 536 3272 595 de

637 630 756 688 tico
788 631 1110 686 extremam
1157 626 1437 685 aemulati
1482 631 1627 686 sunt
1666 646 1921 702 pauper·
1980 630 2341 686 sacramento
2408 626 2838 703 poenitentiae;
2933 625 3274 701 reprobavit

638 721 839 786 tatem,
873 719 946 775 ut
976 716 1297 791 pertinacia
1329 716 1561 788 abrepti
1607 717 1673 775 in
1719 721 1924 792 aperta
1980 716 2417 793 propositiones
2455 724 2534 778 28
2570 714 2867 773 Eckhardi
2921 719 3074 786 etc.;
3118 716 3273 773 solli-

640 806 964 866 defecerint
981 805 1316 873 schismata,
1340 805 1414 863 ad
1433 805 1735 880 pontificis
1758 810 1923 865 tran·
1980 807 2135 865 citus
2163 805 2285 863 fuit
2316 806 2388 864 de
2419 805 2722 864 dilatanda
2753 823 2893 862 vera
2926 805 3050 863 fide
3085 804 3274 862 missis

641 896 856 955 sierint
887 896 1098 964 hostes,
1151 894 1212 952 in
1264 894 1585 953 rebellione
1634 896 1923 954 adversus
1981 895 2123 954 viris
2173 895 2515 969 apostolicis
2566 894 2629 951 in
2675 894 2959 962 Persiam,
3009 893 3275 954 Jndiam,

641 984 967 1062 legitimam
1027 983 1442 1042 auctoritatem
1491 985 1923 1044 contabuerint.
1980 983 2327 1054 Turkestan,
2363 984 2683 1059 imperium
2717 982 2978 1050 sinouse,
3032 983 3277 1041 Aethio-

642 1075 776 1132 Non
808 1073 1002 1132 defuit
1031 1076 1232 1130 tamen
1264 1071 1527 1147 pontifici
1570 1073 1808 1132 fortiter
1837 1076 1922 1133 la·
1983 1074 2141 1150 piam
2192 1075 2255 1131 et
2303 1073 2602 1131 institutis
2647 1073 2820 1130 novis
2866 1072 3275 1140 dioecesibus3

642 1162 876 1222 boranti
911 1162 1101 1221 omnis
1153 1179 1478 1220 successus.
1542 1163 1825 1221 Nicolaus
1859 1162 1924 1221 V.
1982 1162 2435 1221 deresarcienda
2452 1161 3101 1220 unionecumecclesia
3115 1180 3276 1238 grae·

642 1253 925 1328 antipapa
969 1251 1029 1309 in
1083 1269 1145 1308 se
1193 1268 1467 1310 reversus
1519 1251 1831 1310 humiliter
1862 1271 1926 1310 se
1983 1251 2632 1328 cacogitavit3vigilans
2653 1251 2771 1309 suit
2786 1251 2855 1308 in
2872 1250 3277 1326 promovenda

644 1340 898 1417 subjecit
929 1340 1131 1400 funem
1165 1340 1319 1398 circa
1350 1341 1569 1399 collum
1602 1345 1847 1417 gestans
1868 1344 1928 1399 et
1983 1341 2298 1416 disciplina
2312 1341 2717 1408 ecclesiastica,
2751 1353 2925 1415 saepe
2956 1340 3098 1415 ipse
3129 1342 3273 1397 Ave·

642 1431 715 1489 ad
748 1429 1003 1507 legitimi
1035 1429 1330 1503 pontificis
1376 1429 1556 1504 pedes
1590 1433 1926 1505 prostratus
1982 1430 2157 1489 nione
2189 1429 2663 1488 concionabatur.
2699 1430 2922 1488 Doctus
2939 1446 3084 1487 enm
3103 1433 3276 1496 esset,

644 1522 708 1579 in
739 1520 919 1578 verba
949 1517 1059 1575 filii
1089 1518 1327 1595 prodigi
1379 1520 1684 1595 prorupit:
1733 1519 1924 1589 Pater,
1984 1519 2295 1578 nitebatur
2339 1525 2579 1594 quoque
2623 1531 3088 1593 quaquaversus
3149 1518 3275 1575 lite-

641 1610 868 1685 peccavi
899 1610 961 1665 in
994 1608 1208 1665 coelum
1240 1615 1290 1666 ct
1322 1625 1517 1666 coram
1550 1615 1600 1666 te
1634 1606 1798 1689 (Luc.
1829 1620 1926 1678 15,
1984 1608 2139 1667 raria
2200 1608 2398 1666 fovere
2461 1608 2662 1666 studia
2721 1613 2913 1682 eaque
2971 1607 3276 1683 ampliare,

652 1693 773 1778 18).
825 1697 1092 1773 Benigne
1124 1717 1158 1754 a
1187 1696 1224 1754 J
1230 1715 1419 1755 oanne
1442 1701 1756 1774 susceptus
1791 1703 1929 1773 pos't
1984 1697 2141 1756 viros
2167 1699 2379 1772 juvare
2413 1697 2702 1756 literatos.
2737 1696 2917 1754 Manu
2951 1696 3102 1755 forti
3136 1695 3276 1754 rexit

648 1792 771 1845 tres
804 1804 989 1844 annos
1022 1785 1422 1860 poenitentiae
1456 1786 1690 1845 liberali
1726 1791 1926 1846 custo·
1986 1786 2305 1845 Ecclesiam
2326 1786 2433 1844 Dei
2464 1785 2791 1860 procelloso
2828 1791 3108 1861 tempore
3130 1783 3278 1843 ultra

645 1877 744 1935 dia
758 1875 1036 1934 detentus
1050 1871 1096 1954 ¹)
1119 1875 1426 1933 Avenione
1456 1881 1616 1939 1333
1658 1877 1926 1935 decessit.
1985 1894 2170 1935 annos
2205 1885 2297 1945 18,
2320 1875 2555 1933 sobrius
2576 1875 2757 1933 vitam
2778 1893 2963 1951 agens
2987 1874 3272 1933 monachi.

649 1965 1092 2025 Controversiae
1155 1975 1393 2039 quoque
1445 1964 1516 2023 de
1579 1967 1929 2041 paupertate
1985 1959 2340 2034 industrius,
2375 1964 2854 2039 operosissimus,
2890 1965 3140 2022 nullum
3172 1963 3277 2020 iter

646 2054 929 2131 gravibus
963 2052 1261 2127 pontificis
1296 2053 1488 2112 literis
1521 2057 1582 2112 et
1613 2055 1931 2130 prudentia
1986 2054 2079 2112 vel
2169 2053 2709 2112 deambulationem
2792 2051 2906 2111 sibi
2989 2052 3273 2129 permisit.

647 2144 885 2201 demum
915 2142 1266 2200 imminutae
1288 2141 1496 2200 saltem
1519 2147 1676 2201 sunt.
1709 2144 1929 2203 Verum
1988 2143 2374 2201 Grandaevus
2421 2141 2687 2211 decessit,
2721 2154 2909 2200 annos
2949 2143 3085 2200 scil.
3107 2143 3275 2199 natus

651 2251 803 2291 nova
863 2232 1072 2291 oborta
1133 2234 1222 2288 est
1286 2234 1685 2290 controversia
1746 2253 1931 2310 eaque
1985 2231 2314 2308 nonaginta
2406 2227 2490 2313 (4.
2587 2231 2715 2290 Dec.
2793 2231 3003 2308 1334).
3090 2215 3275 2305 Hujus

647 2321 983 2398 dogmatica
1013 2319 1169 2377 haud
1203 2322 1361 2378 leves
1393 2321 1586 2379 eidem
1628 2323 1932 2381 molestias
1989 2321 2369 2397 operositatis
2416 2325 2604 2379 testes
2651 2323 2797 2379 sunt
2835 2321 2994 2380 circa
3046 2329 3272 2383 60.οῦ(1

650 2427 868 2469 creans.
887 2409 1450 2468 Controvertebatur
1464 2410 1769 2482 nimirum,
1787 2421 1930 2470 num
1989 2410 2459 2478 constitutiones,
2494 2409 2832 2485 diplomata,
2868 2409 3105 2474 literae,
3141 2415 3274 2483 qna·

649 2499 875 2558 animae
886 2499 1452 2573 justorum‚quibus
1474 2499 1624 2557 nihil
1648 2495 1932 2559 luendum
1990 2513 2127 2557 rum
2159 2498 2258 2556 vix
2291 2495 2517 2557 decima
2562 2509 2701 2574 pars
2745 2497 2999 2557 eruditis
3049 2501 3144 2557 est
3186 2507 3271 2555 ex·

650 2596 783 2664 post
815 2589 1063 2646 mortem
1096 2583 1266 2656 esset,
1315 2589 1518 2646 statim
1551 2580 1934 2649 admitteren-
1990 2589 2241 2666 plorata.
2304 2588 2423 2646 Eae
2469 2588 2625 2645 enim
2677 2587 2963 2647 hactenus
3001 2581 3273 2646 collectae

650 2685 753 2736 tur
784 2675 857 2735 ad
890 2675 1175 2735 visionem
1201 2676 1306 2734 Dei
1322 2677 1672 2749 beatificam,
1695 2696 1772 2738 an
1790 2678 1935 2756 ipsis
1991 2676 2260 2736 nondum
2292 2676 2659 2754 prodierunt,
2695 2676 2800 2736 sed
2849 2677 3157 2753 dispersae
3184 2695 3272 2735 ex·

652 2765 1114 2842 exspectandum
1166 2770 1324 2823 esset
1372 2786 1564 2842 usque
1610 2768 1683 2826 ad
1726 2769 1937 2844 judicii
1994 2770 2159 2825 stant
2194 2786 2296 2841 per
2331 2766 2502 2842 plura
2533 2785 2727 2841 opera.
2761 2767 2977 2825 Nostra
3000 2771 3200 2826 aetate
3217 2765 3272 2822 G.

653 2854 1004 2914 universalis
1051 2854 1223 2915 diem.
1288 2855 1441 2914 Huic
1485 2858 1800 2931 posteriori
1845 2876 1931 2915 as-
1993 2856 2200 2914 Mollat
2230 2856 2423 2932 coepit
2469 2855 2641 2915 edere
2686 2857 2817 2932 ejus
2864 2856 3105 2916 Lem-es
3134 2874 3270 2915 com-

655 2944 899 3003 sertioni
933 2942 1147 3001 favisse
1199 2943 1439 3002 videtur
1471 2947 1754 3019 pontifex,
1803 2946 1940 3005 hinc
1998 2964 2209 3015 munes,
2258 2944 2508 3003 Parisiis
2560 2955 2741 3008 1904.
2806 2944 3272 3004 constitutiones

654 3034 977 3091 multorum
994 3032 1249 3090 incurrit
1264 3034 1937 3095 contradictionesznul-
1995 3033 2209 3110 viginti
2261 3040 2529 3109 receptae
2580 3039 2724 3092 sunt
2771 3034 2836 3091 in
2886 3053 3107 3109 corpus
3130 3032 3273 3110 juris

654 3124 770 3180 lam
803 3127 1003 3179 tamen
1037 3121 1144 3179 hac
1174 3121 1247 3179 de
1269 3142 1330 3180 re
1351 3122 1540 3181 edidit
1560 3125 1936 3194 sententiam,
1996 3123 2261 3181 canonici
2298 3123 2410 3182 sub
2441 3123 2827 3199 inscriptione
2862 3120 3271 3200 Extravayan-

655 3212 772 3269 imo
805 3228 986 3286 supra
1006 3211 1216 3269 mortis
1237 3212 1458 3269 lectum
1480 3214 1709 3288 positus
1744 3232 1937 3273 coram
1994 3220 2073 3271 tes
2091 3212 2149 3290 ¹).

655 3299 1054 3359 cardinalibus
1116 3299 1494 3360 adstantibus
1546 3304 1743 3379 palam
1803 3321 1938 3379 pro-

656 3392 844 3448 fessus
890 3395 978 3447 est
1014 3397 1067 3451 3.
1101 3389 1233 3451 Dec.
1273 3394 1470 3453 1334:
1538 3392 1941 3458 ,Confitemur
2089 3394 2248 3453 308.
2285 3390 2573 3449 Defuncto
2622 3389 2889 3466 pontifici
2952 3390 3274 3449 cardinales

655 3482 714 3538 et
763 3477 1058 3538 credimus
1109 3479 1332 3537 animas
1384 3500 1418 3538 a
1466 3481 1813 3556 corporibus
1847 3499 1939 3539 se·
1998 3496 2129 3538 mox
2174 3480 2636 3549 substituerunt,
2690 3479 2794 3537 sed
2845 3480 2997 3538 forte
3046 3483 3274 3555 praeter

650 3570 891 3644 junctas
924 3570 1328 3645 purgatasque
1375 3570 1438 3627 in
1485 3571 1646 3628 coelo
1690 3580 1758 3628 ao
1804 3571 1940 3629 sede
1998 3569 2595 3639 suamintentionem‚
2630 3568 3135 3627 Benedictnm
3163 3566 3273 3627 ΧΠ-

655 3658 1045 3716 beatitudinis
1096 3676 1224 3717 esse
1274 3676 1404 3716 cum
1442 3658 1677 3718 Christo
1723 3662 1785 3717 et
1835 3679 1940 3718 an·
2000 3654 2129 3737 (20.
2167 3658 2296 3716 Dec.
2341 3653 2551 3737 1334),
2599 3658 2704 3733 qui
2748 3661 2927 3715 antea
2971 3656 3274 3716 dicebatur

656 3747 806 3824 gelis
840 3764 904 3804 ac
935 3746 1055 3805 frui
1086 3747 1372 3822 adspectu
1421 3747 1752 3807 divinitatis
1785 3750 1941 3807 claro
1996 3746 2256 3805 ‚Iacobus
2306 3746 2631 3806 Furnarius
2678 3744 3036 3826 (Forum-ius,
3097 3746 3272 3806 Fom-

656 3841 717 3895 et
748 3858 782 3893 a
814 3835 959 3894 facie
990 3837 1062 3894 ad
1095 3836 1318 3903 faciem,
1352 3838 1423 3894 ut
1455 3837 1572 3895 fert
1602 3842 1794 3895 status
1814 3838 1941 3896 ani·
2002 3830 2157 3916 nier)
2210 3835 2537 3895 Saverduni
2585 3836 2649 3893 in
2690 3835 2953 3894 Fuxensi
2999 3837 3273 3895 comitata

660 3944 783 3983 mae
818 3929 1137 4000 separatae.
1190 3925 1429 3999 Siquid
1460 3932 1668 3984 contra
1699 3928 1942 4001 scripsi·
2004 3928 2171 4000 patre
2233 3925 2455 4000 pistore
2519 3921 2703 4006 (unde
2765 3925 2896 4001 ejus
2960 3940 3274 4002 cognomen

659 4032 792 4072 mus
825 4026 930 4072 aut
965 4013 1323 4088 protulimus
1373 4030 1405 4073 e
1450 4020 1744 4092 suggestu
1777 4035 1942 4075 sacro
2000 4014 2328 4072 Fui-narius
2370 4015 2548 4090 juxta
2589 4014 2914 4074 nonnullos
2954 4010 3270 4085 derivatur)

659 4121 928 4178 expresse
987 4100 1450 4182 revocamus2).‘
1530 4106 1789 4164 Solerter
1849 4107 1940 4163 in-

660 4191 934 4268 vigilavit
963 4193 1214 4266 puritati
1247 4192 1398 4261 fidei,
1443 4193 1578 4253 hinc
1609 4194 1772 4252 edita
1802 4212 1941 4253 con·
2082 4206 2115 4273 ¹)
2145 4202 2228 4258 Cf.
2269 4204 2465 4257 Felten
2506 4201 2618 4262 KL.
2662 4201 2754 4265 VI,
2783 4206 3145 4260 1584-1595
3190 4200 3274 4256 ubi

659 4283 973 4339 stitutione
1026 4290 1124 4344 29.
1169 4282 1292 4340 Oct.
1342 4292 1504 4344 1:327
1562 4286 1799 4342 tutatus
1850 4288 1944 4342 est
2000 4273 2292 4398 copiosa?
2339 4272 2587 4342 ΥΘΡΘΓῘθῦ
2637 4273 2706 4327 de
2771 4289 2836 4328 00
2900 4274 3275 4341 Ῑίῧθῐῦῐῑῑῐῦὓῑῖ

654 4372 793 4445 jura
824 4370 1116 4429 Ecclesiae
1148 4375 1208 4430 et
1237 4372 1530 4447 primatus
1551 4373 1831 4431 adversus
1853 4392 1944 4431 er·
2002 4344 2221 4400 0⁰¹¹l⁰¹¹
2296 4348 2466 4399 emes
2492 4346 2730 4425 Βῗῧῖὸωθ
2766 4348 2824 4427 9¹³
2849 4343 3099 4435 curiales
3125 4346 3205 4427 ὼ*
3228 4342 3276 4397 Ρ·

2003 4410 2146 4469 Jean
2176 4415 2347 4469 XXII.
2388 4415 2655 4469 relatives
2701 4420 2732 4470 a
2759 4415 2816 4469 la
2843 4418 3078 4479 Brance,
3134 4412 3276 4469 Paris

659 4477 821 4517 rores
867 4460 1119 4518 Marsilii
1168 4462 1432 4519 Patavini
1475 4465 1536 4521 et
1579 4462 1828 4523 Joannis
1874 4462 1946 4520 de
2002 4492 2171 4548 1901=
2234 4484 2443 4557 Preger
2506 4486 2646 4542 tiber
2709 4486 2799 4541 die
2866 4489 3058 4541 Anfan
3192 4488 3275 4540 des

658 4548 968 4618 Jandun03
1017 4550 1322 4609 damnavit
1367 4564 1597 4609 errores
1630 4551 1945 4610 F‘ratricel-
2003 4559 2363 4628 kirchenpol.
2389 4558 2661 4628 Kampfes
2677 4563 2846 4613 unter
2873 4559 3121 4627 Ludwig
3146 4559 3199 4612 d.
3224 4557 3274 4609 B.

2004 4631 2111 4683 Mit
2134 4636 2437 4701 Ausziigen
2475 4647 2578 4683 aus
2626 4630 2941 4687 Urkunden
2986 4631 3085 4684 des
3113 4630 3273 4684 vatik.

2003 4704 2171 4757 Arch.
2201 4718 2312 4755 von
2353 4706 2707 4759 1315-1324
2745 4701 2804 4754 in
2847 4701 2960 4755 den
3003 4702 3149 4758 Abh.
3189 4701 3275 4755 der

741 4778 773 4831 s)
803 4773 883 4828 Cf.
926 4766 1060 4827 haec
1108 4773 1289 4827 fusius
1343 4774 1669 4826 narrantem
1724 4778 1946 4843 praeter
2001 4774 2133 4827 hist.
2164 4768 2252 4828 Kl.
2281 4773 2380 4827 der
2402 4775 2461 4828 k.
2490 4774 2543 4828 b.
2572 4774 2675 4828 ΑΒ.
2705 4762 2804 4826 der
2830 4772 2921 4827 W.
2950 4772 3081 4826 XVI
3130 4770 3273 4843 1882)

661 4845 803 4899 ulios
831 4845 982 4913 Egoes
1013 4845 1179 4915 Purp.
1209 4844 1407 4899 doctae
1436 4847 1470 4899 l.
1501 4845 1566 4898 11.
1595 4860 1725 4915 pag.
1756 4850 1945 4901 344ss.
2004 4840 2175 4899 Abth.
2205 4850 2237 4900 2
2265 4861 2320 4913 p.
2350 4836 2647 4907 113—284.
2686 4844 2787 4899 ubi
2817 4845 3001 4898 multa
3030 4844 3079 4917 (1
3201 4860 3272 4897 ex-

736 4924 774 4987 2')
803 4919 884 4972 Cf.
915 4888 1111 4971 {lescle
1139 4928 1166 4983 ξ
1194 4922 1311 4973 mi.
1881 4950 1890 4959 ·
2000 4916 2164 4970 hibet
2190 4918 2452 4986 excerpta.
2480 4932 2543 4969 ex
2571 4915 2842 4986 RegestiS.
