3475 5364
631 374 745 427 631
1119 361 1492 413 1351—1375.
1520 356 1834 426 Theologia
1860 355 2154 425 polemica.
2181 354 2426 409 Richard
2451 354 2764 425 Fitzralph‚
3146 373 3253 425 532

629 542 772 601 tatis
803 545 866 600 et
896 543 1214 618 aliquoties
1262 543 1672 602 universitatis
1705 547 1913 602 rector.
1972 564 2019 601 a.
2063 552 2223 606 1347
2274 561 2309 599 a
2341 541 2602 616 capitulo
2646 541 3140 618 archiepiscopus
3178 561 3259 598 ar-

629 632 778 707 Ejus
809 632 1113 691 Summula
1156 633 1226 690 de
1265 634 1562 692 dialectica
1610 651 1716 691 seu
1748 632 1915 691 Coni-
1972 633 2295 691 macharius
2313 631 2551 690 electus
2584 630 2939 707 Composuit
2971 648 3259 689 sumniam

630 722 910 797 pendium
964 721 1189 798 logicae
1236 739 1409 797 saepe
1453 722 1698 797 prodiit,
1752 721 1913 780 Pari-
1975 740 2082 780 seu
2131 722 2193 780 ll.
2246 721 2378 780 xlx
2423 721 2487 779 in
2547 720 2929 795 quaestiones
2980 722 3262 778 Armeno-

631 810 736 868 siis
766 809 1233 879 14873Venetiis
1262 810 1915 881 14893010nii16373
1974 830 2107 869 rum
2155 814 2218 870 et
2265 811 2638 878 Graecorum,
2690 809 2931 868 Parisiis
2985 828 3137 868 cura
3180 808 3262 868 Jo.

631 898 880 960 Londini
966 910 1159 969 16403
1246 900 1360 959 alia
1446 919 1654 975 opera,
1766 918 1917 975 quae
1974 899 2429 968 Sudorisl512‚
2464 899 2891 968 ed.rarissima‚
2927 897 3040 958 sed
3072 898 3262 957 admo·

632 991 775 1047 sunt
821 991 1236 1048 commemoria
1285 989 1580 1048 librorum
1624 990 1916 1048 Aristote·
1975 989 2116 1047 dum
2148 987 2446 1047 mendosa.
2495 988 2645 1047 Eum
2678 988 2881 1049 hocin
2917 1007 3016 1064 op.
3058 987 3265 1047 Wiclefi

632 1078 704 1135 lis
721 1075 782 1155 ¹),
818 1076 1169 1154 prodierunt
1187 1078 1439 1138 collecta
1469 1097 1611 1138 cura
1630 1079 1722 1138 Jo.
1745 1079 1917 1138 Dul-
1973 1078 2273 1138 erroribus
2312 1077 2507 1136 favere
2558 1077 2857 1136 affirmant
2907 1075 3262 1151 nonnullis),

632 1167 836 1226 lardi
871 1167 1115 1226 Parisiis
1161 1178 1354 1237 15003
1406 1177 1601 1239 15163
1654 1177 1819 1231 1518
1853 1169 1919 1226 in
1975 1167 2079 1226 sed
2100 1166 2303 1243 judice
2335 1166 2525 1225 Hansi
2570 1166 2853 1243 dogmata
2882 1166 3185 1225 catholica
3211 1167 3265 1224 in

634 1268 687 1318 4.
710 1257 854 1332 Ejus
887 1256 1164 1332 discipuli
1196 1260 1257 1314 et
1278 1256 1527 1316 asseclae
1557 1257 1743 1316 coacti
1776 1261 1916 1316 sunt
1974 1275 2041 1316 eo
2074 1256 2311 1334 egregie
2342 1257 2587 1332 exponit
2634 1259 2694 1315 et
2737 1259 2968 1315 tuetur.
3024 1257 3116 1316 Eo
3152 1274 3263 1314 nis·

630 1348 767 1420 post
815 1347 944 1421 ejus
1006 1349 1255 1404 mortem
1306 1342 1376 1428 (c.
1433 1343 1625 1427 1358)
1679 1346 1917 1405 Parisiis
1967 1347 2115 1421 joris
2133 1345 2312 1421 pretii
2332 1345 2558 1404 censeri
2577 1345 2755 1404 debet
2773 1345 3084 1420 hocopus,
3119 1345 3263 1420 quod

632 1434 921 1494 secedere:
954 1454 1208 1510 quorum
1243 1436 1446 1511 plures
1470 1435 1757 1494 Viennam
1779 1454 1915 1497 con·
1974 1439 2127 1495 teste
2157 1435 2460 1497 Kaulen
2506 1437 2713 1494 auctor
2752 1433 3035 1510 legit-ima
3064 1453 3265 1510 propo-

631 1524 920 1601 fugerunt
950 1542 1015 1582 ac
1048 1525 1135 1584 ita
1165 1524 1532 1583 induxerunt
1559 1518 1635 1608 :in
1669 1525 1917 1584 faculta·
1975 1528 2079 1584 nat
2110 1524 2416 1600 principia,
2444 1525 2622 1598 juxta
2652 1542 2805 1599 quae
2839 1523 3042 1582 solida
3060 1524 3265 1582 revisio

632 1617 751 1670 tem
768 1613 1236 1689 philosophicam
1269 1614 1597 1673 academiae
1632 1615 1916 1673 viennen·
1974 1618 2036 1673 et
2078 1614 2413 1673 emendatio
2458 1613 2747 1672 versionis
2793 1611 3082 1689 vulgatae
3126 1617 3263 1671 teni·

634 1701 716 1759 sis
749 1702 1248 1762 nominalismum.
1974 1722 2184 1780 porum
2207 1704 2379 1778 lapsu
2410 1707 2503 1761 tot
2520 1702 2751 1761 mendis
2773 1701 3113 1761 scribarum
3132 1702 3262 1760 alio·

1975 1812 2227 1868 rumque
2246 1792 2569 1851 oscitantia
2584 1791 2933 1867 inquinatae
2948 1790 3154 1867 perfici
3171 1809 3262 1866 po·

1975 1882 2194 1940 tuisset
2207 1877 2272 1964 ι).
2306 1880 2463 1939 Huic
2476 1880 2725 1939 editioni
2745 1879 2935 1939 additi
2970 1881 3264 1939 Sermones

725 1978 869 2032 324.
892 1970 1058 2029 Inter
1071 1970 1378 2047 theologos
1388 1972 1699 2043 polemicos
1712 1971 1920 2029 referri
1977 1971 2014 2030 1
2028 1971 2234 2029 Vsunt
2250 1972 2321 2029 ad
2343 1987 2577 2029 crucem
2600 1970 3022 2029 londinensem
3038 1978 3260 2032 ι1356

635 2054 976 2142 possunt⁸):
1031 2059 1465 2118 Richardus
1516 2059 1919 2135 Fitzralph
1976 2060 2164 2119 habit-i
2198 2063 2376 2135 atque
2408 2059 2509 2117 alii
2551 2059 2623 2117 de
2655 2058 2937 2117 laudibus
2971 2059 3260 2135 Deiparaa

633 2149 933 2227 (Fitzrauf,
966 2148 1442 2224 Filioradolphus
1475 2149 1509 2207 i.
1543 2168 1590 2208 e.
1625 2148 1922 2223 Radulphi
1977 2150 2210 2209 Acriter
2247 2148 2724 2225 jurisdictionem
2755 2148 3185 2223 episcoporum
3210 2152 3261 2204 et

634 2232 816 2317 filius)
839 2307 840 2310 Ἴ
866 2237 1186 2307 Hiberum,
1234 2237 1429 2313 patria
1460 2237 1919 2309 Dundalkensis,
1977 2238 2367 2314 parochorum
2407 2236 2813 2314 propugnavit
2858 2236 3155 2296 adversus
3180 2254 3260 2296 or·

635 2327 844 2387 Oxonii
863 2326 900 2385 J
904 2327 1111 2387 oannis
1128 2326 1550 2402 Baconthorpii
1570 2327 1917 2403 discipulu8‚
1978 2328 2146 2387 dines
2162 2327 2594 2387 mendicantes:
2610 2326 2749 2386 hinc
2762 2326 2951 2385 malae
2967 2326 3261 2386 doetrinae

633 2420 838 2491 postea
857 2416 1166 2492 professor,
1201 2415 1273 2473 ad
1305 2417 1476 2491 cujus
1500 2416 1922 2492 praelectiones
1977 2420 2039 2475 et
2069 2417 2190 2476 fere
2223 2417 2551 2476 haereticus
2594 2416 2670 2476 ab
2701 2415 3012 2490 aliquibus
3044 2420 3141 2475 est
3169 2415 3261 2473 ha·

635 2505 936 2564 auditores
952 2509 1260 2580 tamquam
1274 2523 1411 2581 apes
1427 2505 1501 2564 ad
1516 2506 1922 2565 alveariaoon-
1976 2506 2159 2576 bitus,
2201 2508 2264 2564 et
2294 2506 2451 2582 apud
2481 2505 2821 2581 pontificem
2850 2504 3260 2565 Innocentium

634 2594 934 2663 volabant,
967 2594 1666 2654 dioecesislincolniensis
1694 2596 1922 2654 cancel·
1980 2596 2072 2654 VI.
2108 2600 2422 2655 accusatus
2453 2595 2814 2654 Avenionem
2860 2600 3122 2654 vocatus
3162 2592 3261 2651 fuit

634 2684 835 2743 larius.
893 2686 985 2743 Ab
1030 2684 1304 2743 Eduardo
1342 2686 1446 2743 III.
1481 2704 1618 2761 rege
1662 2685 1922 2761 primum
1978 2686 2179 2760 ibique
2221 2704 2413 2744 coram
2446 2685 2721 2762 pontifice
2763 2690 2825 2744 et
2868 2682 3262 2744 cardinalibus

635 2772 1078 2833 archidiaconus
1124 2775 1449 2844 cestrensis,
1497 2774 1635 2833 dein
1668 2775 1923 2833 decanus
1978 2775 2380 2834 defensionem
2401 2778 2741 2833 curatorum
2772 2778 2981 2833 contra
3017 2793 3140 2844 eos,
3170 2772 3261 2848 qui

635 2862 1037 2921 lichfeldensis
1062 2860 1116 2943 (1
1137 2861 1288 2940 ³37)
1319 2862 1515 2922 dictus
1537 2866 1647 2933 est,
1682 2863 1922 2923 tandem
1978 2862 2040 2924 se
2079 2865 2288 2924 dicunt
2318 2861 2744 2940 privilegiatos,
2791 2865 3082 2940 suscepit,
3126 2881 3260 2938 quae

1987 2954 2251 3030 Defensio
2331 2970 2438 3012 seu
2534 2950 2945 3011 Defensorium
3037 2956 3262 3012 curato-

718 3067 1703 3141 ¹)StocleL.11²‚1538:Einen
1732 3070 1925 3123 πρίων
1981 3062 2115 3101 rum
2158 3041 2386 3119 prodiit
2432 3060 2477 3100 Β·
2523 3041 2561 3099 1.
2608 3061 2657 3099 ⁸·
2705 3044 2769 3100 et
2812 3044 2972 3118 twa
3031 3041 3262 3141 Parisiis

637 3139 934 3209 gehenden
963 3138 1185 3194 Einfluss
1227 3141 1332 3193 auf
1365 3141 1457 3194 die
1486 3140 1925 3211 Entwickelung
1992 3143 2188 3202 14963
2252 3140 2453 3200 1511;
2516 3140 2712 3201 16253
2784 3139 2985 3198 16323
3058 3136 3264 3206 optime

639 3212 738 3267 dei·
768 3210 1128 3281 Philosophie
1170 3210 1352 3265 seiner
1379 3212 1500 3266 Zeit
1541 3212 1648 3265 hat
1669 3212 1926 3268 Buridan
1983 3222 2142 3298 apud
2174 3223 2447 3280 Brown
2491 3220 2554 3278 in
2587 3219 2934 3295 Appendioe
2978 3220 3064 3278 gd
3097 3219 3261 3277 fascic„

642 3283 801 3364 nicht
824 3282 1124 3373 ausgefibt.
1177 3282 1252 3336 Er
1278 3283 1432 3366 steht
1456 3284 1516 3338 in
1544 3285 1643 3364 der
1668 3284 1926 3365 nomina-
1983 3330 2183 3370 rerum
2206 3309 2671 3386 expetendarum
2689 3329 2747 3385 p·
2773 3318 3109 3375 456-85·
3130 3309 3263 3367 Dm

640 3354 928 3409 listischen
952 3357 1260 3423 stromung
1279 3371 1445 3425 jener
1472 3354 1593 3409 Zeit
1617 3355 1736 3409 und
1766 3355 1929 3409 leitet

640 3425 883 3479 dieselbe
904 3425 1047 3486 fort;
1075 3424 1373 3497 originelle
1392 3425 1702 3480 Gedanken
1721 3426 1925 3480 durfen
1983 3419 2123 3459 vem
2172 3417 2378 3501 ‘'1⁸⁰⁸oe
2425 3417 2566 3458 ⁸⁰⁸0
2614 3398 2939 3467 in⁸i⁸f⁶r⁰t⁹
2972 3396 3263 3499 A0V0¹³i⁰¹¹f

641 3497 743 3550 wir
768 3497 857 3551 bei
883 3496 1004 3551 ihm
1033 3498 1192 3552 nicht
1230 3498 1463 3554 suchen.
1517 3498 1646 3551 Und
1673 3498 1926 3554 insofern
1983 3489 2239 3548 decessu
2289 3499 2381 3551 16.
2415 3487 2562 3547 Nov.
2606 3496 2791 3551 1360.
2855 3487 3133 3546 Plurima
3173 3488 3263 3543 tn·

641 3569 732 3622 die
744 3568 1228 3625 nominalistische
1242 3569 1552 3639 Stromung
1569 3570 1695 3623 eine
1709 3570 1925 3640 Haupt-

641 3641 839 3695 schuld
867 3657 939 3693 an
969 3640 1095 3694 dem
1125 3640 1441 3721 Ruckgang
1478 3640 1576 3694 der
1603 3641 1927 3696 Scholastik

642 3730 731 3765 am
759 3715 1065 3782 Ausgange
1102 3712 1199 3766 des
1228 3711 1590 3766 mittelalters
1621 3719 1770 3783 lrng,
1796 3716 1927 3767 muss
2059 3718 2098 3775 ¹³)
2164 3712 2249 3765 lta
2313 3712 2557 3765 testatur
2617 3710 2877 3765 Bellar
2898 3711 3106 3765 minu
3124 3729 3148 3763 s
3203 3708 3262 3760 de

641 3783 893 3837 Buridan
922 3785 1005 3837 als
1033 3781 1383 3838 Nominalist
1426 3801 1594 3854 sogar
1621 3788 1789 3838 unter
1816 3785 1925 3838 die·
1984 3782 2179 3853 script.
2221 3783 2352 3837 eccl.
2398 3783 2506 3865 sub
2551 3782 2711 3837 Rich.
2759 3783 3106 3848 Armacano‚
3146 3781 3260 3834 hinc

636 3854 1784 4006 aa?sefssssssssffflffiisigg
1799 3856 1931 3982 {a
1984 3858 2341 3995 &ratas
2361 3852 3258 4006 0213322032155.‚.05·3122253‘?s

642 3998 974 4052 arbeiteten.
1025 3997 1107 4052 Cf.
1136 3998 1430 4051 Aschbaoh
1468 3999 1803 4053 Geschichte
1830 4000 1929 4052 der
1985 3997 2218 4065 quando
2246 3999 2315 4051 de
2333 3997 2573 4052 materia
2588 3997 2979 4052 mendicitatis
2997 3996 3257 4068 praediea-

643 4068 873 4122 Wiener
903 4068 1068 4124 Univ.
1101 4069 1137 4131 l,
1164 4072 1223 4125 81
1251 4090 1262 4128 ς
1314 4069 1483 4123 etiam
1517 4069 1733 4124 Denifle
1762 4070 1929 4124 Char·
1985 4072 2075 4121 ret
2099 4068 2335 4140 populo,
2361 4084 2566 4124 novem
2592 4068 2992 4122 conclusiones
3019 4064 3259 4140 protulit,

645 4139 842 4193 tularii
872 4139 938 4204 ll,
967 4146 1017 4205 1,
1044 4145 1164 4198 646.
1986 4140 2194 4209 quibus
2235 4139 2432 4193 offensi
2468 4139 2668 4194 fratres
2713 4138 2928 4193 ordinis
2955 4139 3261 4195 mendican-

719 4221 756 4282 ν)
787 4211 1084 4266 Nonnulla
1124 4212 1278 4282 typis
1321 4211 1478 4265 haud
1517 4212 1759 4283 indigna
1802 4229 1928 4268 con·
1989 4213 2153 4273 tium.
2181 4212 2253 4266 ad
2276 4213 2465 4266 sedem
2494 4210 2866 4281 apostolicam
2894 4228 3092 4266 coram
3119 4210 3259 4283 plebe

647 4292 730 4337 tra
794 4285 1034 4337 Graecos
1096 4283 1333 4351 reliquit
1395 4283 1437 4336 P
1456 4283 1566 4338 hil
1584 4284 1599 4337 i
1619 4302 1656 4354 p
1675 4303 1712 4354 p
1730 4303 1767 4339 u
1785 4302 1810 4337 s
1861 4285 1930 4338 de
1988 4284 2483 4354 appellaverunt⁶⁶.
2512 4283 2599 4336 Ita
2616 4283 2661 4336 T
2678 4282 2946 4336 rithein
2962 4283 3074 4338 ius
3100 4283 3259 4340 0653-

647 4355 809 4408 Pera
837 4356 1132 4419 (suburbio
1160 4354 1807 4427 constantinopolitano)
1836 4373 1931 4427 pa·
1992 4355 2063 4408 Et
2086 4372 2283 4408 revera
2306 4355 2365 4407 in
2387 4371 2489 4409 suo
2513 4371 2607 4424 op.
2627 4358 2690 4408 de
2705 4361 2972 4436 pauperie
2992 4358 3169 4410 Salvae
3197 4355 3261 4405 ris

643 4426 900 4480 rentibus
950 4427 1335 4496 genuensibus
1383 4430 1556 4492 ortus,
1604 4427 1704 4496 qui
1756 4428 1931 4482 conti·
1988 4432 2042 4482 11.
2072 4432 2121 4490 7,
2149 4427 2210 4479 iii
2238 4443 2354 4495 quo
2396 4427 2579 4480 forma
2618 4424 2903 4496 dialogica
2945 4426 3019 4479 de
3047 4439 3261 4497 paupet·

644 4515 788 4552 nuas
825 4515 953 4553 cum
993 4498 1331 4553 Graecorum
1380 4499 1726 4569 primoribus
1766 4500 1931 4554 colla·
1991 4502 2110 4552 tate
2136 4498 2345 4552 Christi
2368 4498 2660 4552 occasione
2677 4498 3191 4552 controversiarum
3213 4495 3262 4547 in

647 4570 827 4625 tiones
854 4572 913 4623 et
936 4569 1359 4639 disputationes
1386 4571 1606 4633 habuit,
1649 4575 1713 4623 ut
1740 4588 1833 4625 eos
1860 4571 1932 4623 ad
1992 4570 2193 4626 ordine
2233 4570 2370 4624 Min.
2412 4570 2537 4623 fuse
2573 4568 2820 4634 disserit,
2860 4566 2933 4622 de
2972 4586 3162 4623 rerum
3184 4566 3259 4620 do·

645 4642 1002 4696 concordiam
1033 4645 1342 4698 revocaret.
1395 4641 1544 4697 Sunt
1569 4642 1803 4710 quidem
1833 4659 1933 4713 pro
1995 4642 2170 4696 minio
2199 4642 2439 4709 ejusque
2465 4639 2876 4711 origine,haud
2892 4656 3085 4710 pauca
3101 4639 3263 4719 1181103,

645 4713 820 4768 seculi
850 4730 1002 4768 more
1042 4714 1273 4780 inculta,
1317 4713 1414 4767 sed
1456 4714 1624 4783 plura
1669 4713 1740 4769 de
1766 4716 1933 4769 rebus
1994 4730 2141 4782 quae
2170 4712 2415 4767 Wicleffi
2463 4711 2751 4767 erroribus
2794 4710 2899 4764 hac
2946 4711 3009 4765 in
3053 4713 3262 4766 materis

645 4787 986 4840 Graecorum
1027 4786 1216 4850 refert,
1248 4802 1394 4854 quae
1439 4785 1737 4839 historiam
1766 4786 1936 4840 eccle·
1994 4786 2186 4840 favere
2237 4784 2474 4854 possint.
2526 4782 2610 4837 Cf.
2663 4782 2891 4837 Poole
2930 4786 2981 4838 J.
3022 4779 3261 4853 Wyoliffe

646 4856 930 4911 siasticam
971 4856 1132 4911 illius
1170 4858 1347 4911 seculi
1389 4856 1546 4911 haud
1574 4874 1778 4927 parum
1807 4856 1936 4912 illu·
1992 4860 2055 4911 de
2079 4860 2311 4911 dominio
2337 4858 2533 4926 dfvfno,
2562 4853 2810 4909 Londiui
2832 4858 2993 4918 1800.
3021 4858 3125 4925 qui
3143 4852 3262 4925 prio·

646 4932 830 4982 strant
855 4930 930 4999 (fl.
961 4933 1137 4995 1358).
1192 4929 1275 4983 Cf.
1305 4928 1505 4993 Quetif
1530 4930 1565 4991 1,
1593 4934 1714 4985 646.
1995 4945 2083 4981 res
2108 4933 2145 4984 4
2173 4928 2231 4983 11.
2260 4926 2418 4981 illius
2446 4927 2632 4997 operis
2658 4924 2904 4997 exhibet.
