3475 5364
515 345 544 394 7
556 343 592 395 4
602 344 636 397 3
1203 331 1333 382 1401
1345 332 1571 385 —1425.
1599 327 1653 381 S.
1681 325 1993 396 Scriptura.
2020 325 2158 379 Ram
2167 325 2424 395 pegolus,
3006 346 3036 396 7
3050 345 3084 396 4
3095 345 3130 396 4

507 511 878 586 alphabetico
911 510 1217 588 dispositis
1237 513 1614 590 colliguntur
1633 511 2008 571 dicta‘tius
2056 511 2451 571 Holbeeke
2500 511 2652 571 OSB.
2692 513 2923 590 Anglus
2974 531 3132 572 com-

509 603 572 658 et
601 600 755 659 fecta
798 618 843 658 s.
878 600 1235 675 Scripturas,
1279 621 1429 677 quae
1472 602 1633 660 trito·
1666 602 1789 661 elo·
1844 599 2050 677 posuit
2082 600 2232 659 circa
2264 622 2312 659 a.
2356 610 2517 664 1412
2572 602 2994 660 dictionarium
3030 601 3130 659 he-

509 689 652 765 quio
684 690 989 749 moraliter
1020 694 1399 765 exponuntur
1430 692 1790 768 singulaque
1845 689 2122 748 braieum.
2162 723 2244 733 —
2278 691 2558 767 Ejusdem
2591 694 2651 749 et
2684 691 2940 750 nationis
2972 695 3035 748 et
3066 690 3128 749 Ο.

509 778 582 836 ad
615 777 884 854 singulas
917 780 1164 838 morales
1196 780 1453 839 virtutes
1486 780 1787 856 applican-
1844 778 2031 836 carm.
2077 779 2181 837 alii
2215 783 2337 838 tres
2380 781 2562 850 fuere,
2616 780 2738 838 scil.
2789 780 2828 837 J
2844 798 3130 838 oannes

509 871 626 926 tur.
660 867 806 925 Cum
837 867 899 925 in
931 886 998 926 eo
1030 869 1351 926 afferantur
1380 870 1583 944 plures
1602 869 1790 927 fabel-
1846 866 2021 941 Way
2040 868 2296 927 nflete
2343 887 2422 928 ss.
2473 869 2780 928 literarum
2832 869 3133 945 professor

510 958 617 1025 lae,
638 956 873 1014 dictaex
887 956 1056 1015 libris
1083 957 1322 1033 spuriis,
1345 957 1473 1034 ipsa
1485 959 1791 1034 Scriptura
1847 952 1927 1037 (fl.
1958 953 2150 1039 1418)
2170 957 2462 1016 -Thomas
2495 959 2585 1017 Co
2603 958 2625 1016 1
2645 958 2683 1016 b
2697 978 2753 1034 y.
2786 959 2890 1034 qui
2908 958 3133 1016 dicitur

509 1064 721 1121 parum
753 1045 993 1114 sincere,
1016 1062 1446 1120 nonnunquam
1477 1047 1626 1105 male
1645 1047 1787 1105 cite-
1845 1045 2155 1120 episcopus
2201 1046 2700 1117 waterfordensis,
2749 1048 2887 1106 dein
2930 1046 3130 1105 lismo-

510 1137 627 1203 tur‚
679 1135 797 1194 imo
846 1138 908 1193 et
951 1153 1176 1193 errores
1222 1132 1415 1218 (juxta
1448 1136 1790 1195 Possevi-
1844 1129 2112 1217 rensis1).
2190 1169 2279 1179 —
2355 1136 2747 1195 Bobertns
2841 1137 3130 1196 Roseus

509 1221 1793 1305 numinappar.sacroI,104):relatumfuit
1848 1221 2074 1304 (Rosse,
2121 1221 2295 1304 Rose)
2344 1222 2404 1303 (1·
2447 1235 2538 1287 16.
2574 1227 2706 1287 Dec.
2760 1220 2975 1302 1420),
3027 1225 3132 1299 qui

509 1312 574 1369 in
605 1311 861 1370 indicem
892 1312 952 1369 ll.
975 1313 1406 1389 prohibitorum
1440 1332 1572 1373 cum
1607 1333 1789 1389 appo·
1847 1316 2079 1387 praeter
2110 1314 2256 1373 alios
2291 1314 2352 1372 ll.
2374 1314 2665 1382 Genesim,
2702 1315 2987 1383 Exodum,
3021 1313 3129 1371 Le-

510 1401 623 1459 sito
659 1401 886 1468 ,donec
916 1402 1306 1478 corrigatur.‘
1360 1402 1551 1471 Quare
1584 1403 1791 1478 plures
1849 1401 2095 1459 viticum
2117 1408 2177 1461 et
2196 1403 2676 1462 Ecclesiasticum
2694 1403 3025 1461 illustravit
3044 1436 3133 1446 —

508 1488 661 1571 illud
739 1490 858 1549 nisi
920 1495 1065 1549 sunt
1133 1510 1461 1569 expurgare
1521 1495 1593 1550 ut
1652 1493 1788 1550 An·
1847 1488 2165 1549 Thomas
2212 1491 2631 1562 Maldonus,
2692 1492 2776 1550 ita
2829 1492 3131 1568 cognomi-

508 1579 778 1638 tonius
842 1579 1085 1649 Zerra,
1148 1581 1521 1640 Aurelius
1583 1578 1788 1638 Pium·
1846 1582 2024 1638 natus
2058 1599 2092 1637 a
2115 1583 2417 1639 conventu
2440 1581 2809 1640 maidonensi
2832 1577 2894 1663 (†
2928 1579 3128 1656 ¹404),

510 1667 793 1738 binensis,
826 1668 1107 1727 Petrus
1141 1670 1415 1728 Maturus
1437 1671 1490 1728 S.
1512 1670 1566 1727 J.
1604 1666 1789 1751 (quod
1847 1668 1951 1742 qui
1972 1670 2531 1744 praeterintroitum
2551 1670 2611 1727 in
2629 1689 2703 1729 ss.
2722 1670 2924 1738 libros,
2943 1671 3130 1729 lectu-

501 1757 1064 1835 juxtaSomervogel
1086 1758 1326 1817 videtur
1340 1759 1607 1828 dubium;
1640 1759 1791 1817 forte
1846 1776 1971 1815 ram
2003 1758 2069 1815 in
2100 1758 2389 1828 Genesim,
2424 1759 2708 1818 lectiones
2746 1768 2825 1822 48
2877 1759 2939 1816 in
2973 1760 3131 1834 psal-

509 1846 573 1904 in
604 1846 690 1903 ed.
724 1846 1107 1923 lugdunensi,
1143 1866 1293 1923 quae
1324 1851 1525 1906 tamen
1557 1847 1789 1906 mendis
1845 1864 1988 1916 mos,
2022 1847 2085 1904 in
2118 1865 2205 1922 ep.
2239 1865 2281 1905 a.
2315 1848 2539 1916 Jacobi‚
2587 1848 2649 1905 ll.
2698 1849 3131 1907 sententiarum

511 1933 757 2013 scatet),
833 1935 1070 1994 demum
1148 1936 1369 2012 prodiit
1429 1937 1791 2011 Antverpiae
1845 1937 2137 2010 exposuit.
2158 1937 2615 1995 —Andreas
2648 1937 2849 1997 Ziani
2883 1938 2946 1995 Ο.
2970 1938 3127 1996 Serv.

518 2033 682 2086 1667
707 2025 772 2083 in
802 2034 893 2086 12.
914 2025 1790 2101 cumapposito,nuncprimum
1842 2025 1899 2083 b.
1934 2025 2008 2082 M.
2044 2025 2125 2093 V·.‚
2159 2025 2447 2098 Venetus,
2492 2029 2726 2084 tantum
2775 2026 2933 2102 apud
2963 2025 3130 2084 illius

504 2114 678 2187 juxta
707 2131 980 2171 romanae
1012 2114 1395 2173 correctionis
1413 2115 1668 2173 indicem
1689 2132 1789 2172 ex·
1843 2113 2208 2189 reipublicae
2253 2119 2523 2173 senatum
2570 2115 2780 2184 valuit,
2828 2118 2899 2174 ut
2943 2115 3016 2173 ab
3061 2133 3130 2173 eo

512 2202 924 2277 purgatorium
971 2202 1382 2262 emendatum:
1431 2203 1602 2262 modo
1653 2222 1791 2262 vero
1845 2207 2041 2262 orator
2071 2202 2143 2261 ad
2177 2204 2492 2263 concilium
2510 2205 2839 2263 basileense
2869 2203 3131 2262 destina-

511 2290 570 2347 in
617 2290 818 2349 Indice
879 2294 972 2349 est
1030 2292 1526 2367 praetermissum.
1608 2293 1788 2351 Aliud
1844 2295 1945 2349 tus
1961 2291 2159 2351 fuerit.
2193 2292 2499 2370 Tubingae
2515 2293 2975 2370 Metaphysicam
2992 2311 3129 2369 pro-

510 2381 769 2439 auctoris
812 2380 1005 2438 nostri
1051 2400 1203 2457 opus
1236 2385 1330 2440 est
1363 2383 1791 2440 Dictionarium
1846 2380 2034 2439 fessus
2052 2384 2145 2440 est
2160 2381 2316 2440 Scoti
2336 2382 2577 2441 subtilis
2598 2387 2869 2450 sectator,
2889 2382 3129 2439 Romam

500 2485 852 2544 pauperum,
885 2470 1122 2528 Parisiis
1148 2481 1309 2534 1497
1329 2471 1392 2529 in
1411 2479 1446 2534 8
1475 2467 1555 2551 (fl.
1584 2468 1789 2550 1415).
1846 2470 2072 2528 accitus
2122 2472 2483 2547 theologiam
2533 2469 2593 2551 (†
2640 2487 2694 2530 θ’.
2740 2470 2874 2529 Jan.
2915 2467 3127 2548 1423).

1110 2592 1114 2596 .
1844 2559 1913 2616 ln
1947 2559 2220 2617 Genesim
2267 2564 2329 2618 et
2374 2560 2435 2618 in
2482 2561 2735 2618 ethicam
2785 2559 3129 2618 Aristotelis

602 2656 744 2711 374.
777 2647 1009 2706 Inedita
1040 2651 1389 2707 manserunt
1420 2648 1650 2708 Alani
1685 2648 1789 2707 Li·
1846 2649 2266 2708 commentaria
2313 2649 2574 2726 reliquit.
2639 2682 2724 2694 -
2775 2649 2892 2709 Job
2942 2650 3128 2708 inter-

508 2737 778 2794 nensis
812 2736 876 2796 Ο.
912 2738 1118 2806 Carm„
1141 2738 1338 2814 Angli,
1353 2737 1693 2813 philosophi
1726 2742 1789 2796 et
1844 2740 2111 2812 pretatus
2145 2741 2238 2796 est
2270 2738 2585 2815 Rudiger
2620 2739 2787 2798 Dole
2820 2739 2882 2797 in
2914 2739 3132 2815 oppido

507 2825 772 2900 theologi
801 2825 1057 2902 insignis
1091 2826 1128 2883 l.
1161 2825 1233 2885 de
1263 2827 1427 2885 vario
1452 2827 1790 2902 Scripturae
1844 2826 2108 2884 Buhrort
2134 2845 2314 2903 prope
2334 2828 2826 2904 Diisseldorpinm
2845 2848 2922 2899 n.,
2943 2828 3124 2887 facul·

507 2933 700 2983 sensu,
749 2914 1136 2973 elucidarium
1183 2933 1228 2973 s.
1262 2915 1619 2990 Scripturae,
1668 2918 1789 2975 Mo·
1844 2915 1985 2972 tatis
1998 2917 2217 2974 artium
2231 2916 2778 2986 Viennaedecanus,
2802 2918 3132 2976 academiae

508 3002 658 3061 ralia
687 3003 1007 3061 bibliorum
1039 3009 1148 3061 etc.
1213 3004 1438 3063 Solitus
1471 3008 1598 3063 erat
1630 3015 1790 3063 vete·
1843 3004 2206 3076 rector(l40
2219 3001 2281 3086 7)
2309 3008 2370 3064 et
2384 3006 2702 3065 eanonicus
2726 3003 2787 3086 (†
2814 3004 3025 3085 1409).
3052 3040 3124 3050 —

507 3110 641 3149 rum
674 3091 931 3149 melioris
964 3096 1140 3151 notae
1172 3097 1483 3152 auctorum
1516 3094 1789 3153 materias
1845 3092 2108 3152 Psalmos
2139 3099 2544 3170 exposuerunt
2583 3096 2734 3154 Mat
2754 3096 2827 3153 th
2849 3116 3032 3155 aeus
3064 3095 3129 3155 O.

506 3181 571 3238 in
615 3181 772 3238 locos
818 3198 1162 3240 communes
1207 3183 1425 3241 referre
1474 3178 1535 3263 (1·
1576 3178 1789 3264 1420).
1847 3181 1982 3241 Cist
2000 3184 2189 3242 Aulae
2214 3184 2425 3261 regiae,
2454 3185 2716 3258 quicum
2740 3185 2867 3243 Hus
2894 3185 3131 3260 saepius

513 3303 587 3311 —
627 3270 1000 3328 Bernardi
1030 3269 1103 3329 de
1135 3271 1359 3329 Roma
1389 3271 1626 3330 lectoris
1658 3272 1789 3330 bib·
1845 3271 2191 3346 disputavit.
2256 3273 2704 3331 Commentariis
2746 3274 2922 3332 etiam
2958 3274 3129 3332 illus-

508 3358 608 3417 lici
685 3359 1050 3434 parisiensis,
1138 3361 1396 3437 episcopi
1472 3362 1788 3421 sutriensis
1846 3362 2035 3419 travit
2066 3362 2453 3438 Evangelium
2487 3362 2767 3421 Matthaei
2800 3367 2862 3420 et
2892 3364 2955 3420 ll.
2995 3381 3129 3421 sen-

509 3445 570 3529 (†
609 3444 801 3525 1406)
846 3450 1261 3508 commentaria
1290 3450 1352 3508 in
1384 3450 1615 3526 aliquot
1650 3451 1706 3508 ll.
1743 3469 1786 3507 s,
1846 3451 2183 3509 tentiarum.
2232 3485 2316 3494 —
2367 3451 2806 3510 Guilelmus
2855 3451 3129 3510 Wellis

507 3538 844 3614 Scripturas
892 3541 954 3598 et
1002 3539 1064 3597 in
1112 3539 1171 3596 ll.
1224 3540 1652 3599 sententiarum
1702 3573 1788 3584 -—
1845 3557 1949 3597 seu
1994 3539 2295 3598 Fontanus
2343 3539 2406 3598 Ο.
2442 3541 2495 3598 S.
2529 3542 2681 3617 Aug.
2729 3542 2980 3618 Anglus,
3024 3541 3129 3616 qui

507 3627 880 3686 Guilelmi
931 3627 1170 3704 Quapl
1193 3630 1279 3687 od
1332 3629 1395 3687 Ο.
1445 3629 1629 3690 Carm.
1681 3628 1782 3687 Hi·
1845 3628 2181 3703 provinciae
2232 3647 2372 3688 suae
2422 3650 2469 3687 a.
2526 3638 2606 3691 20
2661 3630 3131 3688 laudabilissime

503 3717 695 3787 berni,
774 3717 990 3776 Romae
1077 3718 1406 3794 theologiae
1496 3718 1788 3796 magistri,
1846 3718 2104 3792 praefuit
2148 3715 2207 3795 (†
2248 3714 2459 3799 1423).
2493 3752 2579 3761 —
2612 3719 3011 3778 Conradus
3057 3719 3131 3777 de

506 3806 767 3881 episcopi
783 3806 1082 3865 derrensis
1098 3802 1310 3888 (Derry
1337 3806 1693 3877 142n;†142
1707 3802 1787 3888 2).
1846 3805 2120 3864 Soltau
2180 3807 2245 3865 in
2306 3808 2530 3867 ditione
2598 3808 3021 3885 luneburgensi
3072 3828 3127 3865 n.

512 3928 588 3936 —
623 3894 971 3953 Andreas
1004 3896 1076 3954 de
1110 3896 1322 3966 Luca,
1369 3897 1525 3955 alius
1558 3897 1788 3955 Carme-
1861 3905 2038 3972 1350,
2075 3897 2370 3970 professor
2404 3897 2707 3973 pragensis
2760 3894 3129 3978 (1365-85l2

505 3984 629 4053 lita,
663 3983 849 4042 lector
879 3985 1312 4043 sententiarum
1358 3990 1420 4043 et
1464 3986 1786 4045 bibliorum
1844 3983 1980 4042 dein
2001 3984 2500 4062 heidelbergensis
2529 3989 2590 4044 et
2606 3987 2785 4063 hujus
2801 3985 3131 4045 academiae

503 4071 839 4147 patavinuS,
865 4084 1107 4149 propter
1135 4091 1299 4132 suam
1336 4074 1673 4133 libertatem
1696 4074 1785 4132 di·
1843 4078 2052 4141 rector,
2072 4075 2384 4151 episcopus
2403 4074 2707 4134 verdensis
2727 4070 2781 4156 (l
2801 4070 2972 4155 399).
3000 4076 3128 4133 Mox

505 4160 694 4230 cendi,
748 4180 865 4236 qua
896 4162 1276 4238 exprobravit
1326 4163 1607 4238 Gregorio
1640 4163 1784 4232 XII„
1843 4163 2169 4221 translatus
2190 4163 2309 4221 fuit
2336 4164 2409 4222 ad
2431 4163 2625 4223 sedem
2649 4183 3130 4233 cameracensem,

504 4268 637 4309 eum
674 4256 811 4309 vota
841 4269 953 4310 sua
997 4255 1057 4310 et
1106 4250 1400 4327 promissa
1443 4253 1516 4311 de
1566 4254 1788 4310 unione
1843 4252 1940 4309 cui
1989 4253 2366 4312 translationi
2406 4272 2527 4312 non
2576 4256 2875 4313 consensit
2923 4254 3130 4312 rediit·

503 4340 797 4398 Ecclesiae
829 4340 1091 4399 curanda
1129 4340 1402 4409 violasse,
1456 4342 1519 4400 in
1550 4341 1789 4401 vincula
1844 4359 1961 4416 que
2022 4342 2095 4399 ad
2157 4345 2350 4400 sedem
2414 4343 2671 4418 priorem
2726 4338 2789 4424 (†
2851 4354 2872 4404 l
2898 4355 2943 4404 1.
2995 4343 3129 4400 Jan.

504 4429 823 4506 conjectuS,
872 4431 947 4489 ab
992 4430 1321 4489 Alexandro
1352 4431 1418 4489 V.
1465 4431 1786 4506 arehiepis—
1853 4424 2065 4509 1407).
2100 4431 2363 4505 Reliquit
2394 4433 2575 4490 etiam
2625 4431 2899 4506 postillae
2952 4450 3134 4507 super

504 4537 687 4594 copus
747 4519 1110 4579 atheniensis
1159 4523 1250 4579 est
1297 4519 1492 4579 dictus
1557 4521 1786 4599 (1409;

503 4605 539 4673 1·
571 4626 616 4666 o.
649 4627 697 4666 a.
738 4604 946 4688 1418).
981 4609 1245 4684 Reliquit
1275 4610 1695 4669 commentaria
1726 4609 1788 4668 in
1901 4606 1959 4684 ᾖ)
1987 4602 2305 4684 (ΠχΒΘῙῙΘ
2324 4603 2399 4689 ΒΡ
2420 4619 2448 4656 Ε·
2467 4603 2561 4656 im
2591 4602 2795 4685 ‚Gesch-
2836 4602 2935 4656 der
2973 4602 3130 4655 kath-

503 4698 734 4773 aliquot
777 4716 821 4762 s,
856 4699 1190 4774 Seripturae
1221 4700 1283 4757 ll.
1331 4734 1417 4742 -—-
1466 4700 1787 4758 Lauren·
1844 4673 2051 4728 Ku'che
2079 4691 2141 4727 ¹¹¹
2171 4673 2263 4727 h'l·
2292 4675 2331 4738 l,
2360 4679 2481 4731 092·
2538 4674 2675 4742 Esus
2701 4676 2894 4728 tamen
2921 4688 3125 4727 nomen

1844 4762 1959 4800 non
2003 4761 2125 4799 com
2172 4746 2295 4799 aret
2354 4744 2415 4799 in
2466 4747 2606 4800 serie
2657 4746 3050 4815 cpiscoporum
3096 4760 3133 4796 a

509 4824 606 4829 *ψ
667 4825 821 4829 ’”““
1845 4817 1886 4869 G
1908 4834 1942 4869 a
1959 4837 2012 4871 m
2029 4834 2053 4869 s
2080 4833 2109 4869 c
2154 4817 2251 4879 ita,
2280 4816 2388 4870 nisi
2410 4816 2486 4870 ait
2503 4816 2652 4871 idem
2681 4836 2809 4871 cum
2832 4816 3047 4870 Thoma
3076 4815 3131 4869 le

583 4893 618 4955 ⁹)
646 4888 728 4943 Cf.
757 4888 977 4943 Reusch
1007 4888 1177 4941 index
1207 4889 1243 4954 I,
1272 4893 1393 4945 495.
1844 4888 1994 4941 Reve
2021 4894 2068 4949 (ψ
2096 4891 2273 4949 1393).
