3475 5364
170 372 284 421 65?
762 355 919 414 Rom,
952 355 1267 410 Pontifices.
1297 354 1557 409 Clemens
1589 355 1697 418 VI„
1727 355 2097 410 Innocentius
2130 356 2219 417 Vl.
2680 376 2803 429 (353

165 539 598 600 fundatoribus
629 541 889 609 urbium,
936 541 1008 599 de
1048 541 1462 600 inventoribus
1488 557 1494 594 ι
1517 535 1689 620 num)
1752 540 2034 618 Anglum,
2105 542 2383 617 equitem,
2447 542 2806 618 professione

166 647 390 699 rerum,
444 630 517 690 de
563 631 771 705 primis
815 629 1213 707 dignitatibus
1256 630 1462 690 ordine
1489 599 1495 711 1
1521 629 1830 696 medicum.
1864 631 1969 705 qui
2000 635 2141 706 post
2174 638 2253 695 23
2289 651 2337 690 a.
2379 633 2804 709 peregrinatio-

166 718 551 794 alphabetico
581 719 672 777 illi
704 738 846 779 aevo
876 720 1209 795 perutilem,
1250 720 1315 778 in
1346 737 1465 794 quo
1519 738 1655 777 nem
1685 719 1891 779 Leodii
1924 719 2118 778 sedem
2154 720 2279 778 fixit
2295 720 2560 796 obiitque
2583 731 2636 784 7.
2662 722 2804 784 Nov.

168 807 348 867 multi
383 809 704 884 scriptores
750 809 823 867 ab
854 809 1288 868 Anaximandro
1335 808 1464 884 phi·
1532 818 1714 872 1376.
1747 809 1893 883 Ejus
1916 809 2304 868 Itinerarium
2325 812 2537 869 aterra
2554 811 2807 887 Angliae

169 897 426 972 Iosopho
453 898 752 972 multique
784 898 921 956 libri
940 917 1060 956 non
1078 899 1210 956 noti
1240 916 1463 956 memo·
1520 898 1582 955 in
1614 900 1818 973 partes
1851 897 2400 975 hierosolymitanas
2445 903 2507 958 et
2555 900 2617 958 in
2649 901 2804 959 ulte-

171 989 414 1050 rautur,
448 987 710 1046 Venetiis
750 996 913 1050 1547
950 987 1037 1046 ed.
1070 987 1298 1046 mendis
1329 986 1462 1045 infi-
1521 987 1704 1046 riores
1735 988 2162 1046 transmarinas
2192 988 2267 1046 ab
2287 990 2528 1047 auctore
2545 989 2806 1064 primum

169 1075 315 1134 uitis
386 1076 630 1136 foedata.
695 1080 766 1134 ut
825 1076 922 1135 vix
985 1076 1283 1135 sententia
1327 1079 1465 1151 apta
1521 1076 1733 1152 gallice
1767 1077 2055 1152 scriptum
2089 1096 2137 1134 a.
2170 1086 2354 1146 1355,
2387 1081 2592 1153 postea
2623 1078 2805 1137 latine

173 1168 449 1230 eruatur,
481 1165 677 1224 hiulca
707 1169 769 1223 et
799 1166 995 1224 lacera
1026 1166 1090 1224 in
1136 1165 1341 1225 multis
1372 1184 1461 1224 se·
1521 1184 1782 1235 versum,
1847 1166 2084 1241 saepius
2144 1166 2384 1242 prodiit,
2449 1185 2491 1225 s.
2543 1167 2581 1224 l.
2644 1172 2706 1225 et
2753 1187 2803 1224 a.

173 1253 445 1312 cundum
465 1253 761 1329 judicium
795 1254 1214 1313 Monteaueonji
1247 1254 1309 1312 in
1341 1254 1465 1313 dia-
1525 1251 1597 1335 (c.
1638 1257 1830 1332 1485)
1865 1255 1954 1313 ed.
1986 1274 2150 1325 rara;
2186 1255 2365 1318 etiam
2398 1254 2462 1314 in
2492 1256 2642 1314 alias
2676 1274 2806 1315 ver-

175 1342 262 1402 rio
293 1343 499 1403 italico
530 1364 583 1419 p.
619 1354 721 1406 48,
773 1345 878 1418 qui
907 1348 1220 1419 propterea
1252 1362 1463 1402 novam
1523 1363 1655 1402 sum
1689 1345 1943 1421 linguas.
1977 1345 2055 1403 cf.
2090 1344 2422 1414 Boehricht,
2457 1345 2562 1420 qui
2605 1345 2668 1403 in
2697 1363 2805 1404 sua

177 1433 541 1506 promiserat
557 1433 893 1502 editionem,
928 1452 1107 1507 quam
1122 1436 1326 1491 tamen
1346 1451 1465 1491 non
1521 1433 1663 1491 bibl.
1713 1433 2009 1508 copiosam
2050 1433 2288 1492 exhibet
2334 1434 2701 1492 literaturam
2747 1454 2803 1509 p.

178 1522 433 1580 curavit.
463 1557 547 1565 —
581 1523 687 1581 nis
721 1522 955 1581 demum
990 1522 1137 1580 adde
1171 1522 1461 1582 «loannem
1493 1575 1494 1584 ,
1528 1532 1805 1586 79-85,

180 1610 498 1669 Barbam
546 1610 617 1669 de
649 1611 1007 1670 Mandavilla
1057 1611 1463 1691 (Magnovilla-

905 1908 1051 2005 IV.
1118 1904 1607 2028 Theologia
1672 1910 2102 2028 practica.

287 2154 423 2208 336.
454 2145 585 2203 Non
636 2145 782 2204 adeo
833 2145 1231 2204 innotuerunt
1279 2145 1464 2222 gestis
1521 2146 1981 2204 collectionibus.
2047 2180 2134 2188 —
2181 2145 2354 2204 Hunc
2399 2164 2530 2205 mox
2576 2147 2806 2222 excepit

197 2233 491 2309 literisque
521 2233 833 2310 pontifices
865 2234 1045 2310 hujus
1076 2234 1318 2310 periodi.
1353 2235 1464 2293 De·
1528 2245 1622 2298 18.
1687 2236 1819 2293 Dec.
1895 2244 2056 2297 1352
2122 2235 2645 2294 Innocentius
2709 2235 2802 2292 v1.

200 2321 396 2381 functo
445 2332 539 2387 25.
572 2324 714 2399 Apr.
767 2332 927 2386 1342
976 2323 1294 2383 Benedicto
1337 2323 1464 2381 XII.
1522 2324 1861 2400 Stephanus
1894 2323 2271 2383 Audebertus
2317 2324 2663 2403 (Aubertus,
2699 2325 2802 2382 Al-

202 2428 357 2470 sacra
385 2412 542 2471 sedes
573 2412 848 2471 undecim
866 2412 1057 2471 solum
1076 2413 1308 2471 vacavit
1320 2411 1462 2471 dies.
1522 2409 1752 2494 bertus)
1819 2416 1993 2472 antea
2053 2412 2265 2471 dictus.
2342 2413 2409 2470 In
2456 2412 2804 2472 beissacensi

203 2499 347 2558 Nam
381 2511 430 2561 7.
460 2501 602 2576 maji
642 2501 867 2560 electus
912 2505 1003 2560 est
1033 2503 1246 2561 Petrus
1275 2502 1464 2579 Roge-
1521 2503 1845 2562 dioeceseos
1874 2501 2276 2561 lemovicensis
2324 2502 2592 2577 paroecia
2625 2521 2805 2577 prope

204 2587 322 2647 rius
349 2590 518 2649 nobili
549 2609 616 2648 ex
649 2590 872 2649 familia
903 2597 1079 2649 natus
1099 2591 1166 2649 in
1187 2610 1317 2649 arce
1337 2611 1464 2650 ma·
1523 2592 1965 2666 Pompadutum
2008 2594 2100 2649 est
2143 2595 2340 2660 natus,
2388 2591 2627 2650 Tolosae
2653 2592 2805 2666 juris

210 2677 525 2739 lomontana
599 2679 878 2739 dioecesis
941 2679 1350 2740 lemovicensis
1414 2701 1464 2740 a.
1522 2680 1709 2740 civilis
1729 2681 1937 2741 doctor
1956 2682 2017 2739 et
2035 2679 2326 2757 professor
2344 2685 2473 2740 erat
2492 2684 2671 2756 atque
2691 2682 2805 2740 sub

219 2776 385 2830 1292.
415 2770 772 2828 Puerdecem
808 2790 855 2827 a.
887 2770 1138 2828 venitin
1160 2770 1466 2830 abbatiam
1524 2791 1572 2829 a.
1607 2781 1768 2834 13:35
1784 2770 1967 2847 judex
1986 2771 2189 2845 major.
2224 2773 2396 2830 Anno
2420 2780 2582 2833 1337
2616 2772 2805 2830 sactus

211 2857 593 2917 arvernianam
623 2859 863 2919 nomine
886 2859 1086 2918 Ossam
1109 2859 1213 2918 Dei
1235 2853 1465 2940 (Chaise
1521 2863 1616 2918 est
1662 2860 1972 2936 episcopus
2024 2859 2467 2929 mindunensis,
2532 2880 2584 2921 a.
2637 2866 2801 2922 1340

214 2944 280 3002 de
310 2945 463 3023 Dieu)
493 2948 692 3023 ibique
723 2947 1027 3024 amplexus
1080 2952 1171 3007 est
1201 2948 1465 3025 regulam
1490 2947 1496 3059 ι
1522 2950 2006 3009 claromontanus
2077 2967 2144 3008 ac
2208 2953 2345 3025 post
2405 2948 2710 3007 biennium
2774 2969 2807 3006 a

217 3051 256 3090 8.
287 3034 580 3095 Benedicti.
629 3037 842 3095 Missus
876 3036 950 3095 ad
983 3037 1177 3096 studia
1208 3038 1466 3097 Parisios
1491 3062 1496 3149 ψ
1522 3039 1817 3098 Clemente
1850 3036 2163 3097 cardinalis
2191 3041 2252 3096 et
2271 3039 2579 3115 episcopus
2610 3041 2806 3097 osten-

216 3121 350 3182 doct·
361 3130 525 3183 ·ratus
543 3125 876 3202 promeruit
910 3126 1171 3186 lauream
1203 3147 1250 3186 a.
1287 3146 1467 3203 agens

1523 3129 1619 3186 sis.
1699 3128 1905 3186 Sedem
1990 3127 2371 3203 apostolicam
2460 3127 2659 3185 tenuit
2733 3128 2806 3184 ad

221 3219 312 3273 30.
339 3213 552 3291 Rogatu
584 3215 748 3273 Petri
767 3214 1105 3273 Mortemari
1135 3216 1464 3284 cardinalis.

1530 3227 1624 3280 12.
1662 3217 1821 3292 Sept.
1852 3225 2035 3280 1362.
2069 3216 2154 3274 Ex
2186 3217 2315 3291 ejus
2348 3216 2619 3292 epistolis,
2654 3235 2808 3291 quae

1523 3306 1625 3363 XV
1658 3306 1772 3364 vol.
1806 3307 1869 3364 in
1898 3304 2259 3364 bibliotheca
2303 3305 2572 3364 vaticana
2616 3322 2808 3363 asser-

1525 3395 1650 3453 vari
1681 3395 2027 3463 traduntur,
2067 3403 2188 3458 250
2224 3394 2633 3453 exhibentura
2652 3394 2807 3455 Mar-

1522 3488 1661 3543 tene
1694 3484 1910 3542 Anecd.
1945 3483 2019 3553 11,
2059 3492 2481 3553 843—10723
2514 3483 2743 3557 aliquot
2776 3502 2810 3541 a

1525 3573 1710 3632 Mansi
1757 3573 1883 3633 coll.
1916 3590 2073 3632 conc.
2119 3571 2319 3641 XXVI,
2375 3581 2498 3635 308
2535 3589 2607 3629 ss.
2655 3575 2715 3629 et
2745 3570 2808 3628 in

224 3657 681 3737 archiepiscopum
696 3678 1101 3731 senonensem,
1121 3681 1252 3721 mox
1270 3665 1469 3720 trans·
1523 3663 1672 3724 bull.
1705 3680 1923 3739 magno
1955 3665 2107 3720 taur.
2142 3660 2239 3728 1v‚
2279 3671 2402 3724 504
2437 3679 2514 3719 ss.
2546 3691 2623 3703 -
2667 3659 2809 3718 Suc-

225 3744 357 3806 latus
412 3749 814 3826 Rotomagum‚
878 3769 913 3807 a
972 3750 1292 3810 Benedicto
1345 3750 1467 3809 XII.
1526 3752 1970 3814 cessit31.0ct.
2003 3760 2159 3813 1362
2186 3750 2534 3808 Urbanus
2554 3750 2618 3808 V.
2635 3751 2811 3808 antea

226 3841 425 3896 creatus
453 3842 542 3896 est
571 3838 904 3898 cardinalis.
948 3839 1216 3899 Pontifex
1248 3841 1472 3899 electus
1525 3840 1722 3899 dictus
1784 3839 2111 3899 Guilelmus
2176 3837 2547 3897 Grimoaldus
2623 3837 2810 3896 abbas

227 3922 320 3982 dici
345 3927 522 3986 voluit
551 3928 862 3987 Clemen
881 3946 909 3986 s
940 3928 1037 3988 VI.
1068 3926 1142 3988 In
1161 3929 1466 4005 flagellan-
1526 3949 1569 3988 8.
1593 3930 1843 3989 Victoris
1858 3929 2146 3987 Massiliae
2162 3927 2384 3987 ordinis
2399 3927 2808 3997 cluniacensis,

228 4011 351 4072 tium
391 4019 594 4075 sectam
643 4016 830 4075 edidit
874 4018 1359 4088 constitutiones3
1405 4018 1469 4076 in
1526 4019 1631 4095 qui
1662 4037 1736 4076 ne
1769 4018 2083 4077 cardinalis
2115 4017 2352 4092 quidem
2388 4019 2530 4075 erat.
2578 4016 2810 4093 cogita-

230 4101 318 4160 nlia
370 4107 800 4175 constitutione,
854 4124 975 4181 qua
1012 4108 1345 4183 jubilaeum
1383 4107 1470 4165 ad
1526 4109 1614 4166 vit
1644 4128 1864 4167 novum
1900 4107 2120 4165 bellum
2171 4126 2400 4166 sacrum
2448 4110 2627 4180 atque
2659 4105 2811 4164 felici

229 4192 634 4273 quinquagenos
668 4198 911 4254 revocat
942 4215 1145 4266 annos,
1193 4196 1341 4255 bene
1372 4215 1470 4255 ex·
1526 4197 1697 4256 initio
1730 4201 1903 4273 capta
1931 4197 2049 4255 suit
2093 4197 2237 4256 urbs
2290 4195 2658 4265 Alexandria,
2710 4195 2811 4253 sed

229 4282 368 4353 ponit
381 4283 696 4344 doctrinam
717 4285 790 4343 de
806 4284 1096 4345 Ecclesiae
1110 4287 1390 4345 thesauro
1407 4281 1470 4366 ¹).
1535 4286 1888 4346 auxiliorum
1938 4285 2176 4344 defectu
2206 4285 2477 4344 ulteriori
2522 4286 2688 4343 exitu
2717 4303 2809 4342 ca-

231 4368 446 4431 Decessit
490 4384 542 4436 6.
587 4376 718 4433 Dec.
762 4380 947 4436 1352.
1010 4375 1155 4450 Ejus
1200 4376 1474 4451 epistolae
1530 4376 1666 4434 ruit.
1733 4375 2086 4433 Graecorum
2138 4374 2515 4448 imperatoris
2564 4373 2812 4432 Joannis

231 4461 278 4516 et
303 4463 731 4522 constitutiones
778 4463 1055 4523 collectae
1100 4483 1219 4523 non
1252 4465 1471 4523 haben·
1527 4464 1861 4541 Palaeologi
1894 4464 2325 4539 abjurationem
2368 4484 2415 4521 a.
2459 4473 2621 4526 1369
2657 4481 2811 4521 rece-

232 4550 324 4617 tur,
350 4551 442 4609 sed
471 4553 766 4629 dispersae
799 4554 1186 4628 reperiuntur
1204 4554 1269 4612 in
1290 4553 1472 4612 variis
1529 4555 1648 4630 pit:
1714 4553 1815 4612 sed
1874 4553 2065 4611 deluit
2110 4552 2343 4611 Graecis
2403 4553 2467 4610 in
2528 4552 2814 4609 servanda

220 3302 305 3358 cui
332 3302 444 3362 loeo
473 3304 575 3362 filii
607 3306 756 3373 erat,
795 3303 1168 3379 aliorumque
1200 3305 1466 3364 cardina-

221 3388 346 3448 lium
375 3398 665 3468 promotus
716 3396 810 3451 est
839 3392 914 3451 ad
943 3393 1240 3453 abbatiam
1274 3394 1467 3453 Fisca-

223 3479 412 3549 ninam,
440 3481 644 3541 deinde
676 3482 750 3540 ad
782 3482 1122 3543 cathedram
1170 3484 1467 3559 episcopa-

225 3566 321 3625 lem
349 3571 824 3633 attrebatensem:
876 3571 1014 3631 inde
1065 3575 1376 3649 cooptatus
1406 3572 1469 3630 in

1529 4644 1747 4701 unione
1781 4642 2124 4701 constantia.
2160 4642 2242 4699 De
2273 4640 2669 4717 promovenda
2687 4659 2810 4698 mo-

298 4778 328 4842 ι)
348 4772 423 4828 (Β,
447 4775 677 4847 Kflpper
703 4777 820 4831 ΚΒ.
850 4776 946 4842 111,
971 4782 1287 4837 473-479;
1315 4779 1374 4831 et
1392 4793 1474 4841 ea,
1501 4710 1505 4759 Ι
1532 4752 1666 4790 rum
1687 4732 2096 4790 emendatione
2116 4731 2177 4788 in
2199 4730 2353 4789 clero
2377 4734 2504 4788 erat
2525 4729 2813 4787 sollicitus

242 4858 355 4907 quae
397 4864 558 4918 supra
622 4849 692 4902 de
746 4866 811 4903 ρο
863 4849 1167 4903 retulimus
1236 4867 1291 4901 n,
1341 4853 1474 4909 312;
1532 4840 1650 4880 non
1683 4820 1810 4878 sine
1842 4820 2057 4879 fructu.
2093 4820 2235 4895 Ejus
2266 4821 2327 4877 in
2348 4836 2635 4919 pauperes
2657 4836 2812 4875 com-

244 4911 397 4970 Hefele
419 4926 445 4985 ς
468 4923 586 4977 608.
945 4929 949 4933 ⁴
1535 4910 1851 4969 mendatur
1866 4909 2263 4968 beneficentia.
2306 4908 2466 4965 M111e
2482 4906 2701 4964 dicitur
2712 4925 2816 4981 per
