3475 5364
392 318 415 369 1
434 316 512 371 43
525 316 557 368 7
1370 300 1403 353 J
1406 315 1618 353 oannes
1646 299 2025 355 Hoffmeister.
2163 354 2164 357 ,
2390 352 2396 359 .
2834 319 2996 376 1433

481 493 625 546 660.
660 484 807 543 Prae
839 483 1047 560 primis
1081 503 1220 544 vero
1252 485 1411 544 inter
1439 486 1669 545 sodales
1723 505 1877 554 rum,
1912 505 2164 561 quarum
2195 504 2342 545 usus
2361 486 2425 544 in
2444 486 2795 561 quotidiano
2817 504 2996 556 sacro,

382 572 654 631 innotuit
698 573 1043 632 Joannes
1087 573 1336 632 Hoffm
1361 572 1667 655 eisterl)
1723 575 2065 651 Moguntiae
2123 585 2322 646 15453
2385 576 2744 651 Antverpiae
2802 585 2998 646 15453

383 681 444 720 n.
477 661 540 720 in
575 662 788 738 oppido
808 663 982 722 modo
1002 663 1170 740 regni
1191 664 1667 741 wurtembergici
1739 672 1929 734 1552;
1991 665 2210 724 Romae
2266 674 2455 734 1554;
2520 665 2760 724 Parisiis
2803 674 2997 735 15723

380 750 727 810 Oberndorf
771 772 821 814 a.
878 762 1042 814 1509
1091 753 1183 811 vel
1237 762 1422 816 1510.
1485 753 1675 812 Felici
1733 762 1850 814 157
1864 762 1915 814 3.
1948 753 2252 812 Judioium
2282 755 2351 812 de
2382 754 2648 812 articulis
2694 755 2998 828 confessio-

384 839 624 915 ingenio
640 840 945 915 praeditus
965 841 1207 915 aprima
1220 845 1413 900 aetate
1430 861 1666 918 operam
1721 844 1815 900 πίε
1841 842 1977 915 fidei
2011 838 2538 924 (Lutheranorum)
2573 862 2621 900 a.
2660 852 2825 906 1530
2854 861 2998 902 caes.

385 928 577 987 literis
610 928 791 998 dedit,
826 933 887 988 et
918 932 989 987 ut
1017 930 1080 988 id
1120 931 1485 990 commodius
1515 932 1668 990 face·
1722 931 1855 1005 Maj.
1890 932 2194 1008 Augustae
2227 932 2523 1003 exhibitiS,
2557 936 2854 1006 quatenus
2876 932 2997 992 scil.

380 1020 492 1085 ret,
558 1019 1141 1094 Augustinianorum
1202 1019 1466 1078 ordinem
1517 1040 1667 1095 puer
1721 1038 1756 1077 a
1800 1020 2107 1079 catholicis
2148 1020 2500 1079 admittendi
2547 1021 2668 1079 sint
2712 1023 2818 1079 aut
2860 1021 2999 1096 reji-

386 1106 584 1165 adhuc
632 1113 724 1166 est
773 1108 1096 1185 ingressus.
1161 1109 1387 1168 Studiis
1433 1110 1668 1169 vacavit
1721 1108 1933 1178 ciendi,
1985 1110 2325 1186 Moguntiae
2385 1119 2567 1178 1559,
2631 1110 2809 1168 etiam
2868 1128 2999 1186 ger-

383 1196 727 1272 Moguntiae
762 1194 1005 1278 (1526),
1038 1197 1146 1255 ubi
1168 1199 1460 1256 Nauseam
1494 1198 1665 1257 audi·
1719 1198 1964 1267 manice,
2029 1199 2404 1258 Constantine
2473 1208 2633 1261 1597
2689 1198 2753 1256 in
2804 1208 2859 1260 4.
2910 1199 2998 1256 ed.

383 1284 495 1358 vit,
517 1303 694 1359 quem
714 1290 1152 1361 praeceptorem
1183 1304 1359 1345 suum
1379 1290 1665 1362 perpetuo
1721 1287 2080 1345 Warmundo
2112 1288 2240 1363 Ygl.
2273 1289 2427 1346 Dum
2460 1286 2545 1345 ita
2575 1306 2700 1345 rem
2734 1288 2837 1345 Dei
2858 1306 2993 1364 age-

376 1373 822 1432 observandum
844 1375 1129 1450 appellat,
1152 1375 1288 1433 dein
1308 1379 1369 1434 et
1387 1376 1666 1452 Friburgi
1719 1375 1825 1433 bat
1844 1376 1915 1433 ad
1936 1377 2185 1452 majores
2203 1381 2447 1435 vocatus
2469 1378 2559 1434 est
2578 1377 2824 1435 labores.
2846 1377 3000 1435 Nam

391 1470 578 1525 1528.
644 1463 987 1522 Studiorum
1050 1465 1346 1523 curriculo
1392 1466 1665 1524 absoluto
1722 1464 2025 1523 Conradus
2057 1465 2391 1542 TregariuS,
2439 1466 2509 1522 de
2555 1483 2673 1540 quo
2706 1484 2841 1523 mox
2872 1465 2998 1541 egi·

377 1569 522 1608 eum
547 1552 832 1626 juvenem
852 1553 1043 1611 adhuc
1068 1553 1329 1628 priorem
1343 1554 1666 1613 Colmariae
1719 1572 1869 1623 muS,
1923 1557 2241 1629 postquam
2292 1557 2534 1613 strenue
2581 1575 2630 1613 a.
2688 1564 2764 1616 20
2829 1565 2998 1630 prae-

383 1639 542 1698 inter
573 1641 941 1700 triStissimas
982 1642 1075 1701 sui
1108 1646 1433 1701 conventus
1466 1644 1665 1702 condi-
1722 1642 1931 1701 suisset
1962 1643 2296 1718 provinciae
2325 1643 2545 1702 ordinis
2565 1643 2755 1701 Rheni
2775 1647 2835 1701 et
2854 1642 2998 1701 Sue-

378 1728 574 1787 tiones
605 1730 959 1790 invenimus.
992 1729 1192 1807 Ipsius
1225 1735 1287 1790 et
1317 1732 1407 1791 Jo.
1441 1733 1665 1791 Fabri
1719 1731 1866 1801 viae,
1899 1732 2075 1791 morti
2094 1733 2396 1808 proximus
2430 1732 2767 1791 convocatis
2786 1732 2997 1791 domus

380 1814 480 1898 (cf.
503 1837 558 1893 p.
586 1817 778 1896 1431)
810 1820 1191 1878 concionibus
1212 1821 1468 1897 egregiis
1497 1827 1559 1880 et
1579 1822 1663 1880 la·
1720 1820 2020 1879 sodalibus
2081 1822 2217 1880 illos
2279 1840 2384 1897 per
2433 1820 2633 1881 omnia
2682 1839 2844 1880 sacra
2892 1820 2997 1879 ob-

379 1906 628 1965 boribus
663 1928 877 1985 magna
909 1927 977 1966 ex
1010 1912 1181 1984 parte
1214 1909 1480 1980 debetur,
1502 1910 1664 1987 quod
1718 1911 1978 1969 testatus
2012 1913 2120 1979 est,
2154 1914 2226 1969 ut
2245 1910 2627 1969 Hoffmeister
2658 1910 2720 1967 in
2751 1910 2996 1986 provin-

380 1995 485 2053 illa
516 1995 726 2055 civitas
744 1998 1037 2056 restiterit
1056 1998 1425 2057 innovationi
1444 2000 1662 2059 fidelis·
1719 1998 1841 2056 ciae
1875 1998 2199 2074 praesidem
2222 2000 2525 2076 eligerent.
2560 1998 2749 2068 Quare
2782 2000 2996 2057 unani-

374 2103 497 2160 que
547 2086 835 2144 manserit
884 2087 1077 2144 avitae
1127 2086 1279 2145 fidei.
1351 2087 1554 2162 Coepit
1604 2092 1664 2147 et
1717 2087 1800 2144 mi
1833 2105 2127 2145 consensu
2158 2088 2522 2147 tristissimis
2555 2088 2678 2145 illis
2711 2088 3008 2163 tempori--

383 2174 622 2247 scriptis
638 2174 813 2233 fidem
829 2175 1177 2234 catholicam
1204 2176 1378 2245 tueri,
1403 2195 1662 2251 quorum
1716 2176 1834 2234 bus
1866 2177 1928 2233 in
1947 2177 2371 2253 provincialem
2390 2180 2483 2236 est
2503 2177 2727 2235 electus
2751 2172 2996 2257 (1543).

379 2263 638 2337 primum
671 2263 818 2322 fuit:
852 2265 1229 2342 Dialoyorum
1256 2260 1443 2346 (inter
1461 2267 1661 2326 catho-
1718 2264 1854 2323 Suis
1886 2266 2263 2324 concionibus
2295 2266 2635 2342 apostolicis
2668 2265 2998 2341 plurimum

381 2350 564 2409 licum
596 2358 655 2410 et
675 2348 1109 2436 Lutheranum)
1130 2355 1184 2413 ll.
1208 2356 1250 2411 2
1274 2350 1435 2433 (stilo
1456 2359 1663 2431 pacato
1715 2353 2015 2423 inclaruit,
2050 2355 2187 2414 hinc
2231 2356 2303 2414 ad
2336 2354 2798 2414 concionandum
2831 2354 2997 2413 Wor-

371 2436 742 2523 conscripti),
808 2442 1027 2516 quibus
1089 2442 1321 2517 aliquot
1368 2443 1664 2503 Ecclesiae
1716 2442 1956 2500 maiiam
1987 2443 2105 2501 fuit
2147 2444 2388 2514 accituS,
2435 2444 2577 2502 dum
2627 2443 2714 2501 ibi
2763 2443 2995 2518 imperii

380 2530 699 2589 catholicae
748 2530 1029 2607 dogmata
1076 2531 1552 2591 Lutheranorum
1601 2536 1663 2592 et
1718 2532 1959 2592 comitia
1988 2533 2354 2592 haberentur
2385 2528 2633 2613 (1545),
2656 2536 2835 2607 atque
2853 2531 2994 2589 adeo

378 2619 577 2677 'verbis
627 2623 688 2677 et
737 2619 1053 2678 sententiis
1101 2621 1481 2693 roborantur,
1534 2622 1659 2680 Fri·
1717 2621 1960 2697 placuit,
1995 2625 2067 2679 ut
2098 2623 2195 2680 vel
2225 2622 2630 2680 Ferdinandus
2650 2640 2749 2680 rex
2764 2621 2994 2680 nullam

384 2707 562 2786 burgi
595 2709 659 2767 B.
700 2719 901 2779 1538;
935 2701 1287 2787 Ingolstadii
1319 2720 1479 2774 1546
1504 2712 1662 2771 aucti
1715 2728 1866 2786 pene
1882 2711 2220 2770 concionem
2238 2712 2557 2771 omitteret.
2587 2710 2802 2769 Finitis
2817 2710 2993 2769 comi-

378 2800 445 2855 et
474 2798 781 2874 recogniti,
816 2798 1037 2874 quibus
1070 2799 1378 2874 adjicitur:
1442 2800 1662 2860 Haere-
1717 2798 1818 2858 tiis
1848 2800 2027 2858 rediit
2057 2801 2128 2858 ad
2161 2800 2584 2860 colmarienses
2625 2803 2685 2858 et
2714 2801 2872 2858 inter
2902 2801 2996 2859 tot

370 2888 626 2945 tinorum
657 2888 845 2945 atalae
875 2895 1035 2947 artes
1065 2908 1099 2946 a
1130 2906 1204 2946 88.
1255 2890 1530 2964 patribus
1563 2910 1662 2949 ex·
1718 2890 1979 2965 negotia,
2035 2890 2299 2964 ,quibus
2343 2893 2580 2948 tantum
2614 2907 2735 2947 non
2766 2906 2993 2957 enecor,

374 2975 775 3049 quisitissime
806 2976 1139 3052 descriptae
1184 2974 1423 3058 (Romae
1462 2990 1661 3049 15543
1717 2978 2089 3047 revocavi,ut
2103 2980 2230 3053 ipse
2245 2979 2525 3037 scn‘bitin
2542 2978 2906 3038 dedicatione
2922 2977 2994 3035 ad

387 3063 631 3122 Parisiis
687 3061 899 3147 1567),
951 3065 1215 3125 Venetiis
1267 3076 1450 3130 1554.
1527 3068 1661 3127 Ver·
1717 3067 2159 3125 Ferdinandum
2189 3061 2405 3144 regem,
2440 3067 2814 3127 homiliarum
2845 3084 2995 3143 opus

370 3152 512 3210 hum
536 3154 647 3211 Dei
664 3172 894 3211 carnem
909 3156 1130 3228 factum
1146 3155 1199 3213 h.
1221 3174 1269 3213 e.
1290 3156 1345 3213 J.
1363 3156 1661 3215 Christum
1717 3156 1829 3214 sub
1860 3175 2069 3214 manus
2100 3175 2278 3227 meas,
2298 3161 2371 3215 ut
2388 3176 2455 3215 ea
2473 3175 2625 3232 quae
2640 3156 2996 3214 Wormatiae

371 3240 754 3302 Servatorem
787 3243 858 3300 N.
891 3243 1188 3303 Ecclesiae
1237 3263 1380 3302 suae
1422 3247 1661 3303 'unicum
1718 3243 2053 3320 inceperam
2088 3246 2315 3304 Christo
2359 3246 2704 3305 fortunente
2750 3245 2993 3321 perfice-

377 3349 452 3389 ac
476 3339 822 3407 perpetuum
854 3351 971 3390 esse
1000 3333 1350 3406 sacrificium
1381 3334 1660 3404 assertio;
1717 3351 1860 3391 rem.
1895 3337 2094 3408 Atque
2125 3335 2211 3392 ita
2241 3350 2363 3392 non
2393 3335 2585 3393 multo
2605 3336 2744 3409 post
2763 3338 2995 3408 praeter

375 3418 515 3477 item
553 3421 838 3495 expositio
870 3440 1112 3497 precum
1161 3440 1227 3480 ac
1271 3422 1659 3481 caeremonia·
1716 3439 1951 3480 omnem
1981 3422 2318 3497 opinionem
2350 3423 2424 3480 ab
2455 3421 2851 3481 invictissimo
2883 3423 2993 3480 im-

1715 3514 1984 3584 peratore
2015 3529 2191 3569 vocor
2220 3511 2292 3568 ad
2314 3512 2677 3585 colloquium
2697 3511 2991 3587 theologi-

460 3643 497 3713 ι)
526 3641 609 3695 (χ’,
637 3642 706 3695 de
752 3658 816 3696 eo
857 3643 1151 3712 egregium
1180 3660 1324 3712 opus
1350 3643 1421 3698 N·
1448 3642 1661 3697 paulus
1716 3618 1850 3664 Cum
1883 3599 2267 3658 Ratisbonam
2301 3596 2586 3681 (1545).‘
2635 3600 2744 3657 Hic
2773 3599 2991 3658 iterum

376 3711 490 3766 Der
517 3706 1084 3783 Augustinermonch
1110 3716 1159 3767 J.
1188 3715 1271 3778 H„
1303 3715 1398 3768 ein
1425 3714 1661 3768 Lebens·
1713 3706 1929 3764 magno
1990 3705 2186 3747 comm
2234 3689 2530 3747 auditorio
2577 3689 2779 3747 fructu
2839 3690 2993 3747 laeto

374 3783 495 3837 bild
542 3800 647 3837 aus
687 3785 787 3837 der
812 3785 1357 3850 Reformationszeit‚
1386 3783 1661 3856 Freiburg
1714 3777 2097 3836 concionatus
2130 3780 2238 3849 est,
2281 3780 2342 3837 et
2372 3778 2612 3852 quidem
2645 3780 2854 3852 quater
2886 3796 2993 3852 per

311 3917 319 3924 .
370 3855 453 3908 im
482 3855 572 3910 Br.
601 3859 756 3920 1891,
786 3857 888 3923 qui
915 3855 1222 3926 diligenter
1261 3858 1384 3924 ejus
1409 3860 1664 3911 recenset
1714 3865 2169 3924 hebdomadam:
2232 3867 2611 3925 concionibus
2672 3884 2812 3924 vero
2872 3867 2992 3924 fere

369 3942 554 4050 §pem
604 3930 663 3980 et
710 3943 1110 4008 commffl'03um
1174 3929 1478 4010 epissfi‘ss‘u'e
1529 3945 1658 4010 (ΜΨ
1715 3973 1948 4031 semper
1980 3955 2180 4014 aderat
2211 3956 2619 4014 Ferdinandus
2651 3974 2766 4013 rex.
2801 3954 2989 4013 Collo-

366 4037 371 4040 -
431 4013 460 4050 e
477 4016 539 4050 r1
556 4015 592 4066 p
610 4015 695 4051 an
713 3998 751 4051 d
768 4016 799 4053 o
846 4001 1118 4068 magistro
1146 4000 1361 4052 ordinis
1387 3999 1657 4069 generah,

366 4069 540 4137 cujus
567 4069 761 4137 plures
787 4086 853 4122 ex
879 4069 1122 4123 archivis
1144 4069 1373 4124 exhibet
1389 4070 1658 4140 epistolas
1712 4044 1925 4118 ‘laium
1955 4064 2061 4121 Pro
2093 4064 2256 4103 more
2292 4046 2487 4103 camiss
2521 4045 2750 4103 fruetffl
2799 4043 2993 4144 V⁰lJ²it

374 4140 655 4220 pretiosas
697 4139 760 4192 in
804 4141 1068 4210 append„
1119 4159 1183 4194 ex
1230 4141 1439 4209 quibus
1485 4142 1655 4223 etiam
1712 4136 1915 4192 tamen
1945 4134 2283 4210 imperator,
2322 4138 2404 4235 ‘ut
2435 4133 2821 4235 Hoffmeister.
2855 4133 2989 4192 diu-

374 4281 528 4334 unde
556 4282 742 4349 liquet
786 4283 1005 4365 quami.
1030 4283 1217 4364 fietus
1257 4285 1432 4366 suerit
1457 4301 1490 4337 a
1516 4284 1658 4338 ‘sen‘
1712 4311 1880 4370 dedit
1939 4313 2009 4370 ad
2072 4312 2490 4389 magistratum
2543 4312 2991 4371 colmariensem

375 4351 566 4421 pando
594 4369 859 4421 supremo
887 4355 1104 4408 ordinis
1133 4358 1460 4425 praeposito
1486 4357 1657 4426 plane

375 4422 729 4493 dignissimo,
782 4424 865 4479 Cf.
894 4425 1066 4479 etiam
1095 4426 1258 4480 velut
1281 4427 1655 4496 appendicem
1714 4401 1886 4474 ‘1¹23‘Si
1918 4401 2149 4459 veniam
2183 4405 2407 4477 petens,
2461 4401 2620 4476 quod
2663 4401 2838 4459 illum
2870 4419 2990 4459 ”01¹

371 4511 583 4548 novam
611 4496 951 4565 apologiam,
980 4514 1153 4565 quam
1179 4497 1329 4551 idem
1359 4498 1426 4552 N.
1446 4498 1657 4552 Paulus
1711 4490 2085 4564 permitteret
2115 4490 2323 4548 redire.
2371 4493 2424 4549 A
2453 4490 2823 4549 Ferdinando
2854 4509 2990 4566 rege

373 4565 615 4621 inseruit
640 4567 911 4637 hina-pol.
939 4568 1022 4622 ΒῙ·
1052 4573 1209 4625 1893.
1253 4568 1389 4631 CXI,
1424 4573 1658 4627 ess-650
1711 4577 1906 4637 dictus
1936 4581 2026 4636 est
2057 4579 2433 4639 concionator
2467 4581 2713 4648 aulicus,
2737 4578 2809 4635 ab
2831 4578 2988 4639 ordi-

363 4638 646 4690 adversus
672 4637 1275 4708 calumniasantiquas
1292 4643 1488 4694 contra,
1506 4640 1655 4694 Hoff-
1757 4667 1769 4679 ·
1976 4668 1986 4679 ·
2028 4671 2053 4726 t
2318 4689 2330 4701 .
2367 4669 2405 4727 1·
2440 4669 2475 4727 S
2550 4669 2561 4680 ·
2689 4669 2722 4726 d
2794 4668 2829 4725 d
2870 4666 2919 4725 si
2965 4700 2990 4711 ,

376 4709 603 4762 meister
628 4709 839 4763 famam
867 4711 1073 4767 iterum
1101 4712 1656 4768 recoctasaBosscrt.
1712 4685 1804 4724 ms
1838 4687 2022 4743 magls
2056 4687 2119 4726 ro
2150 4687 2362 4742 genem
2392 4690 2411 4727 ¹
2482 4689 2686 4744 erman
2730 4687 2762 4726 Ο
2835 4688 2865 4725 e
2924 4692 2963 4748 g

375 4779 459 4835 of.
511 4780 848 4835 Bellesheim
898 4782 974 4836 ib.
1026 4786 1164 4840 1892
1206 4782 1339 4846 effi,
1379 4787 1655 4844 ess—782
1711 4760 1893 4814 ”⁸¹³⁰ss
1945 4757 2198 4815 vicarius
2248 4759 2542 4834 generalis
2593 4757 2819 4816 ordinis
2881 4780 2988 4835 per

373 4850 567 4905 Keller
592 4852 705 4905 KL.
740 4854 826 4908 VI.
856 4858 959 4910 146
987 4871 1053 4907 ss.
1711 4847 1899 4904 totam
1948 4846 2317 4905 Germaniam
2355 4843 2598 4927 (1546).
2664 4847 2882 4906 Verum
2926 4851 2989 4908 iu
