<?xml version="1.0" encoding="UTF-8"?>
<!DOCTYPE html PUBLIC "-//W3C//DTD XHTML 1.0 Transitional//EN"
    "http://www.w3.org/TR/xhtml1/DTD/xhtml1-transitional.dtd">
<html xmlns="http://www.w3.org/1999/xhtml" xml:lang="en" lang="en">
 <head>
  <title>
</title>
<meta http-equiv="Content-Type" content="text/html;charset=utf-8" />
  <meta name='ocr-system' content='tesseract 3.04.00' />
  <meta name='ocr-capabilities' content='ocr_page ocr_carea ocr_par ocr_line ocrx_word'/>
</head>
<body>
  <div class='ocr_page' id='page_1' title='image "./nomenclatorlite10hurtgoog_0841.png"; bbox 0 0 3475 5364; ppageno 0'>
   <div class='ocr_carea' id='block_1_1' title="bbox 363 406 525 459">
    <p class='ocr_par' dir='ltr' id='par_1_1' title="bbox 363 406 525 459">
     <span class='ocr_line' id='line_1_1' title="bbox 363 406 525 459; baseline -0.006 -2"><span class='ocrx_word' id='word_1_1' title='bbox 363 406 525 459; x_wconf 76' lang='lat'>1573</span> 
     </span>
    </p>
   </div>
   <div class='ocr_carea' id='block_1_2' title="bbox 824 384 2502 457">
    <p class='ocr_par' dir='ltr' id='par_1_2' title="bbox 824 384 2502 457">
     <span class='ocr_line' id='line_1_2' title="bbox 824 384 2502 457; baseline 0.001 -17"><span class='ocrx_word' id='word_1_2' title='bbox 824 386 894 440; x_wconf 91' lang='lat' dir='ltr'>de</span> <span class='ocrx_word' id='word_1_3' title='bbox 925 386 1118 451; x_wconf 73' lang='lat' dir='ltr'>Hevia,</span> <span class='ocrx_word' id='word_1_4' title='bbox 1149 386 1425 451; x_wconf 56' lang='lat' dir='ltr'>Guevaraeu</span> <span class='ocrx_word' id='word_1_5' title='bbox 1453 384 1521 439; x_wconf 90' lang='lat' dir='ltr'>de</span> <span class='ocrx_word' id='word_1_6' title='bbox 1553 388 1736 451; x_wconf 77' lang='lat' dir='ltr'>Prat0,</span> <span class='ocrx_word' id='word_1_7' title='bbox 1770 388 2014 456; x_wconf 76' lang='lat' dir='ltr'>Amelry,</span> <span class='ocrx_word' id='word_1_8' title='bbox 2043 388 2371 457; x_wconf 79' lang='lat' dir='ltr'>Alpheusus</span> <span class='ocrx_word' id='word_1_9' title='bbox 2397 391 2502 443; x_wconf 85' lang='lat' dir='ltr'>etc.</span> 
     </span>
    </p>
   </div>
   <div class='ocr_carea' id='block_1_3' title="bbox 2806 408 2970 462">
    <p class='ocr_par' dir='ltr' id='par_1_3' title="bbox 2806 408 2970 462">
     <span class='ocr_line' id='line_1_3' title="bbox 2806 408 2970 462; baseline -0.006 -1"><span class='ocrx_word' id='word_1_10' title='bbox 2806 408 2970 462; x_wconf 82' lang='lat'>1574</span> 
     </span>
    </p>
   </div>
   <div class='ocr_carea' id='block_1_4' title="bbox 350 574 2980 654">
    <p class='ocr_par' dir='ltr' id='par_1_4' title="bbox 350 574 2980 654">
     <span class='ocr_line' id='line_1_4' title="bbox 350 574 2980 654; baseline 0 -19"><span class='ocrx_word' id='word_1_11' title='bbox 350 578 477 654; x_wconf 84' lang='lat' dir='ltr'>agit</span> <span class='ocrx_word' id='word_1_12' title='bbox 521 576 593 635; x_wconf 87' lang='lat' dir='ltr'>de</span> <span class='ocrx_word' id='word_1_13' title='bbox 625 576 1018 634; x_wconf 83' lang='lat' dir='ltr'>instructione</span> <span class='ocrx_word' id='word_1_14' title='bbox 1067 576 1222 633; x_wconf 83' lang='lat' dir='ltr'>vitae</span> <span class='ocrx_word' id='word_1_15' title='bbox 1256 574 1633 641; x_wconf 59' lang='lat' dir='ltr'>christianam</span> <span class='ocrx_word' id='word_1_16' title='bbox 1691 575 1852 633; x_wconf 83' lang='lat' dir='ltr'>iuter</span> <span class='ocrx_word' id='word_1_17' title='bbox 1895 594 2045 649; x_wconf 87' lang='lat' dir='ltr'>quae</span> <span class='ocrx_word' id='word_1_18' title='bbox 2097 577 2416 651; x_wconf 87' lang='lat' dir='ltr'>plurimum</span> <span class='ocrx_word' id='word_1_19' title='bbox 2481 578 2747 634; x_wconf 85' lang='lat' dir='ltr'>innotuit</span> <span class='ocrx_word' id='word_1_20' title='bbox 2798 578 2980 637; x_wconf 71' lang='lat' dir='ltr'>Relox</span> 
     </span>
    </p>
   </div>
   <div class='ocr_carea' id='block_1_5' title="bbox 347 664 1642 1719">
    <p class='ocr_par' dir='ltr' id='par_1_5' title="bbox 347 664 1642 1719">
     <span class='ocr_line' id='line_1_5' title="bbox 356 664 1636 740; baseline -0.003 -15"><span class='ocrx_word' id='word_1_21' title='bbox 356 675 410 727; x_wconf 82' lang='lat'>2.</span> <span class='ocrx_word' id='word_1_22' title='bbox 444 666 517 724; x_wconf 89' lang='lat' dir='ltr'>de</span> <span class='ocrx_word' id='word_1_23' title='bbox 551 664 950 740; x_wconf 89' lang='lat' dir='ltr'>poeniteutiae</span> <span class='ocrx_word' id='word_1_24' title='bbox 972 664 1227 733; x_wconf 85' lang='lat' dir='ltr'>virtute;</span> <span class='ocrx_word' id='word_1_25' title='bbox 1265 675 1318 727; x_wconf 91' lang='lat'>3.</span> <span class='ocrx_word' id='word_1_26' title='bbox 1342 665 1414 722; x_wconf 86' lang='lat' dir='ltr'>de</span> <span class='ocrx_word' id='word_1_27' title='bbox 1448 683 1636 721; x_wconf 80' lang='lat' dir='ltr'>sacra-</span> 
     </span>
     <span class='ocr_line' id='line_1_6' title="bbox 351 754 1637 829; baseline -0.003 -15"><span class='ocrx_word' id='word_1_28' title='bbox 351 759 550 814; x_wconf 88' lang='lat' dir='ltr'>mento</span> <span class='ocrx_word' id='word_1_29' title='bbox 581 754 998 829; x_wconf 77' lang='lat' dir='ltr'>poenitentiae,</span> <span class='ocrx_word' id='word_1_30' title='bbox 1035 776 1075 810; x_wconf 74' lang='lat' dir='ltr'>s.</span> <span class='ocrx_word' id='word_1_31' title='bbox 1098 755 1134 811; x_wconf 88' lang='lat' dir='ltr'>l.</span> <span class='ocrx_word' id='word_1_32' title='bbox 1157 756 1218 811; x_wconf 88' lang='lat' dir='ltr'>et</span> <span class='ocrx_word' id='word_1_33' title='bbox 1236 774 1285 811; x_wconf 86' lang='lat' dir='ltr'>a.</span> <span class='ocrx_word' id='word_1_34' title='bbox 1308 786 1392 797; x_wconf 90' lang='lat'>—</span> <span class='ocrx_word' id='word_1_35' title='bbox 1414 754 1458 811; x_wconf 87' lang='lat' dir='ltr'><strong>F</strong></span> <span class='ocrx_word' id='word_1_36' title='bbox 1475 773 1504 810; x_wconf 90' lang='lat' dir='ltr'>r</span> <span class='ocrx_word' id='word_1_37' title='bbox 1521 774 1554 812; x_wconf 89' lang='lat' dir='ltr'>a</span> <span class='ocrx_word' id='word_1_38' title='bbox 1571 772 1637 810; x_wconf 89' lang='lat' dir='ltr'>n-</span> 
     </span>
     <span class='ocr_line' id='line_1_7' title="bbox 351 840 1636 924; baseline -0.003 -20"><span class='ocrx_word' id='word_1_39' title='bbox 351 846 461 904; x_wconf 87' lang='lat' dir='ltr'>cis</span> <span class='ocrx_word' id='word_1_40' title='bbox 479 864 510 903; x_wconf 91' lang='lat' dir='ltr'>c</span> <span class='ocrx_word' id='word_1_41' title='bbox 527 862 564 901; x_wconf 85' lang='lat' dir='ltr'>u</span> <span class='ocrx_word' id='word_1_42' title='bbox 583 864 609 902; x_wconf 81' lang='lat' dir='ltr'>s</span> <span class='ocrx_word' id='word_1_43' title='bbox 641 844 712 901; x_wconf 91' lang='lat' dir='ltr'>de</span> <span class='ocrx_word' id='word_1_44' title='bbox 745 843 800 901; x_wconf 88' lang='lat' dir='ltr'><strong>H</strong></span> <span class='ocrx_word' id='word_1_45' title='bbox 818 862 848 901; x_wconf 89' lang='lat' dir='ltr'>e</span> <span class='ocrx_word' id='word_1_46' title='bbox 864 844 937 902; x_wconf 84' lang='lat' dir='ltr'>vi</span> <span class='ocrx_word' id='word_1_47' title='bbox 956 863 991 901; x_wconf 89' lang='lat' dir='ltr'>a</span> <span class='ocrx_word' id='word_1_48' title='bbox 1024 840 1210 924; x_wconf 84' lang='lat' dir='ltr'>(Evia,</span> <span class='ocrx_word' id='word_1_49' title='bbox 1232 843 1409 912; x_wconf 87' lang='lat' dir='ltr'>Eicia‚</span> <span class='ocrx_word' id='word_1_50' title='bbox 1433 843 1636 911; x_wconf 84' lang='lat' dir='ltr'>Nevia,</span> 
     </span>
     <span class='ocr_line' id='line_1_8' title="bbox 351 929 1637 1014; baseline -0.003 -21"><span class='ocrx_word' id='word_1_51' title='bbox 351 953 529 1010; x_wconf 87' lang='lat' dir='ltr'>quem</span> <span class='ocrx_word' id='word_1_52' title='bbox 560 934 746 1008; x_wconf 82' lang='lat' dir='ltr'><strong>aliqui</strong></span> <span class='ocrx_word' id='word_1_53' title='bbox 788 932 854 991; x_wconf 92' lang='lat' dir='ltr'>in</span> <span class='ocrx_word' id='word_1_54' title='bbox 885 932 1032 991; x_wconf 85' lang='lat' dir='ltr'>duos</span> <span class='ocrx_word' id='word_1_55' title='bbox 1065 929 1369 1014; x_wconf 84' lang='lat' dir='ltr'>dividunt)</span> <span class='ocrx_word' id='word_1_56' title='bbox 1401 932 1464 990; x_wconf 93' lang='grc' dir='ltr'>Ο.</span> <span class='ocrx_word' id='word_1_57' title='bbox 1499 932 1637 990; x_wconf 86' lang='lat' dir='ltr'>Min.</span> 
     </span>
     <span class='ocr_line' id='line_1_9' title="bbox 347 1020 1640 1100; baseline -0.002 -19"><span class='ocrx_word' id='word_1_58' title='bbox 347 1044 468 1100; x_wconf 86' lang='lat' dir='ltr'>reg.</span> <span class='ocrx_word' id='word_1_59' title='bbox 520 1024 640 1085; x_wconf 76' lang='lat' dir='ltr'>obs.</span> <span class='ocrx_word' id='word_1_60' title='bbox 673 1022 991 1097; x_wconf 81' lang='lat' dir='ltr'>Hispanus,</span> <span class='ocrx_word' id='word_1_61' title='bbox 1046 1022 1284 1097; x_wconf 73' lang='lat' dir='ltr'>scripsit</span> <span class='ocrx_word' id='word_1_62' title='bbox 1329 1022 1401 1080; x_wconf 87' lang='lat' dir='ltr'>de</span> <span class='ocrx_word' id='word_1_63' title='bbox 1446 1020 1640 1079; x_wconf 82' lang='lat' dir='ltr'>tribus</span> 
     </span>
     <span class='ocr_line' id='line_1_10' title="bbox 353 1111 1639 1187; baseline -0.001 -17"><span class='ocrx_word' id='word_1_64' title='bbox 353 1113 610 1171; x_wconf 78' lang='lat' dir='ltr'>stat-ibus</span> <span class='ocrx_word' id='word_1_65' title='bbox 631 1112 875 1182; x_wconf 84' lang='lat' dir='ltr'>animae,</span> <span class='ocrx_word' id='word_1_66' title='bbox 913 1111 1264 1187; x_wconf 77' lang='lat' dir='ltr'>inscriptum</span> <span class='ocrx_word' id='word_1_67' title='bbox 1296 1112 1474 1169; x_wconf 88' lang='lat' dir='ltr'>etiam</span> <span class='ocrx_word' id='word_1_68' title='bbox 1498 1111 1639 1184; x_wconf 79' lang='lat' dir='ltr'>Spe-</span> 
     </span>
     <span class='ocr_line' id='line_1_11' title="bbox 354 1199 1639 1276; baseline -0.003 -16"><span class='ocrx_word' id='word_1_69' title='bbox 354 1204 546 1261; x_wconf 77' lang='lat' dir='ltr'>culum</span> <span class='ocrx_word' id='word_1_70' title='bbox 597 1202 844 1270; x_wconf 76' lang='lat' dir='ltr'>animae,</span> <span class='ocrx_word' id='word_1_71' title='bbox 899 1200 1193 1276; x_wconf 85' lang='lat' dir='ltr'>Compluti</span> <span class='ocrx_word' id='word_1_72' title='bbox 1250 1210 1413 1263; x_wconf 89' lang='lat'>1550</span> <span class='ocrx_word' id='word_1_73' title='bbox 1469 1199 1529 1258; x_wconf 91' lang='lat' dir='ltr'>iu</span> <span class='ocrx_word' id='word_1_74' title='bbox 1585 1209 1639 1261; x_wconf 76' lang='lat'>8.</span> 
     </span>
     <span class='ocr_line' id='line_1_12' title="bbox 354 1290 1638 1367; baseline -0.003 -17"><span class='ocrx_word' id='word_1_75' title='bbox 354 1292 497 1367; x_wconf 82' lang='lat' dir='ltr'>Ejus</span> <span class='ocrx_word' id='word_1_76' title='bbox 499 1293 887 1365; x_wconf 60' lang='lat' dir='ltr'>praeparatio</span> <span class='ocrx_word' id='word_1_77' title='bbox 903 1291 1108 1347; x_wconf 80' lang='lat' dir='ltr'>mortis</span> <span class='ocrx_word' id='word_1_78' title='bbox 1121 1293 1326 1347; x_wconf 85' lang='lat' dir='ltr'>notata</span> <span class='ocrx_word' id='word_1_79' title='bbox 1345 1290 1638 1364; x_wconf 88' lang='lat' dir='ltr'>quondam</span> 
     </span>
     <span class='ocr_line' id='line_1_13' title="bbox 352 1378 1639 1457; baseline -0.002 -19"><span class='ocrx_word' id='word_1_80' title='bbox 352 1380 662 1457; x_wconf 87' lang='lat' dir='ltr'>legebatur</span> <span class='ocrx_word' id='word_1_81' title='bbox 710 1380 772 1437; x_wconf 90' lang='lat' dir='ltr'>iu</span> <span class='ocrx_word' id='word_1_82' title='bbox 821 1379 1017 1437; x_wconf 90' lang='lat' dir='ltr'>iudice</span> <span class='ocrx_word' id='word_1_83' title='bbox 1070 1378 1423 1446; x_wconf 69' lang='lat' dir='ltr'>tridentium</span> <span class='ocrx_word' id='word_1_84' title='bbox 1493 1378 1639 1439; x_wconf 73' lang='lat' dir='ltr'>The-</span> 
     </span>
     <span class='ocr_line' id='line_1_14' title="bbox 351 1468 1637 1545; baseline -0.004 -16"><span class='ocrx_word' id='word_1_85' title='bbox 351 1488 570 1529; x_wconf 78' lang='lat' dir='ltr'>saurus</span> <span class='ocrx_word' id='word_1_86' title='bbox 601 1470 957 1545; x_wconf 63' lang='grc' dir='ltr'>σημεῖον-ατη,</span> <span class='ocrx_word' id='word_1_87' title='bbox 989 1470 1049 1526; x_wconf 90' lang='lat' dir='ltr'>iu</span> <span class='ocrx_word' id='word_1_88' title='bbox 1082 1487 1201 1544; x_wconf 87' lang='lat' dir='ltr'>quo</span> <span class='ocrx_word' id='word_1_89' title='bbox 1223 1469 1397 1543; x_wconf 86' lang='lat' dir='ltr'>plura</span> <span class='ocrx_word' id='word_1_90' title='bbox 1418 1468 1637 1525; x_wconf 88' lang='lat' dir='ltr'>haben·</span> 
     </span>
     <span class='ocr_line' id='line_1_15' title="bbox 353 1557 1642 1635; baseline -0.003 -17"><span class='ocrx_word' id='word_1_91' title='bbox 353 1563 456 1618; x_wconf 89' lang='lat' dir='ltr'>tur</span> <span class='ocrx_word' id='word_1_92' title='bbox 515 1558 1026 1635; x_wconf 65' lang='lat' dir='ltr'>praedicatoribus</span> <span class='ocrx_word' id='word_1_93' title='bbox 1088 1561 1149 1616; x_wconf 92' lang='lat' dir='ltr'>et</span> <span class='ocrx_word' id='word_1_94' title='bbox 1210 1557 1642 1617; x_wconf 82' lang='lat' dir='ltr'>confessoribus</span> 
     </span>
     <span class='ocr_line' id='line_1_16' title="bbox 359 1647 1291 1719; baseline 0.001 -12"><span class='ocrx_word' id='word_1_95' title='bbox 359 1649 551 1719; x_wconf 87' lang='lat' dir='ltr'>utilia,</span> <span class='ocrx_word' id='word_1_96' title='bbox 586 1648 896 1707; x_wconf 72' lang='lat' dir='ltr'>Astur-icae</span> <span class='ocrx_word' id='word_1_97' title='bbox 944 1657 1099 1711; x_wconf 79' lang='lat'>1547</span> <span class='ocrx_word' id='word_1_98' title='bbox 1137 1647 1200 1705; x_wconf 92' lang='lat' dir='ltr'>iu</span> <span class='ocrx_word' id='word_1_99' title='bbox 1237 1656 1291 1708; x_wconf 87' lang='lat'>4.</span> 
     </span>
    </p>
   </div>
   <div class='ocr_carea' id='block_1_6' title="bbox 352 1827 1645 4045">
    <p class='ocr_par' dir='ltr' id='par_1_6' title="bbox 352 1827 1645 4045">
     <span class='ocr_line' id='line_1_17' title="bbox 451 1827 1640 1902; baseline -0.002 -15"><span class='ocrx_word' id='word_1_100' title='bbox 451 1836 480 1889; x_wconf 85' lang='lat'><strong>7</strong></span> <span class='ocrx_word' id='word_1_101' title='bbox 493 1838 524 1888; x_wconf 83' lang='lat'><strong>2</strong></span> <span class='ocrx_word' id='word_1_102' title='bbox 538 1838 591 1891; x_wconf 88' lang='lat'>3.</span> <span class='ocrx_word' id='word_1_103' title='bbox 610 1828 791 1886; x_wconf 89' lang='lat' dir='ltr'>Plura</span> <span class='ocrx_word' id='word_1_104' title='bbox 805 1827 876 1885; x_wconf 88' lang='lat' dir='ltr'>ad</span> <span class='ocrx_word' id='word_1_105' title='bbox 898 1828 1139 1885; x_wconf 83' lang='lat' dir='ltr'>ascesim</span> <span class='ocrx_word' id='word_1_106' title='bbox 1161 1828 1487 1902; x_wconf 68' lang='lat' dir='ltr'>spectantia</span> <span class='ocrx_word' id='word_1_107' title='bbox 1502 1827 1640 1885; x_wconf 88' lang='lat' dir='ltr'>reli-</span> 
     </span>
     <span class='ocr_line' id='line_1_18' title="bbox 355 1916 1641 1993; baseline -0.002 -17"><span class='ocrx_word' id='word_1_108' title='bbox 355 1918 488 1993; x_wconf 91' lang='lat' dir='ltr'>quit</span> <span class='ocrx_word' id='word_1_109' title='bbox 503 1918 796 1976; x_wconf 88' lang='lat' dir='ltr'>Antonius</span> <span class='ocrx_word' id='word_1_110' title='bbox 834 1918 880 1975; x_wconf 91' lang='lat' dir='ltr'>G</span> <span class='ocrx_word' id='word_1_111' title='bbox 899 1938 940 1975; x_wconf 96' lang='lat' dir='ltr'>u</span> <span class='ocrx_word' id='word_1_112' title='bbox 955 1936 986 1975; x_wconf 91' lang='lat' dir='ltr'>e</span> <span class='ocrx_word' id='word_1_113' title='bbox 1001 1937 1038 1975; x_wconf 88' lang='lat' dir='ltr'><strong>v</strong></span> <span class='ocrx_word' id='word_1_114' title='bbox 1056 1937 1090 1974; x_wconf 87' lang='lat' dir='ltr'>a</span> <span class='ocrx_word' id='word_1_115' title='bbox 1103 1936 1133 1973; x_wconf 89' lang='lat' dir='ltr'>r</span> <span class='ocrx_word' id='word_1_116' title='bbox 1147 1936 1180 1975; x_wconf 89' lang='lat' dir='ltr'>a</span> <span class='ocrx_word' id='word_1_117' title='bbox 1197 1916 1258 1973; x_wconf 94' lang='grc' dir='ltr'>Ο.</span> <span class='ocrx_word' id='word_1_118' title='bbox 1273 1917 1409 1976; x_wconf 86' lang='lat' dir='ltr'>Min.</span> <span class='ocrx_word' id='word_1_119' title='bbox 1429 1916 1641 1990; x_wconf 80' lang='lat' dir='ltr'>Hispa-</span> 
     </span>
     <span class='ocr_line' id='line_1_19' title="bbox 355 2006 1637 2081; baseline -0.002 -16"><span class='ocrx_word' id='word_1_120' title='bbox 355 2027 485 2075; x_wconf 73' lang='lat' dir='ltr'>nus»,</span> <span class='ocrx_word' id='word_1_121' title='bbox 510 2008 603 2065; x_wconf 84' lang='lat' dir='ltr'>vir</span> <span class='ocrx_word' id='word_1_122' title='bbox 623 2006 936 2064; x_wconf 80' lang='lat' dir='ltr'>admodum</span> <span class='ocrx_word' id='word_1_123' title='bbox 956 2006 1240 2074; x_wconf 83' lang='lat' dir='ltr'>eruditus,</span> <span class='ocrx_word' id='word_1_124' title='bbox 1260 2006 1363 2080; x_wconf 90' lang='lat' dir='ltr'>qui</span> <span class='ocrx_word' id='word_1_125' title='bbox 1381 2010 1515 2080; x_wconf 82' lang='lat' dir='ltr'>post</span> <span class='ocrx_word' id='word_1_126' title='bbox 1530 2024 1637 2081; x_wconf 90' lang='lat' dir='ltr'>gu·</span> 
     </span>
     <span class='ocr_line' id='line_1_20' title="bbox 352 2094 1642 2154; baseline -0.002 0"><span class='ocrx_word' id='word_1_127' title='bbox 352 2097 658 2154; x_wconf 87' lang='lat' dir='ltr'>beruatam</span> <span class='ocrx_word' id='word_1_128' title='bbox 683 2096 932 2154; x_wconf 81' lang='lat' dir='ltr'>diversis</span> <span class='ocrx_word' id='word_1_129' title='bbox 951 2096 1017 2154; x_wconf 91' lang='lat' dir='ltr'>iu</span> <span class='ocrx_word' id='word_1_130' title='bbox 1037 2096 1334 2154; x_wconf 86' lang='lat' dir='ltr'>coenobiis</span> <span class='ocrx_word' id='word_1_131' title='bbox 1363 2094 1642 2152; x_wconf 87' lang='lat' dir='ltr'>familiam</span> 
     </span>
     <span class='ocr_line' id='line_1_21' title="bbox 353 2183 1641 2261; baseline -0.002 -18"><span class='ocrx_word' id='word_1_132' title='bbox 353 2185 540 2243; x_wconf 86' lang='lat' dir='ltr'>Caroli</span> <span class='ocrx_word' id='word_1_133' title='bbox 592 2185 657 2244; x_wconf 90' lang='lat' dir='ltr'>V.</span> <span class='ocrx_word' id='word_1_134' title='bbox 711 2184 968 2261; x_wconf 85' lang='lat' dir='ltr'>gratiam</span> <span class='ocrx_word' id='word_1_135' title='bbox 1020 2183 1185 2241; x_wconf 90' lang='lat' dir='ltr'>iniit:</span> <span class='ocrx_word' id='word_1_136' title='bbox 1250 2184 1388 2242; x_wconf 87' lang='lat' dir='ltr'>hinc</span> <span class='ocrx_word' id='word_1_137' title='bbox 1448 2184 1521 2240; x_wconf 90' lang='lat' dir='ltr'>ab</span> <span class='ocrx_word' id='word_1_138' title='bbox 1573 2202 1641 2241; x_wconf 90' lang='lat' dir='ltr'>eo</span> 
     </span>
     <span class='ocr_line' id='line_1_22' title="bbox 352 2272 1642 2333; baseline 0 -1"><span class='ocrx_word' id='word_1_139' title='bbox 352 2275 576 2333; x_wconf 79' lang='lat' dir='ltr'>electus</span> <span class='ocrx_word' id='word_1_140' title='bbox 626 2276 717 2331; x_wconf 80' lang='lat' dir='ltr'>est</span> <span class='ocrx_word' id='word_1_141' title='bbox 771 2274 831 2331; x_wconf 92' lang='lat' dir='ltr'>iu</span> <span class='ocrx_word' id='word_1_142' title='bbox 883 2292 1218 2332; x_wconf 83' lang='lat' dir='ltr'>caesareum</span> <span class='ocrx_word' id='word_1_143' title='bbox 1267 2272 1642 2332; x_wconf 73' lang='lat' dir='ltr'>ecclesiasten</span> 
     </span>
     <span class='ocr_line' id='line_1_23' title="bbox 352 2361 1642 2438; baseline -0.002 -16"><span class='ocrx_word' id='word_1_144' title='bbox 352 2368 412 2422; x_wconf 88' lang='lat' dir='ltr'>et</span> <span class='ocrx_word' id='word_1_145' title='bbox 445 2362 1008 2438; x_wconf 87' lang='lat' dir='ltr'>historiographum,</span> <span class='ocrx_word' id='word_1_146' title='bbox 1043 2362 1257 2420; x_wconf 88' lang='lat' dir='ltr'>deiude</span> <span class='ocrx_word' id='word_1_147' title='bbox 1283 2361 1545 2420; x_wconf 87' lang='lat' dir='ltr'>adscitus</span> <span class='ocrx_word' id='word_1_148' title='bbox 1578 2362 1642 2421; x_wconf 91' lang='lat' dir='ltr'>in</span> 
     </span>
     <span class='ocr_line' id='line_1_24' title="bbox 353 2451 1640 2527; baseline -0.001 -18"><span class='ocrx_word' id='word_1_149' title='bbox 353 2452 661 2527; x_wconf 83' lang='lat' dir='ltr'>privatum</span> <span class='ocrx_word' id='word_1_150' title='bbox 677 2451 1145 2510; x_wconf 78' lang='lat' dir='ltr'>consiliariorum</span> <span class='ocrx_word' id='word_1_151' title='bbox 1161 2451 1494 2527; x_wconf 77' lang='lat' dir='ltr'>collegium,</span> <span class='ocrx_word' id='word_1_152' title='bbox 1510 2470 1640 2509; x_wconf 82' lang='lat' dir='ltr'>mox</span> 
     </span>
     <span class='ocr_line' id='line_1_25' title="bbox 354 2536 1643 2621; baseline -0.002 -22"><span class='ocrx_word' id='word_1_153' title='bbox 354 2540 741 2600; x_wconf 83' lang='lat' dir='ltr'>renunciatus</span> <span class='ocrx_word' id='word_1_154' title='bbox 775 2542 1085 2617; x_wconf 84' lang='lat' dir='ltr'>episcopus</span> <span class='ocrx_word' id='word_1_155' title='bbox 1117 2540 1548 2598; x_wconf 75' lang='lat' dir='ltr'>m²ndonieusis</span> <span class='ocrx_word' id='word_1_156' title='bbox 1583 2536 1643 2621; x_wconf 85' lang='lat'>(†</span> 
     </span>
     <span class='ocr_line' id='line_1_26' title="bbox 364 2626 1643 2713; baseline -0.005 -18"><span class='ocrx_word' id='word_1_157' title='bbox 364 2641 459 2695; x_wconf 89' lang='grc'>10.</span> <span class='ocrx_word' id='word_1_158' title='bbox 481 2633 619 2707; x_wconf 85' lang='lat' dir='ltr'>Apr.</span> <span class='ocrx_word' id='word_1_159' title='bbox 651 2626 861 2713; x_wconf 79' lang='lat'>1544).</span> <span class='ocrx_word' id='word_1_160' title='bbox 896 2631 1085 2690; x_wconf 83' lang='lat' dir='ltr'>Multa</span> <span class='ocrx_word' id='word_1_161' title='bbox 1117 2631 1353 2706; x_wconf 75' lang='lat' dir='ltr'>scripsit</span> <span class='ocrx_word' id='word_1_162' title='bbox 1377 2648 1643 2689; x_wconf 81' lang='lat' dir='ltr'>sermone</span> 
     </span>
     <span class='ocr_line' id='line_1_27' title="bbox 356 2720 1635 2796; baseline -0.002 -17"><span class='ocrx_word' id='word_1_163' title='bbox 356 2721 568 2796; x_wconf 88' lang='lat' dir='ltr'>patri0,</span> <span class='ocrx_word' id='word_1_164' title='bbox 618 2721 755 2780; x_wconf 88' lang='lat' dir='ltr'>stilo</span> <span class='ocrx_word' id='word_1_165' title='bbox 787 2721 949 2780; x_wconf 81' lang='lat' dir='ltr'>culto</span> <span class='ocrx_word' id='word_1_166' title='bbox 981 2723 1043 2779; x_wconf 89' lang='lat' dir='ltr'>et</span> <span class='ocrx_word' id='word_1_167' title='bbox 1071 2720 1282 2790; x_wconf 82' lang='lat' dir='ltr'>nitido,</span> <span class='ocrx_word' id='word_1_168' title='bbox 1331 2720 1431 2779; x_wconf 86' lang='lat' dir='ltr'>sed</span> <span class='ocrx_word' id='word_1_169' title='bbox 1464 2724 1525 2778; x_wconf 88' lang='lat' dir='ltr'>et</span> <span class='ocrx_word' id='word_1_170' title='bbox 1557 2720 1635 2777; x_wconf 84' lang='lat' dir='ltr'>af·</span> 
     </span>
     <span class='ocr_line' id='line_1_28' title="bbox 352 2810 1640 2884; baseline -0.001 -16"><span class='ocrx_word' id='word_1_171' title='bbox 352 2811 587 2881; x_wconf 85' lang='lat' dir='ltr'>fectatO,</span> <span class='ocrx_word' id='word_1_172' title='bbox 625 2811 975 2869; x_wconf 87' lang='lat' dir='ltr'>authithetis</span> <span class='ocrx_word' id='word_1_173' title='bbox 1008 2812 1218 2868; x_wconf 87' lang='lat' dir='ltr'>mutuo</span> <span class='ocrx_word' id='word_1_174' title='bbox 1251 2810 1366 2868; x_wconf 87' lang='lat' dir='ltr'>sibi</span> <span class='ocrx_word' id='word_1_175' title='bbox 1398 2828 1640 2884; x_wconf 87' lang='lat' dir='ltr'>respon-</span> 
     </span>
     <span class='ocr_line' id='line_1_29' title="bbox 353 2899 1644 2974; baseline -0.002 -16"><span class='ocrx_word' id='word_1_176' title='bbox 353 2899 635 2959; x_wconf 84' lang='lat' dir='ltr'>dentibus</span> <span class='ocrx_word' id='word_1_177' title='bbox 669 2901 921 2958; x_wconf 89' lang='lat' dir='ltr'>nimium</span> <span class='ocrx_word' id='word_1_178' title='bbox 955 2899 1345 2958; x_wconf 86' lang='lat' dir='ltr'>redundanti:</span> <span class='ocrx_word' id='word_1_179' title='bbox 1394 2900 1644 2974; x_wconf 86' lang='lat' dir='ltr'>ejusque</span> 
     </span>
     <span class='ocr_line' id='line_1_30' title="bbox 353 2988 1645 3065; baseline -0.001 -18"><span class='ocrx_word' id='word_1_180' title='bbox 353 2990 570 3064; x_wconf 84' lang='lat' dir='ltr'>scripta</span> <span class='ocrx_word' id='word_1_181' title='bbox 614 2991 766 3047; x_wconf 90' lang='lat' dir='ltr'>mira</span> <span class='ocrx_word' id='word_1_182' title='bbox 810 2988 1169 3047; x_wconf 87' lang='lat' dir='ltr'>eruditionis</span> <span class='ocrx_word' id='word_1_183' title='bbox 1214 2990 1380 3065; x_wconf 86' lang='lat' dir='ltr'>copia</span> <span class='ocrx_word' id='word_1_184' title='bbox 1425 2989 1645 3047; x_wconf 85' lang='lat' dir='ltr'>referta</span> 
     </span>
     <span class='ocr_line' id='line_1_31' title="bbox 354 3078 1640 3154; baseline -0.002 -18"><span class='ocrx_word' id='word_1_185' title='bbox 354 3081 510 3147; x_wconf 90' lang='lat' dir='ltr'>suut,</span> <span class='ocrx_word' id='word_1_186' title='bbox 561 3078 660 3136; x_wconf 87' lang='lat' dir='ltr'>sed</span> <span class='ocrx_word' id='word_1_187' title='bbox 695 3079 1036 3154; x_wconf 84' lang='lat' dir='ltr'>gravissime</span> <span class='ocrx_word' id='word_1_188' title='bbox 1085 3097 1220 3136; x_wconf 88' lang='lat' dir='ltr'>eum</span> <span class='ocrx_word' id='word_1_189' title='bbox 1283 3079 1472 3153; x_wconf 84' lang='lat' dir='ltr'>carpit</span> <span class='ocrx_word' id='word_1_190' title='bbox 1505 3079 1640 3135; x_wconf 88' lang='lat' dir='ltr'>Ant.</span> 
     </span>
     <span class='ocr_line' id='line_1_32' title="bbox 353 3164 1640 3246; baseline 0 -22"><span class='ocrx_word' id='word_1_191' title='bbox 353 3164 828 3246; x_wconf 84' lang='lat' dir='ltr'>Augustinus¹):</span> <span class='ocrx_word' id='word_1_192' title='bbox 882 3167 1084 3236; x_wconf 81' lang='lat' dir='ltr'>,Scire</span> <span class='ocrx_word' id='word_1_193' title='bbox 1133 3186 1193 3225; x_wconf 80' lang='lat' dir='ltr'>se</span> <span class='ocrx_word' id='word_1_194' title='bbox 1239 3168 1514 3241; x_wconf 87' lang='lat' dir='ltr'>antiquas</span> <span class='ocrx_word' id='word_1_195' title='bbox 1548 3185 1640 3224; x_wconf 93' lang='lat' dir='ltr'>ro-</span> 
     </span>
     <span class='ocr_line' id='line_1_33' title="bbox 354 3256 1642 3330; baseline 0.001 -18"><span class='ocrx_word' id='word_1_196' title='bbox 354 3273 676 3330; x_wconf 85' lang='lat' dir='ltr'>manasque</span> <span class='ocrx_word' id='word_1_197' title='bbox 726 3256 1004 3314; x_wconf 76' lang='lat' dir='ltr'>historias</span> <span class='ocrx_word' id='word_1_198' title='bbox 1051 3257 1224 3330; x_wconf 82' lang='lat' dir='ltr'>fingit</span> <span class='ocrx_word' id='word_1_199' title='bbox 1271 3274 1455 3329; x_wconf 89' lang='lat' dir='ltr'>eaque</span> <span class='ocrx_word' id='word_1_200' title='bbox 1487 3275 1642 3314; x_wconf 90' lang='lat' dir='ltr'>com-</span> 
     </span>
     <span class='ocr_line' id='line_1_34' title="bbox 353 3344 1644 3419; baseline -0.001 -17"><span class='ocrx_word' id='word_1_201' title='bbox 353 3344 710 3412; x_wconf 88' lang='lat' dir='ltr'>miniscitur,</span> <span class='ocrx_word' id='word_1_202' title='bbox 766 3363 914 3419; x_wconf 88' lang='lat' dir='ltr'>quae</span> <span class='ocrx_word' id='word_1_203' title='bbox 967 3363 1072 3402; x_wconf 88' lang='lat' dir='ltr'>uec</span> <span class='ocrx_word' id='word_1_204' title='bbox 1118 3345 1245 3402; x_wconf 75' lang='lat' dir='ltr'>visa</span> <span class='ocrx_word' id='word_1_205' title='bbox 1292 3363 1396 3402; x_wconf 89' lang='lat' dir='ltr'>uec</span> <span class='ocrx_word' id='word_1_206' title='bbox 1443 3344 1644 3402; x_wconf 85' lang='lat' dir='ltr'>audita</span> 
     </span>
     <span class='ocr_line' id='line_1_35' title="bbox 353 3433 1642 3508; baseline -0.001 -17"><span class='ocrx_word' id='word_1_207' title='bbox 353 3434 719 3502; x_wconf 77' lang='lat' dir='ltr'>mortalibuS,</span> <span class='ocrx_word' id='word_1_208' title='bbox 766 3452 935 3492; x_wconf 82' lang='lat' dir='ltr'>nemo</span> <span class='ocrx_word' id='word_1_209' title='bbox 966 3437 1038 3491; x_wconf 91' lang='lat' dir='ltr'>ut</span> <span class='ocrx_word' id='word_1_210' title='bbox 1069 3433 1337 3491; x_wconf 84' lang='lat' dir='ltr'>divinare</span> <span class='ocrx_word' id='word_1_211' title='bbox 1369 3438 1550 3508; x_wconf 88' lang='lat' dir='ltr'>queat</span> <span class='ocrx_word' id='word_1_212' title='bbox 1581 3433 1642 3490; x_wconf 93' lang='lat' dir='ltr'>iu</span> 
     </span>
     <span class='ocr_line' id='line_1_36' title="bbox 357 3522 1643 3597; baseline -0.002 -16"><span class='ocrx_word' id='word_1_213' title='bbox 357 3540 505 3597; x_wconf 89' lang='lat' dir='ltr'>quos</span> <span class='ocrx_word' id='word_1_214' title='bbox 541 3523 670 3581; x_wconf 88' lang='lat' dir='ltr'>illos</span> <span class='ocrx_word' id='word_1_215' title='bbox 703 3522 882 3580; x_wconf 92' lang='lat' dir='ltr'>libros</span> <span class='ocrx_word' id='word_1_216' title='bbox 914 3523 1206 3584; x_wconf 84' lang='lat' dir='ltr'>inciderit.</span> <span class='ocrx_word' id='word_1_217' title='bbox 1247 3523 1412 3581; x_wconf 80' lang='lat' dir='ltr'>Nova</span> <span class='ocrx_word' id='word_1_218' title='bbox 1445 3523 1643 3596; x_wconf 83' lang='lat' dir='ltr'>itaque</span> 
     </span>
     <span class='ocr_line' id='line_1_37' title="bbox 357 3612 1641 3688; baseline -0.001 -19"><span class='ocrx_word' id='word_1_219' title='bbox 357 3612 594 3670; x_wconf 80' lang='lat' dir='ltr'>uomina</span> <span class='ocrx_word' id='word_1_220' title='bbox 645 3613 998 3686; x_wconf 89' lang='lat' dir='ltr'>scriptorum</span> <span class='ocrx_word' id='word_1_221' title='bbox 1052 3612 1424 3688; x_wconf 83' lang='lat' dir='ltr'>excogitavit,</span> <span class='ocrx_word' id='word_1_222' title='bbox 1490 3630 1641 3670; x_wconf 86' lang='lat' dir='ltr'>som-</span> 
     </span>
     <span class='ocr_line' id='line_1_38' title="bbox 356 3700 1642 3776; baseline -0.001 -18"><span class='ocrx_word' id='word_1_223' title='bbox 356 3702 577 3775; x_wconf 89' lang='lat' dir='ltr'>niaque</span> <span class='ocrx_word' id='word_1_224' title='bbox 601 3701 866 3759; x_wconf 86' lang='lat' dir='ltr'>venditat</span> <span class='ocrx_word' id='word_1_225' title='bbox 886 3701 1290 3775; x_wconf 88' lang='lat' dir='ltr'>obtruditque,</span> <span class='ocrx_word' id='word_1_226' title='bbox 1311 3720 1464 3775; x_wconf 90' lang='lat' dir='ltr'>quae</span> <span class='ocrx_word' id='word_1_227' title='bbox 1485 3700 1642 3776; x_wconf 85' lang='lat' dir='ltr'>apud</span> 
     </span>
     <span class='ocr_line' id='line_1_39' title="bbox 357 3789 1643 3866; baseline -0.001 -18"><span class='ocrx_word' id='word_1_228' title='bbox 357 3789 588 3849; x_wconf 90' lang='lat' dir='ltr'>nullum</span> <span class='ocrx_word' id='word_1_229' title='bbox 639 3791 895 3866; x_wconf 86' lang='lat' dir='ltr'>reperias</span> <span class='ocrx_word' id='word_1_230' title='bbox 930 3793 1248 3852; x_wconf 87' lang='lat' dir='ltr'>auctorem.</span> <span class='ocrx_word' id='word_1_231' title='bbox 1310 3790 1456 3848; x_wconf 86' lang='lat' dir='ltr'>Jure</span> <span class='ocrx_word' id='word_1_232' title='bbox 1502 3808 1643 3866; x_wconf 85' lang='lat' dir='ltr'>ergo</span> 
     </span>
     <span class='ocr_line' id='line_1_40' title="bbox 356 3880 1638 3938; baseline 0.001 -2"><span class='ocrx_word' id='word_1_233' title='bbox 356 3880 450 3937; x_wconf 89' lang='lat' dir='ltr'>ille</span> <span class='ocrx_word' id='word_1_234' title='bbox 514 3881 588 3936; x_wconf 81' lang='lat' dir='ltr'>ol)</span> <span class='ocrx_word' id='word_1_235' title='bbox 653 3880 799 3938; x_wconf 88' lang='lat' dir='ltr'>hauc</span> <span class='ocrx_word' id='word_1_236' title='bbox 852 3880 1149 3938; x_wconf 86' lang='lat' dir='ltr'>licentiam</span> <span class='ocrx_word' id='word_1_237' title='bbox 1214 3880 1363 3936; x_wconf 82' lang='lat' dir='ltr'>male</span> <span class='ocrx_word' id='word_1_238' title='bbox 1415 3880 1638 3938; x_wconf 74' lang='lat' dir='ltr'>audit‘</span> 
     </span>
     <span class='ocr_line' id='line_1_41' title="bbox 359 3968 1640 4045; baseline -0.001 -19"><span class='ocrx_word' id='word_1_239' title='bbox 359 3970 798 4028; x_wconf 68' lang='lat' dir='ltr'>Praetermissis</span> <span class='ocrx_word' id='word_1_240' title='bbox 850 3969 1129 4045; x_wconf 79' lang='lat' dir='ltr'>operibus</span> <span class='ocrx_word' id='word_1_241' title='bbox 1181 3970 1308 4043; x_wconf 79' lang='lat' dir='ltr'>ejus</span> <span class='ocrx_word' id='word_1_242' title='bbox 1359 3968 1640 4043; x_wconf 61' lang='lat' dir='ltr'>profauiS,</span> 
     </span>
    </p>
   </div>
   <div class='ocr_carea' id='block_1_7' title="bbox 1694 663 2997 4132">
    <p class='ocr_par' dir='ltr' id='par_1_7' title="bbox 1694 663 2997 4132">
     <span class='ocr_line' id='line_1_42' title="bbox 1694 663 2978 739; baseline 0.002 -16"><span class='ocrx_word' id='word_1_243' title='bbox 1694 665 1762 723; x_wconf 88' lang='lat' dir='ltr'>de</span> <span class='ocrx_word' id='word_1_244' title='bbox 1794 663 2093 739; x_wconf 76' lang='lat' dir='ltr'>Principes</span> <span class='ocrx_word' id='word_1_245' title='bbox 2139 684 2172 723; x_wconf 93' lang='lat' dir='ltr'>o</span> <span class='ocrx_word' id='word_1_246' title='bbox 2205 666 2396 724; x_wconf 85' lang='lat' dir='ltr'>Marco</span> <span class='ocrx_word' id='word_1_247' title='bbox 2431 666 2687 735; x_wconf 72' lang='lat' dir='ltr'>Aur-elie,</span> <span class='ocrx_word' id='word_1_248' title='bbox 2731 666 2978 725; x_wconf 88' lang='lat' dir='ltr'>Valliso-</span> 
     </span>
     <span class='ocr_line' id='line_1_43' title="bbox 1694 754 2980 831; baseline 0.003 -20"><span class='ocrx_word' id='word_1_249' title='bbox 1694 754 1799 812; x_wconf 90' lang='lat' dir='ltr'>leti</span> <span class='ocrx_word' id='word_1_250' title='bbox 1838 763 2023 825; x_wconf 70' lang='grc'>1529,</span> <span class='ocrx_word' id='word_1_251' title='bbox 2059 755 2399 831; x_wconf 74' lang='lat' dir='ltr'>saepissime</span> <span class='ocrx_word' id='word_1_252' title='bbox 2432 755 2660 814; x_wconf 90' lang='lat' dir='ltr'>editum</span> <span class='ocrx_word' id='word_1_253' title='bbox 2694 759 2756 814; x_wconf 87' lang='lat' dir='ltr'>et</span> <span class='ocrx_word' id='word_1_254' title='bbox 2785 756 2851 815; x_wconf 89' lang='lat' dir='ltr'>iu</span> <span class='ocrx_word' id='word_1_255' title='bbox 2880 776 2980 815; x_wconf 83' lang='lat' dir='ltr'>va-</span> 
     </span>
     <span class='ocr_line' id='line_1_44' title="bbox 1695 843 2978 921; baseline 0.003 -20"><span class='ocrx_word' id='word_1_256' title='bbox 1695 844 1821 901; x_wconf 84' lang='lat' dir='ltr'>vias</span> <span class='ocrx_word' id='word_1_257' title='bbox 1883 843 2118 920; x_wconf 82' lang='lat' dir='ltr'>linguas</span> <span class='ocrx_word' id='word_1_258' title='bbox 2179 863 2433 914; x_wconf 87' lang='lat' dir='ltr'>versum,</span> <span class='ocrx_word' id='word_1_259' title='bbox 2497 845 2614 902; x_wconf 91' lang='lat' dir='ltr'>huc</span> <span class='ocrx_word' id='word_1_260' title='bbox 2678 849 2978 921; x_wconf 88' lang='lat' dir='ltr'>spectant:</span> 
     </span>
     <span class='ocr_line' id='line_1_45' title="bbox 1696 933 2980 1009; baseline 0.002 -19"><span class='ocrx_word' id='word_1_261' title='bbox 1696 934 1888 990; x_wconf 74' lang='lat' dir='ltr'>Monte</span> <span class='ocrx_word' id='word_1_262' title='bbox 1921 933 2191 992; x_wconf 82' lang='lat' dir='ltr'>Calvario</span> <span class='ocrx_word' id='word_1_263' title='bbox 2240 934 2363 991; x_wconf 84' lang='lat' dir='ltr'>sive</span> <span class='ocrx_word' id='word_1_264' title='bbox 2410 933 2481 992; x_wconf 89' lang='lat' dir='ltr'>de</span> <span class='ocrx_word' id='word_1_265' title='bbox 2527 935 2829 1009; x_wconf 81' lang='lat' dir='ltr'>mysteriis</span> <span class='ocrx_word' id='word_1_266' title='bbox 2876 934 2980 993; x_wconf 88' lang='lat' dir='ltr'>do-</span> 
     </span>
     <span class='ocr_line' id='line_1_46' title="bbox 1694 1022 2983 1097; baseline 0.003 -18"><span class='ocrx_word' id='word_1_267' title='bbox 1694 1022 1945 1080; x_wconf 82' lang='lat' dir='ltr'>minicae</span> <span class='ocrx_word' id='word_1_268' title='bbox 1978 1023 2271 1097; x_wconf 78' lang='lat' dir='ltr'>passiouis</span> <span class='ocrx_word' id='word_1_269' title='bbox 2319 1042 2384 1081; x_wconf 88' lang='lat' dir='ltr'>ac</span> <span class='ocrx_word' id='word_1_270' title='bbox 2418 1023 2490 1081; x_wconf 90' lang='lat' dir='ltr'>de</span> <span class='ocrx_word' id='word_1_271' title='bbox 2521 1023 2715 1081; x_wconf 83' lang='lat' dir='ltr'>verbis</span> <span class='ocrx_word' id='word_1_272' title='bbox 2748 1025 2983 1084; x_wconf 89' lang='lat' dir='ltr'>Domini</span> 
     </span>
     <span class='ocr_line' id='line_1_47' title="bbox 1694 1112 2984 1189; baseline 0.002 -20"><span class='ocrx_word' id='word_1_273' title='bbox 1694 1112 1766 1189; x_wconf 28' lang='lat' dir='ltr'>in,</span> <span class='ocrx_word' id='word_1_274' title='bbox 1793 1129 1964 1169; x_wconf 88' lang='lat' dir='ltr'>cruce</span> <span class='ocrx_word' id='word_1_275' title='bbox 2009 1112 2322 1187; x_wconf 86' lang='lat' dir='ltr'>pendentis</span> <span class='ocrx_word' id='word_1_276' title='bbox 2354 1132 2450 1188; x_wconf 87' lang='lat' dir='ltr'>pp.</span> <span class='ocrx_word' id='word_1_277' title='bbox 2490 1122 2545 1182; x_wconf 85' lang='lat'>2,</span> <span class='ocrx_word' id='word_1_278' title='bbox 2594 1114 2984 1173; x_wconf 89' lang='lat' dir='ltr'>Salmanticae</span> 
     </span>
     <span class='ocr_line' id='line_1_48' title="bbox 1706 1203 2983 1279; baseline -0.002 -15"><span class='ocrx_word' id='word_1_279' title='bbox 1706 1209 1905 1270; x_wconf 79' lang='lat'>15423</span> <span class='ocrx_word' id='word_1_280' title='bbox 1966 1210 2158 1269; x_wconf 86' lang='lat'>1545;</span> <span class='ocrx_word' id='word_1_281' title='bbox 2220 1210 2381 1263; x_wconf 77' lang='lat'>1582</span> <span class='ocrx_word' id='word_1_282' title='bbox 2438 1205 2479 1259; x_wconf 87' lang='lat' dir='ltr'>t.</span> <span class='ocrx_word' id='word_1_283' title='bbox 2528 1210 2561 1263; x_wconf 90' lang='lat'><strong>2</strong></span> <span class='ocrx_word' id='word_1_284' title='bbox 2614 1203 2676 1260; x_wconf 91' lang='lat' dir='ltr'>in</span> <span class='ocrx_word' id='word_1_285' title='bbox 2727 1211 2781 1271; x_wconf 88' lang='lat'>8,</span> <span class='ocrx_word' id='word_1_286' title='bbox 2835 1223 2983 1279; x_wconf 87' lang='lat' dir='ltr'>opus</span> 
     </span>
     <span class='ocr_line' id='line_1_49' title="bbox 1697 1291 2983 1369; baseline 0.002 -21"><span class='ocrx_word' id='word_1_287' title='bbox 1697 1291 2011 1349; x_wconf 88' lang='lat' dir='ltr'>asceticum</span> <span class='ocrx_word' id='word_1_288' title='bbox 2044 1292 2365 1361; x_wconf 86' lang='lat' dir='ltr'>eruditum,</span> <span class='ocrx_word' id='word_1_289' title='bbox 2414 1291 2476 1348; x_wconf 91' lang='lat' dir='ltr'>iu</span> <span class='ocrx_word' id='word_1_290' title='bbox 2522 1292 2714 1350; x_wconf 84' lang='lat' dir='ltr'>varias</span> <span class='ocrx_word' id='word_1_291' title='bbox 2748 1291 2983 1369; x_wconf 89' lang='lat' dir='ltr'>linguas</span> 
     </span>
     <span class='ocr_line' id='line_1_50' title="bbox 1696 1380 2981 1457; baseline 0.001 -19"><span class='ocrx_word' id='word_1_292' title='bbox 1696 1399 1961 1448; x_wconf 84' lang='lat' dir='ltr'>versum;</span> <span class='ocrx_word' id='word_1_293' title='bbox 2010 1399 2144 1438; x_wconf 87' lang='lat' dir='ltr'>cum</span> <span class='ocrx_word' id='word_1_294' title='bbox 2179 1380 2669 1439; x_wconf 83' lang='lat' dir='ltr'>annotationibus</span> <span class='ocrx_word' id='word_1_295' title='bbox 2702 1382 2875 1457; x_wconf 85' lang='lat' dir='ltr'>Alpb.</span> <span class='ocrx_word' id='word_1_296' title='bbox 2909 1382 2981 1439; x_wconf 88' lang='lat' dir='ltr'>de</span> 
     </span>
     <span class='ocr_line' id='line_1_51' title="bbox 1700 1470 2981 1544; baseline 0.002 -17"><span class='ocrx_word' id='word_1_297' title='bbox 1700 1471 2027 1540; x_wconf 84' lang='lat' dir='ltr'>Aurazo,</span> <span class='ocrx_word' id='word_1_298' title='bbox 2080 1470 2381 1544; x_wconf 85' lang='lat' dir='ltr'>Compluti</span> <span class='ocrx_word' id='word_1_299' title='bbox 2439 1479 2635 1537; x_wconf 83' lang='lat'>1563;</span> <span class='ocrx_word' id='word_1_300' title='bbox 2708 1470 2981 1529; x_wconf 74' lang='lat' dir='ltr'>Oratorio</span> 
     </span>
     <span class='ocr_line' id='line_1_52' title="bbox 1697 1559 2981 1635; baseline 0.003 -19"><span class='ocrx_word' id='word_1_301' title='bbox 1697 1561 1767 1616; x_wconf 83' lang='lat' dir='ltr'>de</span> <span class='ocrx_word' id='word_1_302' title='bbox 1811 1560 2124 1635; x_wconf 74' lang='lat' dir='ltr'>Reliqt&#39;osos</span> <span class='ocrx_word' id='word_1_303' title='bbox 2181 1579 2221 1635; x_wconf 87' lang='lat' dir='ltr'>y</span> <span class='ocrx_word' id='word_1_304' title='bbox 2267 1559 2545 1618; x_wconf 84' lang='lat' dir='ltr'>exercicio</span> <span class='ocrx_word' id='word_1_305' title='bbox 2612 1559 2684 1617; x_wconf 89' lang='lat' dir='ltr'>de</span> <span class='ocrx_word' id='word_1_306' title='bbox 2750 1560 2981 1620; x_wconf 84' lang='lat' dir='ltr'>virtuo-</span> 
     </span>
     <span class='ocr_line' id='line_1_53' title="bbox 1700 1647 2980 1718; baseline 0.005 -13"><span class='ocrx_word' id='word_1_307' title='bbox 1700 1667 1810 1717; x_wconf 88' lang='lat' dir='ltr'>sos,</span> <span class='ocrx_word' id='word_1_308' title='bbox 1847 1648 2079 1707; x_wconf 63' lang='lat' dir='ltr'>Pincia-e</span> <span class='ocrx_word' id='word_1_309' title='bbox 2120 1656 2318 1718; x_wconf 85' lang='lat'>1542;</span> <span class='ocrx_word' id='word_1_310' title='bbox 2354 1647 2745 1708; x_wconf 88' lang='lat' dir='ltr'>Salmanticae</span> <span class='ocrx_word' id='word_1_311' title='bbox 2796 1659 2980 1715; x_wconf 75' lang='lat'>1570:</span> 
     </span>
     <span class='ocr_line' id='line_1_54' title="bbox 1708 1738 2984 1812; baseline -0.002 -13"><span class='ocrx_word' id='word_1_312' title='bbox 1708 1746 1892 1806; x_wconf 86' lang='grc'>1574,</span> <span class='ocrx_word' id='word_1_313' title='bbox 1941 1738 2099 1812; x_wconf 89' lang='lat' dir='ltr'>quod</span> <span class='ocrx_word' id='word_1_314' title='bbox 2146 1755 2456 1795; x_wconf 84' lang='lat' dir='ltr'>censuram</span> <span class='ocrx_word' id='word_1_315' title='bbox 2509 1738 2764 1797; x_wconf 88' lang='lat' dir='ltr'>incurrit</span> <span class='ocrx_word' id='word_1_316' title='bbox 2814 1740 2984 1798; x_wconf 89' lang='lat' dir='ltr'>theo·</span> 
     </span>
     <span class='ocr_line' id='line_1_55' title="bbox 1700 1827 2981 1902; baseline 0.002 -19"><span class='ocrx_word' id='word_1_317' title='bbox 1700 1827 1969 1901; x_wconf 83' lang='lat' dir='ltr'>logorum</span> <span class='ocrx_word' id='word_1_318' title='bbox 2018 1827 2430 1902; x_wconf 64' lang='lat' dir='ltr'>hispanorum</span> <span class='ocrx_word' id='word_1_319' title='bbox 2500 1828 2677 1886; x_wconf 77' lang='lat' dir='ltr'>Aviso</span> <span class='ocrx_word' id='word_1_320' title='bbox 2728 1829 2798 1887; x_wconf 83' lang='lat' dir='ltr'>de</span> <span class='ocrx_word' id='word_1_321' title='bbox 2848 1827 2981 1886; x_wconf 63' lang='lat' dir='ltr'><strong><em>Pru·-</em></strong></span> 
     </span>
     <span class='ocr_line' id='line_1_56' title="bbox 1699 1916 2984 1992; baseline 0.002 -19"><span class='ocrx_word' id='word_1_322' title='bbox 1699 1917 1879 1974; x_wconf 75' lang='lat' dir='ltr'>vados</span> <span class='ocrx_word' id='word_1_323' title='bbox 1922 1936 1961 1992; x_wconf 82' lang='lat' dir='ltr'>y</span> <span class='ocrx_word' id='word_1_324' title='bbox 1998 1916 2272 1975; x_wconf 81' lang='lat' dir='ltr'>Doctrina</span> <span class='ocrx_word' id='word_1_325' title='bbox 2304 1916 2374 1973; x_wconf 90' lang='lat' dir='ltr'>de</span> <span class='ocrx_word' id='word_1_326' title='bbox 2407 1916 2769 1986; x_wconf 85' lang='lat' dir='ltr'>Cortesanos‚</span> <span class='ocrx_word' id='word_1_327' title='bbox 2819 1917 2984 1976; x_wconf 85' lang='lat' dir='ltr'>Com-</span> 
     </span>
     <span class='ocr_line' id='line_1_57' title="bbox 1698 2005 2980 2081; baseline 0.005 -19"><span class='ocrx_word' id='word_1_328' title='bbox 1698 2005 1853 2080; x_wconf 88' lang='lat' dir='ltr'>pluti</span> <span class='ocrx_word' id='word_1_329' title='bbox 1896 2015 2091 2073; x_wconf 82' lang='lat'>15923</span> <span class='ocrx_word' id='word_1_330' title='bbox 2144 2006 2409 2081; x_wconf 74' lang='lat' dir='ltr'>epistolae</span> <span class='ocrx_word' id='word_1_331' title='bbox 2435 2007 2769 2079; x_wconf 78' lang='lat' dir='ltr'>familiares</span> <span class='ocrx_word' id='word_1_332' title='bbox 2815 2007 2873 2065; x_wconf 92' lang='grc'>11.</span> <span class='ocrx_word' id='word_1_333' title='bbox 2925 2017 2980 2076; x_wconf 87' lang='grc'>3,</span> 
     </span>
     <span class='ocr_line' id='line_1_58' title="bbox 1699 2093 2984 2170; baseline 0.005 -19"><span class='ocrx_word' id='word_1_334' title='bbox 1699 2093 1938 2156; x_wconf 85' lang='lat' dir='ltr'>Pinciae</span> <span class='ocrx_word' id='word_1_335' title='bbox 1968 2103 2165 2165; x_wconf 77' lang='lat'>15:393</span> <span class='ocrx_word' id='word_1_336' title='bbox 2199 2095 2491 2170; x_wconf 81' lang='lat' dir='ltr'>Compluti</span> <span class='ocrx_word' id='word_1_337' title='bbox 2523 2106 2688 2157; x_wconf 89' lang='grc'>1600</span> <span class='ocrx_word' id='word_1_338' title='bbox 2713 2096 2775 2153; x_wconf 92' lang='lat' dir='ltr'>in</span> <span class='ocrx_word' id='word_1_339' title='bbox 2796 2104 2832 2158; x_wconf 86' lang='lat'>4</span> <span class='ocrx_word' id='word_1_340' title='bbox 2858 2099 2984 2167; x_wconf 63' lang='lat' dir='ltr'>etc„</span> 
     </span>
     <span class='ocr_line' id='line_1_59' title="bbox 1700 2184 2986 2261; baseline 0.002 -20"><span class='ocrx_word' id='word_1_341' title='bbox 1700 2203 1872 2259; x_wconf 84' lang='lat' dir='ltr'>saepe</span> <span class='ocrx_word' id='word_1_342' title='bbox 1892 2202 2132 2243; x_wconf 87' lang='lat' dir='ltr'>recusae</span> <span class='ocrx_word' id='word_1_343' title='bbox 2165 2186 2225 2242; x_wconf 92' lang='lat' dir='ltr'>et</span> <span class='ocrx_word' id='word_1_344' title='bbox 2256 2184 2318 2242; x_wconf 90' lang='lat' dir='ltr'>in</span> <span class='ocrx_word' id='word_1_345' title='bbox 2349 2184 2492 2242; x_wconf 89' lang='lat' dir='ltr'>alias</span> <span class='ocrx_word' id='word_1_346' title='bbox 2526 2184 2761 2261; x_wconf 81' lang='lat' dir='ltr'>linguas</span> <span class='ocrx_word' id='word_1_347' title='bbox 2782 2203 2986 2243; x_wconf 85' lang='lat' dir='ltr'>versae</span> 
     </span>
     <span class='ocr_line' id='line_1_60' title="bbox 1698 2273 2989 2348; baseline 0.002 -18"><span class='ocrx_word' id='word_1_348' title='bbox 1698 2273 1774 2331; x_wconf 91' lang='lat' dir='ltr'>ob</span> <span class='ocrx_word' id='word_1_349' title='bbox 1807 2275 2294 2348; x_wconf 88' lang='lat' dir='ltr'>argumentorum</span> <span class='ocrx_word' id='word_1_350' title='bbox 2330 2273 2671 2331; x_wconf 82' lang='lat' dir='ltr'>varietatem</span> <span class='ocrx_word' id='word_1_351' title='bbox 2704 2277 2764 2331; x_wconf 90' lang='lat' dir='ltr'>et</span> <span class='ocrx_word' id='word_1_352' title='bbox 2784 2274 2989 2333; x_wconf 86' lang='lat' dir='ltr'>calami</span> 
     </span>
     <span class='ocr_line' id='line_1_61' title="bbox 1699 2362 2987 2433; baseline 0.002 -14"><span class='ocrx_word' id='word_1_353' title='bbox 1699 2362 1974 2433; x_wconf 84' lang='lat' dir='ltr'>nitorem,</span> <span class='ocrx_word' id='word_1_354' title='bbox 2025 2362 2266 2420; x_wconf 85' lang='lat' dir='ltr'>facetias</span> <span class='ocrx_word' id='word_1_355' title='bbox 2320 2365 2380 2420; x_wconf 88' lang='lat' dir='ltr'>et</span> <span class='ocrx_word' id='word_1_356' title='bbox 2431 2363 2595 2421; x_wconf 87' lang='lat' dir='ltr'>sales.</span> <span class='ocrx_word' id='word_1_357' title='bbox 2656 2397 2743 2407; x_wconf 94' lang='lat'>—</span> <span class='ocrx_word' id='word_1_358' title='bbox 2805 2363 2987 2421; x_wconf 88' lang='lat' dir='ltr'>Fran-</span> 
     </span>
     <span class='ocr_line' id='line_1_62' title="bbox 1699 2449 2985 2534; baseline -0.001 -24"><span class='ocrx_word' id='word_1_359' title='bbox 1699 2451 1890 2510; x_wconf 87' lang='lat' dir='ltr'>ciscus</span> <span class='ocrx_word' id='word_1_360' title='bbox 1941 2451 2245 2527; x_wconf 82' lang='lat' dir='ltr'>Amelry</span> <span class='ocrx_word' id='word_1_361' title='bbox 2309 2451 2371 2512; x_wconf 92' lang='lat' dir='ltr'>O.</span> <span class='ocrx_word' id='word_1_362' title='bbox 2426 2451 2607 2513; x_wconf 84' lang='lat' dir='ltr'>Carm.</span> <span class='ocrx_word' id='word_1_363' title='bbox 2659 2451 2844 2528; x_wconf 81' lang='lat' dir='ltr'>Belga</span> <span class='ocrx_word' id='word_1_364' title='bbox 2906 2449 2985 2534; x_wconf 85' lang='lat' dir='ltr'>(fl.</span> 
     </span>
     <span class='ocr_line' id='line_1_63' title="bbox 1709 2536 2988 2621; baseline -0.003 -18"><span class='ocrx_word' id='word_1_365' title='bbox 1709 2536 1901 2621; x_wconf 87' lang='lat'>1551)</span> <span class='ocrx_word' id='word_1_366' title='bbox 1935 2544 2169 2616; x_wconf 85' lang='lat' dir='ltr'>praeter</span> <span class='ocrx_word' id='word_1_367' title='bbox 2201 2541 2312 2598; x_wconf 80' lang='lat' dir='ltr'>alia</span> <span class='ocrx_word' id='word_1_368' title='bbox 2345 2541 2674 2616; x_wconf 88' lang='lat' dir='ltr'>composuit</span> <span class='ocrx_word' id='word_1_369' title='bbox 2696 2542 2988 2620; x_wconf 69' lang='lat' dir='ltr'>dialoyum</span> 
     </span>
     <span class='ocr_line' id='line_1_64' title="bbox 1700 2630 2985 2708; baseline -0.001 -19"><span class='ocrx_word' id='word_1_370' title='bbox 1700 2648 1949 2702; x_wconf 84' lang='lat' dir='ltr'>sacrum,</span> <span class='ocrx_word' id='word_1_371' title='bbox 1982 2630 2044 2689; x_wconf 92' lang='lat' dir='ltr'>in</span> <span class='ocrx_word' id='word_1_372' title='bbox 2068 2649 2185 2705; x_wconf 91' lang='lat' dir='ltr'>quo</span> <span class='ocrx_word' id='word_1_373' title='bbox 2207 2630 2402 2689; x_wconf 79' lang='lat' dir='ltr'>anima</span> <span class='ocrx_word' id='word_1_374' title='bbox 2422 2630 2741 2690; x_wconf 88' lang='lat' dir='ltr'>christiana</span> <span class='ocrx_word' id='word_1_375' title='bbox 2761 2630 2833 2690; x_wconf 87' lang='lat' dir='ltr'>ad</span> <span class='ocrx_word' id='word_1_376' title='bbox 2852 2650 2985 2708; x_wconf 89' lang='lat' dir='ltr'>per-</span> 
     </span>
     <span class='ocr_line' id='line_1_65' title="bbox 1700 2720 2985 2796; baseline 0.001 -19"><span class='ocrx_word' id='word_1_377' title='bbox 1700 2721 1911 2779; x_wconf 79' lang='lat' dir='ltr'>sectam</span> <span class='ocrx_word' id='word_1_378' title='bbox 1961 2739 2005 2781; x_wconf 85' lang='lat' dir='ltr'>s,</span> <span class='ocrx_word' id='word_1_379' title='bbox 2053 2720 2389 2796; x_wconf 83' lang='lat' dir='ltr'>Scripturas</span> <span class='ocrx_word' id='word_1_380' title='bbox 2423 2720 2817 2796; x_wconf 86' lang='lat' dir='ltr'>cognitionem</span> <span class='ocrx_word' id='word_1_381' title='bbox 2849 2739 2985 2796; x_wconf 87' lang='lat' dir='ltr'>per-</span> 
     </span>
     <span class='ocr_line' id='line_1_66' title="bbox 1698 2809 2992 2887; baseline -0.001 -19"><span class='ocrx_word' id='word_1_382' title='bbox 1698 2809 1955 2876; x_wconf 85' lang='lat' dir='ltr'>ducitur,</span> <span class='ocrx_word' id='word_1_383' title='bbox 1989 2810 2287 2880; x_wconf 84' lang='lat' dir='ltr'>Colouiae3</span> <span class='ocrx_word' id='word_1_384' title='bbox 2335 2809 2631 2887; x_wconf 83' lang='lat' dir='ltr'>dialogum</span> <span class='ocrx_word' id='word_1_385' title='bbox 2665 2812 2734 2868; x_wconf 83' lang='lat' dir='ltr'>de</span> <span class='ocrx_word' id='word_1_386' title='bbox 2763 2816 2992 2868; x_wconf 82' lang='lat' dir='ltr'>amante</span> 
     </span>
     <span class='ocr_line' id='line_1_67' title="bbox 1699 2898 2989 2975; baseline -0.001 -18"><span class='ocrx_word' id='word_1_387' title='bbox 1699 2901 1900 2958; x_wconf 80' lang='lat' dir='ltr'>anima</span> <span class='ocrx_word' id='word_1_388' title='bbox 1931 2900 2002 2956; x_wconf 90' lang='lat' dir='ltr'>ad</span> <span class='ocrx_word' id='word_1_389' title='bbox 2036 2898 2429 2975; x_wconf 85' lang='lat' dir='ltr'>coguitionem</span> <span class='ocrx_word' id='word_1_390' title='bbox 2462 2899 2763 2974; x_wconf 85' lang='lat' dir='ltr'>perducta.</span> <span class='ocrx_word' id='word_1_391' title='bbox 2826 2899 2989 2957; x_wconf 85' lang='lat' dir='ltr'>Colo-</span> 
     </span>
     <span class='ocr_line' id='line_1_68' title="bbox 1699 2986 2988 3067; baseline -0.002 -20"><span class='ocrx_word' id='word_1_392' title='bbox 1699 2989 1832 3047; x_wconf 88' lang='lat' dir='ltr'>niae</span> <span class='ocrx_word' id='word_1_393' title='bbox 1888 2998 2053 3051; x_wconf 86' lang='grc'>1605</span> <span class='ocrx_word' id='word_1_394' title='bbox 2122 2989 2183 3046; x_wconf 92' lang='lat' dir='ltr'>in</span> <span class='ocrx_word' id='word_1_395' title='bbox 2245 2998 2337 3050; x_wconf 86' lang='lat'>12.</span> <span class='ocrx_word' id='word_1_396' title='bbox 2406 2986 2581 3067; x_wconf 86' lang='lat' dir='ltr'>(forte</span> <span class='ocrx_word' id='word_1_397' title='bbox 2631 2988 2788 3046; x_wconf 90' lang='lat' dir='ltr'>idem</span> <span class='ocrx_word' id='word_1_398' title='bbox 2853 3007 2988 3046; x_wconf 90' lang='lat' dir='ltr'>cum</span> 
     </span>
     <span class='ocr_line' id='line_1_69' title="bbox 1699 3073 2987 3158; baseline -0.002 -21"><span class='ocrx_word' id='word_1_399' title='bbox 1699 3078 1883 3153; x_wconf 86' lang='lat' dir='ltr'>priori</span> <span class='ocrx_word' id='word_1_400' title='bbox 1915 3073 2109 3158; x_wconf 87' lang='lat' dir='ltr'>libro).</span> <span class='ocrx_word' id='word_1_401' title='bbox 2156 3111 2243 3122; x_wconf 89' lang='lat'>--·</span> <span class='ocrx_word' id='word_1_402' title='bbox 2290 3079 2459 3136; x_wconf 82' lang='lat' dir='ltr'>Della</span> <span class='ocrx_word' id='word_1_403' title='bbox 2505 3096 2717 3136; x_wconf 79' lang='lat' dir='ltr'>corona</span> <span class='ocrx_word' id='word_1_404' title='bbox 2764 3077 2852 3136; x_wconf 84' lang='lat' dir='ltr'>de&#39;</span> <span class='ocrx_word' id='word_1_405' title='bbox 2882 3078 2987 3154; x_wconf 73' lang='lat' dir='ltr'>siq-</span> 
     </span>
     <span class='ocr_line' id='line_1_70' title="bbox 1700 3166 2989 3242; baseline -0.002 -16"><span class='ocrx_word' id='word_1_406' title='bbox 1700 3169 1862 3226; x_wconf 80' lang='lat' dir='ltr'>liuoli</span> <span class='ocrx_word' id='word_1_407' title='bbox 1901 3169 1965 3225; x_wconf 78' lang='lat' dir='ltr'>di</span> <span class='ocrx_word' id='word_1_408' title='bbox 1998 3167 2109 3225; x_wconf 78' lang='lat' dir='ltr'>Dio</span> <span class='ocrx_word' id='word_1_409' title='bbox 2160 3185 2193 3225; x_wconf 94' lang='lat' dir='ltr'>o</span> <span class='ocrx_word' id='word_1_410' title='bbox 2239 3167 2393 3225; x_wconf 86' lang='lat' dir='ltr'>della</span> <span class='ocrx_word' id='word_1_411' title='bbox 2438 3185 2857 3242; x_wconf 85' lang='lat' dir='ltr'>perseverauza</span> <span class='ocrx_word' id='word_1_412' title='bbox 2900 3166 2989 3224; x_wconf 86' lang='lat' dir='ltr'>de’</span> 
     </span>
     <span class='ocr_line' id='line_1_71' title="bbox 1701 3256 2990 3331; baseline -0.001 -18"><span class='ocrx_word' id='word_1_413' title='bbox 1701 3256 1905 3331; x_wconf 86' lang='lat' dir='ltr'>giusti,</span> <span class='ocrx_word' id='word_1_414' title='bbox 1962 3256 2228 3314; x_wconf 88' lang='lat' dir='ltr'>Venetiis</span> <span class='ocrx_word' id='word_1_415' title='bbox 2291 3265 2453 3317; x_wconf 79' lang='lat'>1544</span> <span class='ocrx_word' id='word_1_416' title='bbox 2518 3257 2581 3314; x_wconf 91' lang='lat' dir='ltr'>iu</span> <span class='ocrx_word' id='word_1_417' title='bbox 2649 3267 2703 3317; x_wconf 86' lang='lat'>4.</span> <span class='ocrx_word' id='word_1_418' title='bbox 2758 3256 2990 3331; x_wconf 85' lang='lat' dir='ltr'>scripsit</span> 
     </span>
     <span class='ocr_line' id='line_1_72' title="bbox 1703 3344 2989 3420; baseline -0.001 -18"><span class='ocrx_word' id='word_1_419' title='bbox 1703 3345 1975 3402; x_wconf 89' lang='lat' dir='ltr'>Daniel</span> <span class='ocrx_word' id='word_1_420' title='bbox 2007 3345 2078 3402; x_wconf 91' lang='lat' dir='ltr'>de</span> <span class='ocrx_word' id='word_1_421' title='bbox 2112 3344 2345 3402; x_wconf 87' lang='lat' dir='ltr'>Prato</span> <span class='ocrx_word' id='word_1_422' title='bbox 2379 3344 2453 3405; x_wconf 89' lang='lat'>0.·</span> <span class='ocrx_word' id='word_1_423' title='bbox 2478 3345 2683 3402; x_wconf 88' lang='lat' dir='ltr'>Praed.</span> <span class='ocrx_word' id='word_1_424' title='bbox 2714 3363 2822 3420; x_wconf 90' lang='lat' dir='ltr'>pro</span> <span class='ocrx_word' id='word_1_425' title='bbox 2853 3363 2989 3419; x_wconf 87' lang='lat' dir='ltr'>pro-</span> 
     </span>
     <span class='ocr_line' id='line_1_73' title="bbox 1701 3427 2989 3513; baseline 0.005 -23"><span class='ocrx_word' id='word_1_426' title='bbox 1701 3433 1894 3492; x_wconf 85' lang='lat' dir='ltr'>vincia</span> <span class='ocrx_word' id='word_1_427' title='bbox 1911 3436 2104 3491; x_wconf 86' lang='lat' dir='ltr'>terrae</span> <span class='ocrx_word' id='word_1_428' title='bbox 2123 3436 2359 3491; x_wconf 84' lang='lat' dir='ltr'>sanctae</span> <span class='ocrx_word' id='word_1_429' title='bbox 2377 3433 2668 3490; x_wconf 77' lang='lat' dir='ltr'>diffinitur</span> <span class='ocrx_word' id='word_1_430' title='bbox 2686 3430 2799 3513; x_wconf 88' lang='lat' dir='ltr'>(fl.1</span> <span class='ocrx_word' id='word_1_431' title='bbox 2820 3443 2851 3495; x_wconf 90' lang='lat'>5</span> <span class='ocrx_word' id='word_1_432' title='bbox 2864 3443 2894 3495; x_wconf 93' lang='lat'>5</span> <span class='ocrx_word' id='word_1_433' title='bbox 2907 3427 2989 3513; x_wconf 90' lang='lat'>2).</span> 
     </span>
     <span class='ocr_line' id='line_1_74' title="bbox 1700 3521 2992 3597; baseline 0 -17"><span class='ocrx_word' id='word_1_434' title='bbox 1700 3556 1787 3566; x_wconf 93' lang='lat'>-——</span> <span class='ocrx_word' id='word_1_435' title='bbox 1850 3523 2062 3580; x_wconf 85' lang='lat' dir='ltr'>Petrus</span> <span class='ocrx_word' id='word_1_436' title='bbox 2125 3521 2603 3597; x_wconf 87' lang='lat' dir='ltr'>Alphousus,</span> <span class='ocrx_word' id='word_1_437' title='bbox 2667 3521 2992 3597; x_wconf 85' lang='lat' dir='ltr'>Burgensis</span> 
     </span>
     <span class='ocr_line' id='line_1_75' title="bbox 1701 3610 2990 3686; baseline 0 -17"><span class='ocrx_word' id='word_1_438' title='bbox 1701 3611 1853 3669; x_wconf 87' lang='lat' dir='ltr'>forte</span> <span class='ocrx_word' id='word_1_439' title='bbox 1887 3631 1921 3669; x_wconf 88' lang='lat' dir='ltr'>a</span> <span class='ocrx_word' id='word_1_440' title='bbox 1950 3611 2143 3686; x_wconf 87' lang='lat' dir='ltr'>patria</span> <span class='ocrx_word' id='word_1_441' title='bbox 2174 3611 2386 3679; x_wconf 89' lang='lat' dir='ltr'>dictus,</span> <span class='ocrx_word' id='word_1_442' title='bbox 2436 3611 2530 3668; x_wconf 85' lang='lat' dir='ltr'>vir</span> <span class='ocrx_word' id='word_1_443' title='bbox 2559 3610 2621 3668; x_wconf 90' lang='lat' dir='ltr'>in</span> <span class='ocrx_word' id='word_1_444' title='bbox 2656 3611 2851 3669; x_wconf 88' lang='lat' dir='ltr'>seculo</span> <span class='ocrx_word' id='word_1_445' title='bbox 2885 3630 2990 3669; x_wconf 87' lang='lat' dir='ltr'>no·</span> 
     </span>
     <span class='ocr_line' id='line_1_76' title="bbox 1699 3699 2991 3769; baseline -0.001 -10"><span class='ocrx_word' id='word_1_446' title='bbox 1699 3701 1851 3769; x_wconf 88' lang='lat' dir='ltr'>bilis,</span> <span class='ocrx_word' id='word_1_447' title='bbox 1901 3700 2100 3759; x_wconf 83' lang='lat' dir='ltr'>Oarolo</span> <span class='ocrx_word' id='word_1_448' title='bbox 2134 3699 2201 3758; x_wconf 89' lang='lat' dir='ltr'>V.</span> <span class='ocrx_word' id='word_1_449' title='bbox 2249 3717 2435 3769; x_wconf 86' lang='lat' dir='ltr'>carus,</span> <span class='ocrx_word' id='word_1_450' title='bbox 2481 3699 2805 3758; x_wconf 85' lang='lat' dir='ltr'>monachus</span> <span class='ocrx_word' id='word_1_451' title='bbox 2852 3699 2991 3758; x_wconf 86' lang='lat' dir='ltr'>dein</span> 
     </span>
     <span class='ocr_line' id='line_1_77' title="bbox 1700 3789 2992 3864; baseline -0.001 -16"><span class='ocrx_word' id='word_1_452' title='bbox 1700 3790 2208 3859; x_wconf 85' lang='lat' dir='ltr'>monserrateusis,</span> <span class='ocrx_word' id='word_1_453' title='bbox 2242 3789 2305 3846; x_wconf 90' lang='lat' dir='ltr'>iu</span> <span class='ocrx_word' id='word_1_454' title='bbox 2338 3806 2455 3864; x_wconf 92' lang='lat' dir='ltr'>quo</span> <span class='ocrx_word' id='word_1_455' title='bbox 2476 3789 2777 3857; x_wconf 88' lang='lat' dir='ltr'>coenobio,</span> <span class='ocrx_word' id='word_1_456' title='bbox 2812 3791 2992 3864; x_wconf 88' lang='lat' dir='ltr'>atque</span> 
     </span>
     <span class='ocr_line' id='line_1_78' title="bbox 1702 3877 2992 3953; baseline 0 -17"><span class='ocrx_word' id='word_1_457' title='bbox 1702 3879 1839 3937; x_wconf 89' lang='lat' dir='ltr'>inde</span> <span class='ocrx_word' id='word_1_458' title='bbox 1888 3880 1952 3936; x_wconf 90' lang='lat' dir='ltr'>in</span> <span class='ocrx_word' id='word_1_459' title='bbox 2003 3878 2230 3937; x_wconf 87' lang='lat' dir='ltr'>cellulis</span> <span class='ocrx_word' id='word_1_460' title='bbox 2275 3879 2493 3936; x_wconf 89' lang='lat' dir='ltr'>montis</span> <span class='ocrx_word' id='word_1_461' title='bbox 2544 3877 2810 3953; x_wconf 88' lang='lat' dir='ltr'>ejusdem</span> <span class='ocrx_word' id='word_1_462' title='bbox 2856 3879 2992 3937; x_wconf 92' lang='lat' dir='ltr'>soli-</span> 
     </span>
     <span class='ocr_line' id='line_1_79' title="bbox 1699 3967 2994 4042; baseline -0.001 -16"><span class='ocrx_word' id='word_1_463' title='bbox 1699 3969 1870 4026; x_wconf 85' lang='lat' dir='ltr'>tariis</span> <span class='ocrx_word' id='word_1_464' title='bbox 1902 3968 2134 4042; x_wconf 86' lang='lat' dir='ltr'>ingenti</span> <span class='ocrx_word' id='word_1_465' title='bbox 2166 3969 2322 4026; x_wconf 85' lang='lat' dir='ltr'>fama</span> <span class='ocrx_word' id='word_1_466' title='bbox 2354 3967 2625 4026; x_wconf 83' lang='lat' dir='ltr'>excelluit</span> <span class='ocrx_word' id='word_1_467' title='bbox 2656 3967 2994 4026; x_wconf 86' lang='lat' dir='ltr'>sanctitatis</span> 
     </span>
     <span class='ocr_line' id='line_1_80' title="bbox 1700 4056 2997 4132; baseline -0.001 -16"><span class='ocrx_word' id='word_1_468' title='bbox 1700 4056 2182 4132; x_wconf 87' lang='lat' dir='ltr'>contemplationi</span> <span class='ocrx_word' id='word_1_469' title='bbox 2245 4056 2698 4127; x_wconf 87' lang='lat' dir='ltr'>addictissimus,</span> <span class='ocrx_word' id='word_1_470' title='bbox 2763 4056 2997 4132; x_wconf 89' lang='lat' dir='ltr'>scripsit</span> 
     </span>
    </p>
   </div>
   <div class='ocr_carea' id='block_1_8' title="bbox 356 4146 2992 4401">
    <p class='ocr_par' dir='ltr' id='par_1_8' title="bbox 356 4146 2992 4401">
     <span class='ocr_line' id='line_1_81' title="bbox 433 4146 2992 4244; baseline -0.001 -37"><span class='ocrx_word' id='word_1_471' title='bbox 433 4179 471 4244; x_wconf 72' lang='grc' dir='ltr'>ι)</span> <span class='ocrx_word' id='word_1_472' title='bbox 500 4174 646 4230; x_wconf 49' lang='lat' dir='ltr'>Diffi·</span> <span class='ocrx_word' id='word_1_473' title='bbox 703 4175 895 4243; x_wconf 49' lang='lat' dir='ltr'>Antiq·</span> <span class='ocrx_word' id='word_1_474' title='bbox 943 4175 1007 4229; x_wconf 44' lang='grc' dir='ltr'>Χ,</span> <span class='ocrx_word' id='word_1_475' title='bbox 1062 4191 1127 4228; x_wconf 59' lang='lat' dir='ltr'>ex</span> <span class='ocrx_word' id='word_1_476' title='bbox 1185 4175 1436 4228; x_wconf 58' lang='lat' dir='ltr'>versione</span> <span class='ocrx_word' id='word_1_477' title='bbox 1491 4175 1643 4227; x_wconf 52' lang='lat'>3005</span> <span class='ocrx_word' id='word_1_478' title='bbox 1699 4148 1768 4204; x_wconf 85' lang='lat' dir='ltr'>de</span> <span class='ocrx_word' id='word_1_479' title='bbox 1801 4149 2092 4205; x_wconf 66' lang='lat' dir='ltr'>immensas</span> <span class='ocrx_word' id='word_1_480' title='bbox 2115 4147 2225 4204; x_wconf 72' lang='lat' dir='ltr'>Dei</span> <span class='ocrx_word' id='word_1_481' title='bbox 2259 4147 2537 4221; x_wconf 77' lang='lat' dir='ltr'>beneficiis</span> <span class='ocrx_word' id='word_1_482' title='bbox 2568 4149 2629 4205; x_wconf 87' lang='lat' dir='ltr'>et</span> <span class='ocrx_word' id='word_1_483' title='bbox 2658 4146 2854 4204; x_wconf 87' lang='lat' dir='ltr'>tribus</span> <span class='ocrx_word' id='word_1_484' title='bbox 2878 4146 2992 4205; x_wconf 84' lang='lat' dir='ltr'>vir-</span> 
     </span>
     <span class='ocr_line' id='line_1_82' title="bbox 356 4235 2989 4316; baseline -0.002 -18"><span class='ocrx_word' id='word_1_485' title='bbox 356 4245 511 4316; x_wconf 86' lang='lat' dir='ltr'>apud</span> <span class='ocrx_word' id='word_1_486' title='bbox 541 4245 665 4298; x_wconf 82' lang='lat' dir='ltr'>Nic.</span> <span class='ocrx_word' id='word_1_487' title='bbox 696 4246 1006 4301; x_wconf 86' lang='lat' dir='ltr'>Antonium</span> <span class='ocrx_word' id='word_1_488' title='bbox 1036 4245 1642 4314; x_wconf 82' lang='lat' dir='ltr'>Bibl.hisp.u,1‚126.‚</span> <span class='ocrx_word' id='word_1_489' title='bbox 1700 4237 1934 4295; x_wconf 78' lang='lat' dir='ltr'>tutibus</span> <span class='ocrx_word' id='word_1_490' title='bbox 1967 4235 2419 4311; x_wconf 79' lang='lat' dir='ltr'>theologalibus,</span> <span class='ocrx_word' id='word_1_491' title='bbox 2460 4236 2786 4294; x_wconf 83' lang='lat' dir='ltr'>Barcinone</span> <span class='ocrx_word' id='word_1_492' title='bbox 2827 4245 2989 4298; x_wconf 84' lang='lat'>1552</span> 
     </span>
     <span class='ocr_line' id='line_1_83' title="bbox 357 4315 2989 4401; baseline -0.002 -13"><span class='ocrx_word' id='word_1_493' title='bbox 357 4316 511 4388; x_wconf 62' lang='lat' dir='ltr'>apud</span> <span class='ocrx_word' id='word_1_494' title='bbox 540 4333 709 4385; x_wconf 69' lang='lat' dir='ltr'>quem</span> <span class='ocrx_word' id='word_1_495' title='bbox 737 4317 876 4370; x_wconf 59' lang='lat' dir='ltr'>Satis</span> <span class='ocrx_word' id='word_1_496' title='bbox 904 4318 1163 4371; x_wconf 63' lang='lat' dir='ltr'>acerbam</span> <span class='ocrx_word' id='word_1_497' title='bbox 1207 4315 1277 4370; x_wconf 69' lang='lat'>&lt;30</span> <span class='ocrx_word' id='word_1_498' title='bbox 1305 4333 1369 4370; x_wconf 70' lang='grc' dir='ltr'>ΕΟ</span> <span class='ocrx_word' id='word_1_499' title='bbox 1397 4315 1644 4388; x_wconf 67' lang='grc' dir='ltr'>ΥΘΡΘΥῙΘΒ</span> <span class='ocrx_word' id='word_1_500' title='bbox 1701 4327 1763 4384; x_wconf 92' lang='lat' dir='ltr'>iu</span> <span class='ocrx_word' id='word_1_501' title='bbox 1800 4335 1869 4395; x_wconf 53' lang='grc' dir='ltr'>κς</span> <span class='ocrx_word' id='word_1_502' title='bbox 1914 4326 1983 4383; x_wconf 83' lang='lat' dir='ltr'>de</span> <span class='ocrx_word' id='word_1_503' title='bbox 2014 4327 2379 4401; x_wconf 75' lang='lat' dir='ltr'>eucharistia,</span> <span class='ocrx_word' id='word_1_504' title='bbox 2429 4324 2500 4382; x_wconf 89' lang='lat' dir='ltr'>de</span> <span class='ocrx_word' id='word_1_505' title='bbox 2534 4325 2664 4384; x_wconf 87' lang='lat' dir='ltr'>vita</span> <span class='ocrx_word' id='word_1_506' title='bbox 2712 4325 2989 4395; x_wconf 83' lang='lat' dir='ltr'>solitaria,</span> 
     </span>
    </p>
   </div>
   <div class='ocr_carea' id='block_1_9' title="bbox 356 4387 2988 4529">
    <p class='ocr_par' dir='ltr' id='par_1_9' title="bbox 356 4387 2988 4529">
     <span class='ocr_line' id='line_1_84' title="bbox 356 4387 2988 4529; baseline -0.001 -17"><span class='ocrx_word' id='word_1_507' title='bbox 356 4387 1643 4529; x_wconf 52' lang='lat' dir='ltr'>ss2¹²1⁸3¹3211³3303¹322¹f33e³tsshtssffsftff¹⁰÷2313</span> <span class='ocrx_word' id='word_1_508' title='bbox 1701 4415 1772 4473; x_wconf 69' lang='grc' dir='ltr'>«π</span> <span class='ocrx_word' id='word_1_509' title='bbox 1807 4416 2089 4491; x_wconf 71' lang='grc' dir='ltr'>πωπω</span> <span class='ocrx_word' id='word_1_510' title='bbox 2123 4414 2437 4489; x_wconf 67' lang='grc' dir='ltr'>πωπω</span> <span class='ocrx_word' id='word_1_511' title='bbox 2683 4414 2988 4490; x_wconf 75' lang='grc' dir='ltr'>πωπω-</span> 
     </span>
    </p>
   </div>
   <div class='ocr_carea' id='block_1_10' title="bbox 360 4503 2998 4601">
    <p class='ocr_par' dir='ltr' id='par_1_10' title="bbox 360 4503 2998 4601">
     <span class='ocr_line' id='line_1_85' title="bbox 360 4503 2998 4601; baseline -0.003 -17"><span class='ocrx_word' id='word_1_512' title='bbox 360 4531 636 4600; x_wconf 76' lang='lat' dir='ltr'>„iusignia</span> <span class='ocrx_word' id='word_1_513' title='bbox 661 4530 916 4601; x_wconf 84' lang='lat' dir='ltr'>scriptor,</span> <span class='ocrx_word' id='word_1_514' title='bbox 939 4531 1128 4584; x_wconf 84' lang='lat' dir='ltr'>audax</span> <span class='ocrx_word' id='word_1_515' title='bbox 1151 4531 1328 4595; x_wconf 86' lang='lat' dir='ltr'>fictor,</span> <span class='ocrx_word' id='word_1_516' title='bbox 1357 4531 1644 4585; x_wconf 83' lang='lat' dir='ltr'>confidens</span> <span class='ocrx_word' id='word_1_517' title='bbox 1702 4524 1852 4578; x_wconf 67' lang='lat' dir='ltr'>sums</span> <span class='ocrx_word' id='word_1_518' title='bbox 1887 4505 1958 4561; x_wconf 65' lang='lat' dir='ltr'>de</span> <span class='ocrx_word' id='word_1_519' title='bbox 1993 4503 2440 4562; x_wconf 62' lang='lat' dir='ltr'>immortalilsstfl</span> <span class='ocrx_word' id='word_1_520' title='bbox 2473 4504 2721 4574; x_wconf 63' lang='lat' dir='ltr'>‘mimae’</span> <span class='ocrx_word' id='word_1_521' title='bbox 2767 4504 2837 4561; x_wconf 66' lang='lat' dir='ltr'>de</span> <span class='ocrx_word' id='word_1_522' title='bbox 2870 4503 2998 4561; x_wconf 58' lang='lat' dir='ltr'>Vita</span> 
     </span>
    </p>
   </div>
   <div class='ocr_carea' id='block_1_11' title="bbox 356 4592 2995 4756">
    <p class='ocr_par' dir='ltr' id='par_1_11' title="bbox 356 4592 2995 4756">
     <span class='ocr_line' id='line_1_86' title="bbox 358 4592 2995 4672; baseline -0.002 -17"><span class='ocrx_word' id='word_1_523' title='bbox 358 4605 635 4667; x_wconf 83' lang='lat' dir='ltr'>narrator,</span> <span class='ocrx_word' id='word_1_524' title='bbox 663 4618 906 4672; x_wconf 83' lang='lat' dir='ltr'>maguus</span> <span class='ocrx_word' id='word_1_525' title='bbox 947 4603 1292 4664; x_wconf 79' lang='lat' dir='ltr'>exhortator,</span> <span class='ocrx_word' id='word_1_526' title='bbox 1320 4604 1643 4672; x_wconf 86' lang='lat' dir='ltr'>praeclarus</span> <span class='ocrx_word' id='word_1_527' title='bbox 1700 4598 1762 4652; x_wconf 84' lang='lat' dir='ltr'>et</span> <span class='ocrx_word' id='word_1_528' title='bbox 1812 4593 2089 4651; x_wconf 87' lang='lat' dir='ltr'>laudibus</span> <span class='ocrx_word' id='word_1_529' title='bbox 2141 4593 2356 4651; x_wconf 87' lang='lat' dir='ltr'>Mariae</span> <span class='ocrx_word' id='word_1_530' title='bbox 2408 4592 2492 4660; x_wconf 63' lang='lat' dir='ltr'>V„</span> <span class='ocrx_word' id='word_1_531' title='bbox 2557 4593 2753 4650; x_wconf 87' lang='lat' dir='ltr'>omnia</span> <span class='ocrx_word' id='word_1_532' title='bbox 2817 4592 2995 4650; x_wconf 84' lang='lat' dir='ltr'>simul</span> 
     </span>
     <span class='ocr_line' id='line_1_87' title="bbox 356 4673 2994 4756; baseline -0.002 -30"><span class='ocrx_word' id='word_1_533' title='bbox 356 4674 568 4729; x_wconf 84' lang='lat' dir='ltr'>doctor.</span> <span class='ocrx_word' id='word_1_534' title='bbox 600 4673 757 4729; x_wconf 87' lang='lat' dir='ltr'>utilis</span> <span class='ocrx_word' id='word_1_535' title='bbox 784 4675 1117 4737; x_wconf 83' lang='lat' dir='ltr'>consolator,</span> <span class='ocrx_word' id='word_1_536' title='bbox 1158 4674 1401 4727; x_wconf 86' lang='lat' dir='ltr'>disertus</span> <span class='ocrx_word' id='word_1_537' title='bbox 1429 4675 1643 4729; x_wconf 84' lang='lat' dir='ltr'>concio·</span> <span class='ocrx_word' id='word_1_538' title='bbox 1703 4682 2028 4741; x_wconf 68' lang='lat' dir='ltr'>Barcinone</span> <span class='ocrx_word' id='word_1_539' title='bbox 2056 4691 2222 4744; x_wconf 71' lang='lat'>1552</span> <span class='ocrx_word' id='word_1_540' title='bbox 2257 4682 2321 4740; x_wconf 74' lang='lat' dir='ltr'>in</span> <span class='ocrx_word' id='word_1_541' title='bbox 2346 4692 2412 4752; x_wconf 70' lang='lat'>33</span> <span class='ocrx_word' id='word_1_542' title='bbox 2444 4683 2512 4739; x_wconf 64' lang='lat' dir='ltr'>de</span> <span class='ocrx_word' id='word_1_543' title='bbox 2538 4684 2994 4756; x_wconf 56' lang='lat' dir='ltr'>praeparatione</span> 
     </span>
    </p>
   </div>
   <div class='ocr_carea' id='block_1_12' title="bbox 358 4744 2995 4886">
    <p class='ocr_par' dir='ltr' id='par_1_12' title="bbox 358 4744 2995 4886">
     <span class='ocr_line' id='line_1_88' title="bbox 358 4744 2995 4886; baseline -0.009 -18"><span class='ocrx_word' id='word_1_544' title='bbox 358 4744 1043 4878; x_wconf 49' lang='lat' dir='ltr'>issaram&amp;</span> <span class='ocrx_word' id='word_1_545' title='bbox 1073 4744 1642 4886; x_wconf 49' lang='lat' dir='ltr'>„9¹2273ffiz4s323</span> <span class='ocrx_word' id='word_1_546' title='bbox 1701 4773 1779 4829; x_wconf 80' lang='grc' dir='ltr'>ω</span> <span class='ocrx_word' id='word_1_547' title='bbox 1823 4779 2078 4840; x_wconf 82' lang='grc' dir='ltr'>πωπω</span> <span class='ocrx_word' id='word_1_548' title='bbox 2127 4771 2202 4832; x_wconf 81' lang='grc' dir='ltr'>ω.</span> <span class='ocrx_word' id='word_1_549' title='bbox 2473 4771 2537 4828; x_wconf 69' lang='grc' dir='ltr'>ω</span> <span class='ocrx_word' id='word_1_550' title='bbox 2720 4771 2995 4845; x_wconf 55' lang='lat' dir='ltr'>nmmos</span> 
     </span>
    </p>
   </div>
   <div class='ocr_carea' id='block_1_13' title="bbox 354 4858 2993 5027">
    <p class='ocr_par' dir='ltr' id='par_1_13' title="bbox 354 4858 2993 5027">
     <span class='ocr_line' id='line_1_89' title="bbox 354 4858 2991 4960; baseline -0.006 -30"><span class='ocrx_word' id='word_1_551' title='bbox 354 4891 443 4942; x_wconf 76' lang='lat' dir='ltr'>cst</span> <span class='ocrx_word' id='word_1_552' title='bbox 488 4890 618 4941; x_wconf 63' lang='lat' dir='ltr'>Ant,</span> <span class='ocrx_word' id='word_1_553' title='bbox 667 4888 942 4952; x_wconf 40' lang='lat' dir='ltr'>Guevam&#39;</span> <span class='ocrx_word' id='word_1_554' title='bbox 989 4888 1058 4940; x_wconf 67' lang='lat' dir='ltr'>de</span> <span class='ocrx_word' id='word_1_555' title='bbox 1107 4907 1220 4956; x_wconf 83' lang='lat' dir='ltr'>qno</span> <span class='ocrx_word' id='word_1_556' title='bbox 1248 4890 1318 4944; x_wconf 46' lang='lat' dir='ltr'>cf·</span> <span class='ocrx_word' id='word_1_557' title='bbox 1349 4887 1642 4942; x_wconf 49' lang='lat' dir='ltr'>Nomench</span> <span class='ocrx_word' id='word_1_558' title='bbox 1700 4867 1867 4918; x_wconf 71' lang='lat' dir='ltr'>entre</span> <span class='ocrx_word' id='word_1_559' title='bbox 1913 4860 2142 4960; x_wconf 79' lang='lat' dir='ltr'>Christo</span> <span class='ocrx_word' id='word_1_560' title='bbox 2186 4879 2225 4935; x_wconf 85' lang='lat' dir='ltr'><strong>y</strong></span> <span class='ocrx_word' id='word_1_561' title='bbox 2271 4861 2321 4917; x_wconf 86' lang='lat' dir='ltr'>el</span> <span class='ocrx_word' id='word_1_562' title='bbox 2358 4861 2544 4930; x_wconf 87' lang='lat' dir='ltr'>Alma,</span> <span class='ocrx_word' id='word_1_563' title='bbox 2591 4861 2668 4920; x_wconf 89' lang='lat' dir='ltr'>ib.</span> <span class='ocrx_word' id='word_1_564' title='bbox 2713 4869 2876 4958; x_wconf 61' lang='grc'>1509</span> <span class='ocrx_word' id='word_1_565' title='bbox 2928 4858 2991 4915; x_wconf 88' lang='lat' dir='ltr'>iu</span> 
     </span>
     <span class='ocr_line' id='line_1_90' title="bbox 359 4948 2993 5027; baseline -0.007 -6"><span class='ocrx_word' id='word_1_566' title='bbox 359 4961 423 5025; x_wconf 75' lang='lat'>1⁹,</span> <span class='ocrx_word' id='word_1_567' title='bbox 452 4963 537 5019; x_wconf 76' lang='lat'>87.</span> <span class='ocrx_word' id='word_1_568' title='bbox 1705 4963 1757 5009; x_wconf 61' lang='lat'>8.</span> <span class='ocrx_word' id='word_1_569' title='bbox 1804 4984 1890 4992; x_wconf 87' lang='lat'>—-</span> <span class='ocrx_word' id='word_1_570' title='bbox 1925 4950 2153 5018; x_wconf 79' lang='lat' dir='ltr'>Quibus</span> <span class='ocrx_word' id='word_1_571' title='bbox 2190 4949 2323 5008; x_wconf 86' lang='lat' dir='ltr'>addi</span> <span class='ocrx_word' id='word_1_572' title='bbox 2358 4952 2607 5027; x_wconf 83' lang='lat' dir='ltr'>possunt</span> <span class='ocrx_word' id='word_1_573' title='bbox 2638 4948 2993 5006; x_wconf 76' lang='lat' dir='ltr'>Hadrianus</span> 
     </span>
    </p>
   </div>
   <div class='ocr_carea' id='block_1_14' title="bbox 2549 5050 2642 5105">
    <p class='ocr_par' dir='ltr' id='par_1_14' title="bbox 2549 5050 2642 5105">
     <span class='ocr_line' id='line_1_91' title="bbox 2549 5050 2642 5105; baseline 0 -35"><span class='ocrx_word' id='word_1_574' title='bbox 2549 5050 2642 5105; x_wconf 67' lang='lat'>50.</span> 
     </span>
    </p>
   </div>
  </div>
 </body>
</html>
