3475 5364
736 322 806 377 de
833 321 1208 376 immaculata
1232 319 1490 392 Virginis
1515 320 1884 391 conceptione
1912 322 1971 375 et
1994 321 2064 374 de
2090 320 2369 391 sanguine
2397 318 2624 376 Christi.

378 342 540 395 1005
2815 338 2980 401 1006

368 514 474 569 tur
504 509 687 569 etiam
718 511 784 567 in
815 510 1228 585 conceptionem·
1261 507 1557 582 Deiparae
1589 507 1652 573 V.
1707 502 1870 589 siae),
1932 526 2050 584 quo
2112 507 2496 566 continentur
2554 523 2852 564 sermones
2914 505 2987 564 de

372 600 429 659 ll.
450 595 509 656 3.
542 598 778 658 Occasio
798 598 979 675 hujus
994 597 1415 673 disputationis
1429 598 1655 674 primae
1708 597 1928 657 sanctis
1959 600 2023 655 et
2052 595 2447 667 dominicales,
2495 594 2679 654 etiam
2718 598 2897 671 negat
2926 594 2985 653 b.

370 692 432 747 et
480 688 845 764 reliquarum
893 687 1011 746 fuit
1053 687 1222 745 bulla
1267 686 1419 745 Sixti
1449 686 1544 745 IV.
1578 687 1653 745 si·
1709 685 2012 764 Virginem
2060 685 2383 744 immunem
2433 682 2616 743 fuisse
2666 704 2700 743 a
2746 687 2987 760 peccato

371 776 624 836 lentium
670 776 942 836 indicens
997 776 1070 834 de
1115 776 1364 835 materia
1408 794 1648 852 concep·
1709 774 2002 853 originali,
2056 775 2193 833 hinc
2242 795 2276 833 a
2323 774 2557 833 Joanne
2606 793 2641 832 a
2670 772 2887 849 Lapide
2921 773 2984 831 O.

371 867 566 925 tionis.
630 867 742 924 Pro
789 866 969 941 hujus
1012 865 1214 923 bullae
1259 863 1653 924 declaratione
1709 864 1901 923 Carth.
1938 861 2034 946 (de
2066 883 2187 939 quo
2216 862 2393 939 infra)
2426 863 2492 921 in
2521 861 2987 940 praemonitione

371 956 583 1015 habuit
630 955 1011 1014 Sebastianus
1043 955 1231 1013 Brant
1260 948 1323 1037 (†
1363 950 1556 1034 1521)
1591 953 1653 1012 in
1707 953 1954 1013 editioni
2014 952 2325 1012 basileensi
2399 951 2729 1029 praemissa
2788 970 2987 1027 repre·

372 1044 572 1104 studio
605 1044 880 1119 lipsiensi
926 1042 1336 1102 brevissimam
1385 1041 1654 1119 disputa·
1708 1043 2009 1101 henditur.
2043 1041 2390 1117 Saepissime
2421 1040 2644 1117 prodiit
2676 1058 2824 1117 opus
2845 1040 2989 1099 alio-

371 1134 597 1193 tionem
660 1133 730 1191 de
791 1133 1170 1192 immaculata
1231 1132 1650 1208 conceptione:
1709 1132 1856 1206 quin
1871 1132 2111 1209 grande,
2142 1130 2348 1189 saltem
2381 1130 2571 1189 decies
2579 1131 2704 1206 jam
2720 1147 2830 1188 sec.
2848 1129 2985 1200 XV.,

375 1226 579 1281 contra
629 1241 807 1297 quam
857 1220 1181 1280 insurrexit
1224 1221 1512 1298 Georgius
1545 1240 1655 1280 sua
1707 1223 1779 1279 ut
1809 1220 2231 1297 Norimbergae
2269 1229 2466 1290 1487;
2499 1218 2764 1278 Basileae
2804 1227 2987 1290 1488;

373 1306 742 1386 repetitione,
763 1311 959 1386 inqua
972 1309 1427 1380 tuetur„dicere
1441 1310 1506 1369 V.
1529 1330 1651 1369 esse
1707 1310 1901 1369 adhuc
1932 1310 2222 1369 Monachii
2259 1319 2445 1373 1615.

379 1402 725 1474 conceptam
756 1399 882 1458 sine
915 1402 1150 1475 peccato
1182 1398 1475 1476 originali,
1526 1418 1653 1459 esse
1753 1412 1757 1415 ·

373 1489 656 1548 haeresim
675 1488 1004 1548 formaliter
1019 1492 1079 1547 et
1093 1489 1452 1547 intrinsece.‘
1473 1487 1654 1547 Aliud
1800 1496 1943 1552 484.
1975 1488 2060 1547 De
2106 1487 2323 1547 celebri
2371 1485 2771 1546 controversia
2818 1486 2986 1544 illius

371 1579 720 1653 opusculum
736 1577 1650 1653 contraeundemBrantscripsit.
1707 1577 1991 1654 temporis
2036 1578 2104 1636 de
2152 1578 2434 1654 sanquine
2488 1576 2705 1634 Christi
2751 1578 2990 1651 praeter

373 1667 601 1726 Prodiit
629 1667 948 1744 interiml),
983 1670 1222 1726 auctore
1242 1667 1655 1726 forteBrant
1708 1666 2192 1725 Dominicum
2224 1665 2295 1724 de
2327 1664 2753 1724 Dominicis
2800 1664 2988 1723 Vene-

370 1756 467 1815 vel
499 1756 700 1831 aliquo
722 1756 904 1814 fratre
921 1758 1162 1826 minore,
1187 1756 1432 1833 Clypeus
1454 1764 1652 1815 contra
1708 1758 1858 1825 tum,
1920 1756 2262 1832 episcopum
2309 1755 2720 1823 torcellanum,
2773 1752 2988 1812 deinde

364 1846 570 1919 jacula
590 1844 874 1904 adversus
902 1864 1126 1905 sacram
1143 1848 1205 1904 et
1216 1831 1654 1904 immaculatam
1707 1844 2086 1915 brixiensem,
2119 1843 2489 1921 aliquamdiu
2518 1843 2697 1902 etiam
2720 1841 2894 1901 Pauli
2913 1841 2986 1900 H.

373 1934 438 1992 V.
473 1934 688 1993 Mariae
733 1934 1169 2010 conceptionem
1202 1935 1518 1994 volitantia
1546 1953 1654 2010 per
1708 1937 1769 1991 et
1785 1933 1934 1993 Sixti
1948 1933 2045 1992 IV.
2075 1933 2360 1994 vicarium
2388 1934 2604 1992 Romae
2632 1934 2693 1990 et
2723 1931 2988 2008 legatum

371 2023 607 2082 modum
640 2023 822 2082 trium
856 2042 1192 2084 sermonum
1235 2042 1369 2082 cum
1400 2024 1651 2100 quadam
1708 2022 2077 2099 pontificium
2098 2018 2161 2105 (†
2184 2022 2458 2086 17.Febr.
2482 2032 2598 2084 147
2611 2016 2814 2102 8).qui
2826 2039 2988 2080 occa-

369 2112 715 2189 quaestione
762 2112 1092 2189 theologica
1136 2131 1203 2171 ac
1246 2111 1654 2188 disputatione
1709 2112 1873 2171 sione
1935 2112 2172 2172 concilii
2234 2110 2581 2171 basileensis
2658 2109 2988 2186 disputavit

366 2201 626 2278 juridica
684 2201 751 2259 in
798 2201 1014 2261 scholis
1056 2202 1413 2277 jur-istarum
1464 2203 1654 2260 almae
1708 2201 1782 2260 de
1799 2204 2092 2278 potestate
2112 2220 2319 2277 papae,
2336 2218 2513 2270 conc„
2532 2194 2986 2280 cardinalium1)

367 2290 779 2350 universitatis
795 2290 1090 2367 lipsiensis
1103 2291 1261 2349 facta.
1276 2291 1388 2349 sub
1400 2310 1448 2348 a.
1469 2303 1492 2352 1
1508 2300 1543 2353 4
1553 2300 1587 2354 8
1597 2300 1650 2353 9.

369 2380 523 2438 Huic
554 2380 813 2438 occurrit
846 2380 892 2439 Ο
910 2381 1026 2438 rte
1043 2399 1075 2437 r
1123 2379 1410 2455 opusculo
1441 2379 1650 2439 tertio:

369 2466 652 2543 Repetitio
664 2468 974 2548 fabulosae
1001 2470 1362 2528 narrationis
1371 2465 1422 2551 2)
1439 2474 1548 2528 etc.
1565 2503 1651 2512 —

367 2559 505 2617 Pet
524 2577 654 2617 rus
686 2557 758 2616 de
791 2558 1154 2616 Vincenti
1172 2556 1266 2638 a³)
1314 2557 1654 2634 compilavit

367 2649 435 2707 de.
466 2648 513 2709 b.
562 2646 815 2725 Viryinis
844 2650 1197 2722 conceptione
1220 2657 1292 2711 21
1310 2658 1343 2710 6
1383 2666 1426 2710 S.
1448 2647 1653 2707 matris

1708 2293 1816 2352 etc.
1836 2290 1933 2371 (tr.
1951 2286 2259 2370 ineditus),
2285 2292 2358 2347 tr.
2377 2289 2614 2365 scripsit
2629 2289 2697 2346 de
2710 2289 2988 2366 sanquine

1709 2379 1926 2439 Christi
1934 2375 1986 2461 2)
2019 2382 2081 2438 et
2111 2378 2183 2437 de
2215 2378 2501 2438 filiatione
2522 2378 2561 2436 J
2564 2377 2772 2437 oannis
2804 2396 2987 2436 evan-

1706 2469 1953 2545 gelistae
1983 2468 2055 2528 ad
2072 2468 2126 2527 b.
2145 2467 2465 2545 Virginem,
2497 2466 2759 2526 Venetiis
2786 2476 2856 2530 15
2870 2477 2901 2529 5
2914 2478 2945 2529 7
2965 2485 2980 2537 ;

1718 2570 1739 2621 1
1759 2568 1881 2621 568
1902 2578 1916 2628 ;
1938 2628 1941 2629 ⁷
1978 2558 2047 2616 de
2106 2558 2379 2634 diqnitate
2438 2558 2709 2632 episcopi,
2773 2555 2988 2615 Romae

1714 2658 1739 2711 1
1757 2657 1790 2712 7
1801 2657 1834 2711 5
1847 2656 1877 2711 7
1901 2668 1915 2718 ;
1950 2649 2018 2706 de
2032 2647 2419 2706 cardinalium
2436 2647 2692 2706 electione
2710 2648 2771 2704 et
2788 2643 2985 2723 legiti-

368 2738 665 2796 Ecclesiae
678 2736 986 2796 doctorum
1007 2757 1162 2807 vera,
1177 2741 1313 2796 tuta
1328 2741 1388 2796 et
1413 2739 1654 2796 tenenda
1705 2757 1804 2795 ma
1822 2737 2134 2807 creatione,
2152 2737 2257 2812 qui
2270 2736 2492 2813 prodiit
2506 2739 2643 2813 post
2656 2753 2806 2811 opus
2826 2736 2899 2793 Μ.
2919 2736 2985 2792 Α.

367 2829 661 2903 sententia,
697 2825 965 2885 Venetiis
1006 2836 1208 2897 14943
1260 2827 1500 2886 Tolosae
1534 2845 1577 2885 s.
1612 2826 1650 2883 l.

369 2918 430 2973 et
461 2935 508 2973 a.
542 2918 684 2975 etc.:
738 2915 1077 2991 compilatio
1125 2935 1245 2973 non
1295 2916 1498 2992 magni
1527 2934 1650 2976 mo-

1709 2827 1781 2884 de
1815 2826 2078 2885 Dominis
2110 2828 2182 2884 de
2214 2825 2350 2885 eccl.
2384 2826 2613 2900 republ.
2645 2827 2687 2883 t.
2730 2836 2799 2895 1.,
2832 2823 2987 2884 Lon-

1707 2915 1836 2974 dini
1893 2925 2056 2979 1617
2081 2936 2095 2984 ;
2158 2914 2587 2992 Heidelbergae
2656 2923 2838 2977 1618.
2900 2947 2989 2956 -

369 3005 571 3072 menti,
606 3023 741 3062 cum
774 3004 901 3064 sine
931 3004 1058 3063 ulla
1102 3005 1236 3063 crisi
1270 3009 1539 3064 auctores
1572 3005 1651 3063 ci·
1705 3005 2166 3064 Franciscus
2229 3004 2301 3062 de
2362 3004 2658 3062 Ruvere
2722 3003 2785 3062 Ο.
2849 3002 2988 3060 Min.

368 3089 655 3173 tentur4).
698 3093 971 3152 Ceterum
1001 3113 1122 3153 non
1152 3094 1269 3151 nisi
1302 3093 1465 3152 Vinc.
1497 3094 1652 3151 Ban-

371 3181 612 3250 dellum,
645 3181 717 3240 de
748 3202 867 3258 quo
898 3182 1070 3253 infra,
1092 3182 1421 3258 descripsit.
1453 3183 1654 3241 Edidit

373 3287 611 3345 quoque
641 3270 897 3329 doctoris
944 3272 1195 3349 angelici
1239 3280 1498 3330 catenam
1545 3291 1651 3329 au-

372 3377 534 3416 ream
566 3376 741 3434 super
773 3360 970 3436 omnia
990 3361 1297 3438 evangelia
1329 3360 1652 3420 dominica-

372 3447 452 3506 lia
482 3448 543 3507 et
574 3447 814 3518 ferialia,
863 3467 1091 3508 necnon
1141 3453 1202 3508 et
1245 3449 1535 3526 quaedam
1580 3447 1652 3507 de

374 3536 612 3606 sanctis,
648 3537 906 3596 Venetiis
957 3548 1123 3600 1494
1175 3539 1237 3596 in
1273 3548 1328 3601 4.
1366 3573 1444 3582 —-
1481 3538 1652 3596 Mef-

368 3627 399 3684 f
406 3626 582 3685 reth
614 3627 926 3703 presbyter
956 3629 1271 3687 misnensis
1294 3628 1569 3686 ecclesiae
1588 3626 1653 3685 in

370 3733 476 3774 suo
508 3716 703 3791 amplo
735 3716 987 3774 Hortulo
1017 3717 1268 3795 Reyinae
1301 3713 1361 3797 (i.
1382 3736 1430 3775 e.
1452 3717 1649 3775 Eccle-

449 3885 734 3953 ¹)P10diit
774 3885 949 3940 etiam
989 3886 1309 3940 Joannis
1350 3887 1420 3941 de
1461 3885 1652 3940 Brei-

368 3960 394 4011 t
409 3974 437 4011 e
455 3976 494 4011 n
513 3959 592 4012 ba
604 3958 682 4010 ch
713 3961 1032 4026 Triplicatio
1048 3961 1245 4013 contra
1262 3958 1549 4027 quandam
1567 3974 1653 4011 ca-

369 4028 633 4082 villosam
674 4045 741 4082 ac
778 4028 1043 4084 inutilem
1088 4028 1430 4099 scripturam
1458 4029 1556 4083 Ge.
1582 4029 1652 4083 de

369 4098 1012 4164 Frickenhausen,
1060 4100 1123 4153 in
1174 4118 1289 4170 qua
1340 4100 1653 4156 solutiones

1706 3093 1928 3152 illustri
1990 3093 2175 3171 stirpe
2227 3093 2417 3153 Cellae
2464 3110 2649 3169 prope
2699 3092 2990 3159 Savonam

1715 3194 1740 3246 1
1757 3193 1829 3246 41
1847 3193 1882 3244 4
1916 3185 2243 3260 prognatus
2262 3183 2521 3258 primum
2537 3181 2773 3257 quidem
2807 3179 2990 3239 verbo

1706 3271 1772 3330 in
1821 3272 2041 3330 celebri
2089 3271 2491 3347 disputatione
2540 3270 2743 3329 habita
2791 3287 2988 3328 coram

1708 3361 1814 3419 Pio
1858 3362 1930 3419 II.
1984 3381 2033 3420 a.
2095 3370 2259 3424 1464
2327 3356 2420 3441 (of.
2473 3378 2652 3435 supra
2697 3380 2753 3436 p.
2808 3354 2987 3439 886)ἰ

1706 3448 1849 3507 dein
1894 3453 1955 3508 et
1987 3449 2208 3525 scripto
2240 3449 2535 3508 Minorum
2582 3447 2988 3524 propugnavit

1708 3538 2046 3613 opinionem
2105 3537 2172 3596 in
2232 3538 2322 3596 Tr.
2386 3538 2507 3596 scil.
2573 3539 2641 3596 de
2701 3532 2987 3613 sanquine

1713 3627 1944 3697 Christi,
2007 3627 2223 3686 Romae
2275 3635 2461 3689 1471.
2522 3625 2752 3684 Patavii
2796 3624 2991 3700 philo-

1706 3716 1991 3792 sophiam,
2026 3715 2234 3774 deinde
2280 3714 2727 3791 ettheologiam
2759 3731 2988 3773 necnon

1706 3807 1769 3864 et
1780 3806 1845 3864 in
1859 3805 1990 3864 aliis
2006 3804 2317 3866 academiis
2332 3822 2548 3881 magno
2562 3802 2987 3879 discipulorum

1707 3912 1999 3954 concursu
2046 3893 2347 3970 professus
2391 3896 2499 3955 est.
2561 3892 2712 3951 Eum
2758 3890 2991 3950 celeber

1707 3984 1863 4042 card.
1880 3984 2193 4042 Bessarion
2206 3982 2546 4058 frequenter
2558 3981 2787 4040 audivit
2802 3998 2990 4055 eoque

1706 4072 2079 4131 familiariter
2101 4073 2257 4130 'usus
2290 4074 2415 4143 est;
2464 4072 2581 4131 imo
2631 4070 2822 4146 ipsius
2852 4087 2988 4127 cen-

367 4187 471 4241 per
497 4187 627 4224 eum
655 4171 822 4224 datae
849 4171 918 4225 ad
947 4170 1198 4226 rationes
1225 4190 1327 4242 pro
1356 4171 1453 4243 pia
1479 4174 1537 4226 et
1562 4172 1653 4226 de.
1704 4180 1880 4221 surae
1913 4161 2166 4238 subjecit
2199 4179 2307 4220 sua
2339 4180 2532 4236 opera.
2578 4160 2721 4218 Erat
2751 4177 2988 4235 quoque

368 4246 503 4298 vota
530 4242 799 4311 opinione
826 4260 868 4298 s.
896 4244 956 4296 et
977 4242 1381 4298 immaculatae
1421 4259 1653 4313 concep·

366 4314 542 4368 tionis
573 4313 634 4368 V.
663 4330 836 4384 supra
863 4313 1142 4368 adductas
1181 4314 1396 4369 debiles
1423 4315 1495 4368 ad
1523 4331 1651 4369 ocu·

364 4385 451 4440 los
478 4385 880 4450 ostenduntur,
893 4403 948 4452 Vs.
969 4384 1005 4438 1.
1024 4388 1082 4439 et
1096 4401 1146 4440 a..
1165 4385 1410 4456 (Lipsiae
1427 4405 1472 4442 c.
1491 4389 1650 4458 1490)

366 4457 429 4510 in
452 4460 505 4512 4.
557 4456 641 4511 Cf.
668 4456 739 4510 de
766 4471 832 4509 eo
861 4457 1029 4524 plura
1053 4457 1222 4511 infra.

1788 4388 1823 4457 ι)
1852 4383 1936 4440 cf.
1962 4371 2253 4438 Fabricius
2279 4385 2482 4447 1,467;
2510 4369 2702 4437 oasin
2722 4383 2815 4442 111.
2830 4387 2989 4445 2569z

1706 4456 1862 4527 degli
1886 4455 2151 4526 Agostini
2175 4454 2367 4509 Sci-itt.
2393 4472 2518 4510 ven.
2547 4457 2586 4520 1,
2609 4459 2714 4513 386
2733 4473 2803 4511 ss.
2820 4477 2837 4511 ε
2862 4453 2991 4509 Cor·

440 4530 483 4598 ²)
511 4526 593 4583 Cf.
622 4526 823 4592 Quetif
856 4528 898 4593 Ι,
937 4531 1074 4588 883:
1123 4527 1272 4584 Alva
1312 4530 1371 4583 et
1406 4530 1653 4596 Astorga
1708 4544 1845 4582 naro
1873 4527 2024 4583 Eccl.
2069 4526 2286 4582 torcell.
2312 4527 2357 4592 1,
2382 4531 2487 4586 383
2539 4526 2870 4581 Tiraboschi
2894 4526 2989 4581 VI.

367 4598 538 4653 Radii
566 4598 702 4653 solis
727 4599 987 4653 veritatis
1015 4602 1118 4654 etc.
1147 4618 1205 4670 p.
1230 4603 1336 4656 263
1361 4600 1466 4654 col.
1494 4604 1652 4657 1671.
1707 4617 1764 4668 p.
1793 4603 1842 4655 1.
1868 4598 1906 4653 1.
1932 4602 1983 4655 2.
2011 4615 2058 4654 c.
2086 4603 2136 4655 1.
2161 4615 2219 4652 n.
2245 4603 2332 4654 22.

443 4675 484 4742 ³)
513 4670 756 4724 Dubitat
784 4687 898 4724 non
926 4688 1109 4732 nemo,
1161 4689 1300 4725 num
1342 4687 1551 4725 nomen
1578 4670 1654 4723 sit

366 4741 726 4797 ementitum.
779 4739 863 4797 Cf.
885 4741 1087 4806 Quetif
1103 4742 1145 4807 I,
1171 4745 1294 4800 880.

366 4886 408 4940 t.
437 4885 456 4937 I
491 4925 505 4937 .
529 4902 587 4939 n.
613 4887 717 4941 599
745 4901 815 4940 ss.

1782 4673 1822 4741 ⁸)
1851 4669 1999 4723 Olim
2025 4671 2225 4724 auctor
2244 4671 2436 4723 noster
2460 4644 2834 4738 theologisO.
2851 4668 2990 4724 Min.

1707 4740 2175 4822 adstipulabatur
2201 4743 2261 4794 et
2285 4757 2504 4794 summo
2532 4742 2742 4794 conatu
2770 4742 2989 4794 senten·

439 4817 486 4937 ⁴}
510 4812 595 4870 cf.
636 4813 977 4882 compendii
1015 4814 1188 4869 theol.
1231 4814 1421 4884 dogm.
1473 4812 1670 4888 nostrii
1709 4812 2249 4893 tiamimpugnabat
2265 4810 2744 4870 Praedicantiumz
2764 4812 2987 4864 mutato

1707 4886 1900 4938 tamen
1926 4886 2220 4954 proposito
2248 4884 2396 4937 hanc
2424 4885 2509 4937 est
2534 4882 2846 4952 amplexus.
