3475 5364
238 410 391 466 233
875 394 1014 449 Silv.
1043 394 1313 448 Giraldus
1340 393 1578 460 Cambr„
1607 394 1929 459 Gervasius‚
1959 394 2312 466 Radulphus.
2771 414 2899 470 234

236 581 322 637 de
375 583 522 653 jure
568 589 620 639 et
680 589 838 640 statu
896 583 1243 639 menevensis
1302 582 1565 639 ecclesiae
1620 599 1663 639 s.
1685 580 1965 640 Thomam
1977 582 2052 639 M.
2065 582 2138 640 ab
2151 582 2345 658 impiis
2358 584 2615 643 occisum
2629 586 2899 660 sepultu-

240 669 552 745 dialogus
583 688 692 729 seu
724 670 1142 729 distinctiones
1173 669 1315 736 V11;
1365 672 1486 728 vita
1516 689 1561 727 s.
1618 688 1716 728 rae
1749 669 1927 728 dedit.
1960 669 2031 727 In
2064 690 2172 729 suo
2206 674 2563 732 monasterio
2598 674 2703 732 diu
2731 673 2901 733 func-

239 759 526 818 Daoidis
571 779 664 835 ep.
712 759 1082 818 menevensis
1134 756 1196 841 (†
1227 777 1272 817 c.
1309 755 1460 839 544)
1495 777 1562 818 ex
1619 761 1719 816 tus
1753 763 1846 817 est
1876 778 2121 819 munere
2152 761 2414 819 custodis
2461 764 2521 819 et
2569 762 2898 832 archivarii‚

240 848 657 907 Ricomarcho
705 868 796 925 ep.
847 849 1205 915 menevensi,
1270 849 1373 923 qui
1436 867 1564 906 eam
1619 848 1758 907 hinc
1790 849 1854 906 in
1885 849 2255 907 documentis
2278 849 2597 909 admodum
2629 856 2901 911 versatus

241 956 300 995 c.
340 959 400 995 a.
454 947 615 1001 1085
654 939 1102 1012 composuerat;
1152 940 1270 995 vita
1302 936 1566 1015 Huyonis
1621 938 1874 996 idoneus
1920 937 2038 997 suit
2081 939 2187 1012 qui
2237 939 2300 997 in
2333 940 2614 1017 gravibus
2646 942 2901 1017 negotiis

245 1028 518 1086 Nonant
551 1045 646 1102 ep.
680 1027 1090 1085 coventrensis
1122 1030 1184 1084 et
1216 1026 1563 1085 lichfelden-

249 1118 391 1185 sis;
425 1119 548 1174 cita
579 1135 627 1178 s.
660 1116 972 1174 Ethelberti
1001 1135 1050 1173 a.
1079 1124 1199 1178 793
1237 1116 1410 1174 occisi
1445 1116 1563 1173 ori-

245 1206 572 1263 entalium
619 1223 906 1262 saxonum
953 1205 1110 1279 regis
1153 1205 1217 1262 in
1266 1205 1418 1263 actis
1470 1204 1563 1263 SS.

249 1296 338 1352 ad
377 1295 432 1351 d.
472 1304 578 1356 20.
613 1294 777 1369 Maj.;
841 1295 911 1351 de
940 1296 1314 1352 instructione
1335 1296 1563 1369 princi-

240 1387 368 1457 pis
397 1386 456 1447 a.
493 1385 576 1457 3;
609 1382 994 1441 Itinerarium
1018 1382 1323 1441 Cambriae
1343 1382 1470 1441 sive
1491 1382 1564 1441 de

254 1474 581 1549 legatione
630 1471 958 1530 Baldewini
1010 1472 1439 1530 cantuariensis
1472 1491 1562 1529 ar·

254 1564 462 1637 chiep.
498 1581 551 1619 a.
582 1572 608 1623 1
631 1572 751 1623 188
774 1561 835 1617 ll.
863 1570 896 1622 2
918 1581 931 1595 ·
918 1562 1368 1634 ‚descriptionis
1391 1560 1563 1619 Cam·

259 1652 436 1709 briae
467 1652 530 1712 ll.
565 1654 654 1719 2,·
699 1652 1047 1727 expuynatio
1079 1650 1394 1708 Hiberniae
1442 1650 1566 1708 sive

259 1740 535 1798 historia
565 1738 902 1797 vaticinalis
936 1736 1373 1819 (1170—70)
1408 1740 1465 1796 u,
1498 1740 1567 1795 de

263 1829 700 1886 infectionibus
736 1830 811 1901 6;
840 1829 1222 1907 topoyraphia
1255 1828 1568 1885 Hiberniae

263 1920 327 1976 Ζῖ.
365 1920 427 1994 3,
466 1918 599 1975 sive
633 1917 705 1976 de
737 1916 967 1979 avibus,
1003 1916 1073 1975 de
1105 1917 1244 1975 aliis
1275 1917 1566 1975 mirabili-

267 2008 387 2065 bus
421 2012 487 2066 et
520 2008 596 2065 de
649 2005 1115 2076 habitatoribus3
1167 2010 1371 2064 contra
1417 2024 1567 2077 quos

267 2097 525 2171 scripsit
537 2096 875 2170 Stephanus
891 2095 938 2152 V
952 2095 971 2151 i
983 2099 1011 2152 t
1021 2115 1063 2153 u
1076 2112 1103 2151 s
1119 2097 1445 2171 apoloyiam
1457 2113 1565 2169 pro

269 2186 575 2244 Hibernia
620 2185 908 2243 adversus
955 2184 1189 2242 Cambri
1239 2183 1566 2242 calumnias

272 2275 403 2333 sive
453 2273 795 2332 fabularum
844 2276 905 2331 et
948 2272 1303 2331 famosorum
1334 2273 1568 2331 libello·

270 2384 410 2422 rum
445 2364 592 2423 Silv.
630 2363 851 2421 Giraldi
893 2362 1286 2420 Cambriensis
1320 2362 1431 2420 sub
1468 2381 1567 2419 vo·

272 2452 512 2511 cabulis
573 2451 1016 2528 Topographiae
1077 2454 1186 2508 etc.
1266 2450 1565 2519 refutatiO,

271 2561 458 2618 qnam
492 2542 756 2616 primum
790 2540 983 2598 edidit
1011 2539 1343 2598 Matthaeus
1373 2539 1566 2615 Kelly,

272 2630 530 2689 Dublini
571 2640 757 2693 1849.
821 2628 1010 2688 Multa
1049 2633 1397 2688 manserunt
1429 2646 1567 2688 msc.

271 2725 346 2779 nt
382 2721 633 2778 Gemma
666 2721 1055 2782 ecclesiastica,
1104 2721 1275 2793 cujus
1322 2719 1483 2794 prior
1513 2739 1567 2794 p.

268 2811 350 2868 de
385 2810 779 2867 sacramentis
813 2807 1002 2883 magis
1035 2808 1375 2866 necessariis
1410 2807 1567 2884 agit3

271 2899 585 2975 posterior
615 2897 689 2956 de
720 2896 977 2956 clericali
999 2898 1308 2955 honestate
1338 2901 1399 2954 et
1431 2916 1567 2955 con·

272 2988 559 3054 tinentia,
596 3005 746 3061 opus
766 2985 1064 3061 prolixum
1084 2985 1384 3062 integrum
1401 2985 1570 3043 theo-

273 3077 470 3154 logiae
485 3075 808 3152 pastoralis
824 3078 888 3132 et
904 3074 1252 3149 disciplinae
1269 3075 1566 3132 ecclesias-

271 3167 431 3224 ticae
465 3183 687 3239 corpus
720 3163 1058 3233 continens;
1102 3164 1568 3228 retractationes,

276 3256 580 3331 spoeulum
625 3253 917 3310 Ecclesiae
960 3253 1095 3310 dist.
1131 3261 1188 3322 4,
1236 3252 1566 3327 symbolum

274 3346 645 3412 electorum;
689 3342 761 3399 de
793 3341 1138 3400 monasticis
1169 3341 1477 3400 ordinibus
1511 3345 1572 3399 et

276 3431 704 3492 ecclesiasticis
765 3429 1175 3505 religionibus,
1238 3431 1302 3488 in
1363 3449 1482 3505 quo
1532 3430 1569 3488 l.

280 3523 439 3580 sicut
471 3527 535 3580 et
567 3520 631 3577 in
665 3520 798 3578 aliis
833 3519 961 3577 suis
983 3520 1224 3594 scriptis
1256 3520 1570 3578 monachos

282 3609 767 3686 indisciplinatos
788 3609 1118 3667 insectatur
1131 3605 1177 3688 ¹)
1202 3613 1309 3667 etc.
1342 3609 1569 3666 Horum

282 3701 398 3758 sere
431 3699 708 3757 omnium
739 3699 1014 3772 excerpta
1042 3699 1299 3773 reperies
1330 3697 1395 3755 in
1415 3697 1569 3755 Mon.

281 3790 345 3848 G.
379 3787 622 3855 XXVII,
663 3795 1030 3848 399—421.
1082 3787 1337 3845 Exhibet
1367 3790 1574 3844 auctor

282 3896 341 3936 se
373 3878 561 3936 nimis
609 3876 941 3944 credulum,
992 3876 1129 3934 hinc
1178 3876 1307 3952 ejus
1355 3876 1575 3950 scripta

282 3968 770 4042 complectuntur
846 3964 1091 4033 fabulas,
1172 3967 1315 4024 sunt
1374 3967 1572 4024 tamen

281 4057 546 4130 pretiosa
594 4057 844 4129 propter
875 4053 1116 4112 notitias
1147 4053 1305 4112 haud
1337 4072 1570 4129 paucas,

281 4163 427 4220 quas
460 4145 697 4202 frustra
726 4141 872 4199 alibi
903 4160 1168 4217 quaeres.

379 4330 523 4384 132.
560 4321 748 4378 Gen
773 4319 993 4378 asius
1056 4319 1212 4378 OSB.
1275 4320 1573 4378 Dorobor-

282 4411 486 4469 nensis
536 4409 666 4468 sive
698 4408 1142 4466 cantuariensis
1190 4426 1248 4467 n.
1296 4413 1367 4467 ut
1411 4408 1576 4468 vide-

283 4505 385 4558 tur
428 4519 475 4557 c.
537 4509 558 4559 1
586 4508 705 4560 140
761 4497 1032 4556 habitum
1083 4498 1432 4575 religiosum
1482 4497 1573 4554 in·

283 4589 418 4647 duit
455 4598 554 4651 16.
576 4587 752 4645 Febr.
789 4596 971 4648 1163.
1005 4587 1267 4662 Propriis
1299 4586 1575 4645 manibus

360 4817 396 4882 ¹)
424 4810 510 4866 Cf.
539 4807 887 4864 Bellesheim
915 4807 1111 4862 Gesch.
1137 4809 1192 4862 d.
1212 4807 1270 4865 k.
1291 4807 1495 4861 Kirche
1517 4806 1574 4860 in

1620 1026 1969 1084 monasterii
1978 1028 2119 1102 jura
2133 1031 2408 1086 tueretur
2422 1024 2486 1107 ¹).
2509 1029 2758 1105 Collegit
2773 1038 2903 1089 acta

1620 1115 1692 1173 ad
1725 1115 2029 1174 ecclesiam
2076 1121 2140 1175 et
2184 1117 2381 1175 sedem
2429 1118 2902 1179 cantuariensem

1621 1205 1952 1280 spectantia
1985 1206 2059 1263 ab
2091 1225 2139 1263 a.
2184 1215 2633 1273 1185—1200‚
2682 1209 2902 1283 quibus

1620 1312 1871 1370 magnae
1902 1294 2187 1370 vigebant
2218 1295 2450 1365 turbae,
2484 1314 2636 1371 quae
2667 1298 2902 1371 prodie-

1621 1387 1768 1440 runt
1815 1383 1973 1441 inter
2018 1385 2287 1458 epistolas
2335 1386 2765 1444 cantuarienses
2813 1386 2901 1445 ed.

1623 1471 1708 1528 W.
1792 1472 2016 1530 Stubbs
2100 1481 2259 1536 1865
2342 1473 2406 1530 in
2482 1473 2901 1533 chronicorum

1622 1561 1901 1618 Richardi
1936 1561 1978 1617 Ι.
2010 1564 2052 1618 t.
2092 1571 2160 1630 23
2213 1561 2534 1637 descripsit
2566 1569 2729 1621 actus
2749 1581 2900 1637 pon-

1624 1651 1844 1723 tificum
1875 1651 2308 1709 cantuariensis
2335 1651 2611 1710 ecclesiae
2627 1670 2733 1710 seu
2748 1653 2902 1711 vitas

1623 1738 2197 1814 archiepiscoporum
2230 1741 2304 1798 ab
2337 1739 2680 1816 Augustino
2712 1760 2903 1816 usque

1623 1828 1692 1885 ad
1714 1828 2052 1885 Hubertum
2071 1826 2132 1907 (†
2160 1840 2178 1890 l
2197 1838 2229 1889 2
2242 1840 2275 1891 0
2288 1825 2349 1907 5)
2371 1852 2383 1898 3
2406 1829 2690 1887 Chronica
2703 1849 2904 1889 rerum

1625 1912 1863 1997 (major)
1898 1917 1969 1974 de
2001 1921 2264 1993 tempore
2308 1937 2515 1995 regum
2549 1918 2795 1995 Angliae
2828 1920 2903 1978 ab

1621 2026 1669 2063 a.
1728 2018 1750 2068 1
1776 2016 2102 2076 107—993
2165 2007 2439 2065 chronica
2486 2004 2729 2087 (minor)
2780 2009 2903 2066 sive

1626 2098 1797 2172 gesta
1829 2113 2035 2170 regum
2070 2095 2413 2153 Britanniae
2454 2106 2903 2173 1107—12073

1626 2186 1695 2242 de
1742 2185 2189 2259 archiepiscopis
2228 2192 2279 2241 et
2328 2187 2610 2259 episcopis
2658 2187 2864 2243 mundi
2876 2207 2905 2256 ,-

1628 2292 1847 2347 mappa
1878 2274 2127 2344 mundi,·
2157 2274 2261 2349 qui
2294 2273 2351 2330 ll.
2385 2274 2738 2348 prodierunt
2770 2292 2903 2332 cum

1623 2362 1659 2420 l.
1692 2364 1762 2419 de
1792 2361 2166 2419 combustione
2200 2360 2425 2443 (1174)
2461 2366 2522 2420 et
2540 2363 2904 2438 reparatione

1623 2454 2032 2509 cantuarensis
2093 2452 2370 2510 ecclesiae
2432 2455 2493 2509 et
2552 2452 2685 2509 aliis
2745 2453 2906 2510 inter

1624 2541 1825 2598 decem
1858 2540 2192 2615 scriptoreS,
2241 2558 2389 2615 quos
2424 2542 2686 2617 Rogerus
2719 2541 2902 2598 Twis·

1626 2630 1816 2688 denus
1849 2627 2106 2688 edendos
2148 2630 2379 2690 curavit
2411 2629 2665 2689 Londini
2710 2638 2904 2700 16523

1626 2719 1691 2776 in
1723 2718 1936 2793 primis
1971 2737 2110 2777 vero
2143 2719 2378 2794 plenius
2427 2722 2487 2778 et
2517 2720 2734 2778 melius
2767 2739 2907 2778 cura

1628 2807 1851 2865 Stubbs
1897 2807 2056 2866 inter
2101 2808 2418 2884 scriptores
2464 2808 2751 2867 historiae
2782 2809 2905 2866 bri·

1625 2898 1900 2955 tannicae
1932 2897 2046 2954 sub
2077 2897 2462 2972 inscriptione
2493 2898 2614 2956 The
2663 2898 2905 2955 histori-

1627 3004 1775 3062 ques
1837 2986 2034 3044 works
2096 2986 2159 3044 of
2204 2986 2458 3045 Gervase
2504 2986 2571 3044 of
2607 2986 2663 3044 C.
2727 2995 2905 3049 1879.

1635 3084 1799 3138 1880
1834 3078 1876 3131 t.
1916 3082 1967 3135 2.
2034 3073 2328 3142 Quaedam
2360 3094 2429 3133 ex
2462 3077 2592 3149 ejus
2626 3075 2906 3150 operibus

1626 3167 1916 3238 excerpta,
1965 3182 2116 3238 quae
2147 3164 2516 3222 Germaniam
2558 3164 2905 3238 respiciunt,

1627 3253 1910 3311 exhibent
1940 3252 2065 3309 MG.
2088 3251 2320 3318 XXVII,
2347 3261 2723 3322 294—3153
2757 3272 2909 3328 quae

1628 3341 1877 3399 Galliam
1895 3341 2171 3416 Bouquet
2190 3338 2460 3422 (Delisle)
2480 3341 2691 3416 Script.
2710 3360 2907 3400 rerum

1627 3430 1765 3507 gall.
1800 3429 1955 3496 xm,
2000 3439 2329 3500 120—-423
2371 3431 2549 3500 XV11,
2588 3440 2906 3493 660-79,

1630 3552 1713 3563 —-
1750 3516 2267 3599 Radulphus2)
2332 3520 2404 3576 de
2454 3519 2724 3577 Diceto
2785 3538 2908 3577 ma-

1707 3747 1744 3814 Ι)
1767 3741 1850 3796 Cf.
1879 3740 2239 3795 Braumssller
2265 3739 2403 3793 KLs.
2431 3740 2498 3802 V.
2524 3744 2646 3797 482.

1701 3817 1744 3876 2)
1776 3813 1936 3867 Alius
1961 3831 1994 3865 a
2022 3812 2169 3864 Rad
2188 3812 2370 3881 ulph
2388 3829 2419 3865 o
2462 3814 2520 3866 O.
2551 3812 2631 3866 Ci.
2672 3812 2908 3882 Cogges-

1627 3883 1852 3938 halensi
1901 3885 2107 3937 abbate
2158 3887 2355 3964 (1207),
2418 3882 2521 3951 qui
2580 3883 2639 3936 in
2704 3886 2909 3938 terram

1629 3958 1883 4009 sanctam
1911 3956 2198 4024 profectus
2226 3954 2456 4024 sempsit
2480 3971 2626 4022 quae
2668 3954 2819 4008 vidit
2855 3958 2914 4009 et

1627 4025 1873 4081 audivit.
1902 4026 1964 4096 Ej
1973 4044 2039 4079 us
2055 4030 2341 4080 chronicon
2367 4029 2562 4080 Terrae
2580 4035 2793 4081 sanctae
2811 4043 2908 4079 seu

1629 4099 1666 4152 l.
1693 4098 1764 4151 de
1791 4097 2213 4167 expugnatione
2254 4100 2435 4150 terrae
2472 4101 2698 4151 sanctae
2724 4097 2911 4152 editus

1629 4172 1716 4224 est
1741 4186 1774 4221 a
1802 4169 2058 4222 Martene
2097 4168 2161 4221 in
2205 4168 2423 4222 collect.
2465 4169 2637 4239 ampl.
2673 4169 2741 4232 V
2778 4173 2911 4229 543;

1629 4245 1914 4295 chronicon
1957 4244 2292 4308 anqlicanum
2346 4257 2396 4293 a.
2437 4244 2792 4296 1066—1223
2836 4240 2911 4294 ib.

1630 4317 1801 4369 801—
1810 4315 1933 4374 871,
1974 4328 2039 4363 ex
2081 4326 2196 4379 quo
2237 4312 2499 4380 excerpta
2537 4310 2812 4381 leguntur
2849 4311 2912 4363 in

1625 4383 1759 4435 MG.
1786 4382 2013 4444 XXVII
2054 4385 2332 4442 2844-58ς
2373 4384 2682 4450 utrumque
2726 4382 2914 4435 edide-

1630 4457 1770 4507 runt
1795 4453 2021 4535 Duncin
2056 4453 2208 4506 inter
2242 4453 2494 4522 ejusdem
2522 4472 2681 4521 opera
2707 4453 2912 4508 Novio

1768 4525 1789 4578 i
1817 4530 1953 4582 1852
1980 4524 2041 4577 iu
2067 4530 2132 4585 4;
2158 4525 2468 4580 Stevenson
2495 4523 2646 4577 inter
2659 4540 2766 4577 rer.
2785 4524 2914 4577 brit.

1632 4541 1808 4649 magii
1849 4595 1976 4650 aevi
2016 4597 2209 4665 script.
2249 4613 2304 4648 n.
2343 4600 2429 4657 66,
2471 4595 2717 4649 Londini
2757 4600 2914 4652 1875.

1637 4666 1846 4721 Prioris
1874 4671 2062 4720 tamen
2091 4683 2183 4736 op.
2239 4667 2527 4720 enuinitas
2542 4683 2657 4719 non
2674 4669 2760 4720 est
2774 4667 2913 4720 adeo

1635 4741 1807 4793 certa.
1834 4739 2175 4808 Resignavit
2198 4686 2543 4806 {ignitatem
2569 4737 2914 4792 abbatialem

1634 4810 1994 4877 decessitque
2022 4814 2177 4866 1228.
2229 4809 2312 4864 Cf.
2341 4809 2601 4863 Potthast
2627 4829 2683 4879 p.
2708 4813 2830 4865 949.
2850 4842 2911 4849 -

285 4883 376 4936 Irl.
405 4886 447 4946 Ι,
471 4886 585 4939 480
612 4899 686 4934 ss.
706 4901 719 4940 ς
769 4879 1007 4934 Schredl
1047 4879 1185 4933 KL2.
1230 4879 1295 4943 V,
1336 4884 1544 4936 604—7'
1565 4901 1576 4941 ς
1637 4881 1805 4934 Alius
1820 4883 1907 4935 est
1921 4880 2260 4951 Radulphus
2277 4880 2321 4932 B
2340 4896 2371 4932 o
2388 4899 2417 4934 c
2432 4879 2555 4933 kin
2574 4899 2612 4949 g
2639 4880 2699 4934 O.
2719 4878 2917 4933 Praed-

286 4952 555 5008 Potthaet
578 4955 689 5009 528
715 4969 760 5005 a.

1638 4952 2021 5017 CicestrensiS,
2071 4953 2236 5021 cujus
2287 4954 2373 5005 est
2420 4959 2524 5005 vita
2569 4969 2609 5005 s.
2657 4953 2919 5004 Richards·
