3475 5364
1400 1595 1599 1680 VII.

410 1758 986 1932 Theologti
1069 1796 1670 1893 annorum
1773 1714 2592 1891 12764-1300.

893 2126 958 2229 I.
1026 2126 1514 2251 Theologia
1577 2128 2119 2251 dogmatica.

299 2376 436 2431 201.
471 2369 528 2426 B.
573 2368 948 2428 Albertus
992 2367 1068 2426 ob
1113 2367 1471 2426 eruditionis
1527 2367 1669 2425 ralis
1700 2367 1917 2426 missus
1949 2370 2042 2426 est
2075 2363 2300 2447 (1245)
2334 2367 2408 2426 ad
2438 2368 2655 2445 gradus
2676 2386 2807 2428 aca-

220 2457 551 2525 vastitatem‚
580 2458 745 2516 vitae
789 2457 1164 2515 sanctitatem
1196 2459 1377 2531 atque
1407 2456 1473 2514 in
1525 2455 1786 2515 demicos
1836 2455 2272 2532 promovendus
2317 2460 2379 2514 et
2421 2456 2496 2529 ad
2546 2457 2808 2516 scholam

221 2545 506 2604 scient-iam
538 2545 935 2623 theologicam
976 2546 1190 2604 merita
1221 2545 1473 2621 Maynus
1527 2545 1822 2604 sodalium
1853 2546 2186 2622 regendam.
2221 2545 2345 2604 Sub
2363 2544 2541 2604 finem
2561 2565 2610 2604 a.
2641 2556 2805 2611 1248

220 2635 415 2694 merito
444 2638 533 2694 est
558 2636 879 2706 salutum,
931 2635 1046 2694 etsi
1076 2634 1226 2694 forte
1257 2652 1472 2714 nomen
1528 2634 1828 2694 Coloniam
1873 2652 2007 2694 cum
2041 2635 2339 2710 Aquinate
2380 2634 2559 2694 rediit
2590 2636 2807 2712 prima-

222 2723 324 2782 fuit
348 2724 593 2784 familiae
639 2726 841 2794 Gmot,
886 2724 1093 2784 doctor
1130 2724 1310 2783 etiam
1341 2726 1472 2782 uni·
1529 2724 1653 2782 rius
1684 2725 1872 2783 lector
1914 2742 1983 2783 ac
2012 2724 2197 2783 studii
2226 2725 2517 2802 generalis
2564 2725 2807 2784 futurus

221 2815 440 2872 malis
466 2814 694 2885 dictus3
727 2814 857 2889 ejus
876 2817 1077 2873 tamen
1107 2812 1236 2872 vita
1267 2813 1473 2871 multis
1527 2832 1753 2891 regens.
1817 2813 2178 2872 Guilelmum
2228 2814 2525 2873 Caesarem
2588 2816 2809 2890 Aquis-

225 2900 417 2961 fabulis
432 2899 496 2982 ¹),
514 2906 670 2962 teste
690 2899 909 2972 (zaetis,
935 2902 1052 2961 fuit
1072 2903 1472 2962 dehonestata.
1528 2921 1780 2978 granum
1843 2906 2083 2961 euntem
2145 2920 2392 2962 coronae
2440 2903 2812 2979 accipiendae

225 2989 391 3050 Natus
438 2992 561 3069 ipse
608 2995 703 3051 est
752 2992 1050 3068 Lauingae
1094 2985 1167 3050 ad
1215 2991 1474 3050 Danubii
1525 2992 1801 3051 Coloniae
1834 2991 2088 3067 hospitio
2108 2992 2340 3067 excepit
2367 2993 2440 3050 ab
2461 3010 2648 3068 eoque
2668 3011 2808 3051 con-

228 3080 390 3155 ripam
446 3081 631 3139 nobili
691 3080 1106 3140 Bollstattensi
1174 3081 1359 3156 stirpe
1423 3100 1471 3138 a.
1527 3083 1746 3140 ventus
1775 3080 2214 3155 ultrajectensis
2257 3081 2666 3140 fundationem
2695 3081 2812 3140 im·

234 3178 390 3232 1193.
422 3169 818 3245 Aptissimum
849 3168 1177 3246 disciplinis
1198 3169 1473 3228 omnibus
1526 3169 1808 3245 peti-avit.
1870 3171 2112 3229 Romam
2156 3190 2190 3228 a
2234 3170 2511 3246 pontifice
2551 3190 2598 3229 a.
2645 3180 2802 3233 1255

231 3274 259 3312 a
282 3261 475 3317 natura
504 3257 755 3318 sortitus
786 3259 1100 3336 ingenium
1127 3258 1281 3317 illud
1303 3275 1471 3317 exco-
1528 3259 1623 3317 vel
1662 3267 1827 3323 1256
1863 3261 2104 3317 vocatus
2136 3261 2245 3328 est,
2281 3259 2387 3334 qui
2407 3259 2701 3319 Guilelmo
2735 3259 2810 3319 de

229 3345 325 3403 luit
378 3347 437 3405 in
496 3348 711 3424 patria,
776 3350 838 3406 et
884 3347 1113 3406 Patavii
1174 3348 1472 3406 avunculo
1529 3349 1744 3407 Sancto
1775 3349 1991 3407 Amore
2013 3347 2434 3425 magist-risque
2461 3348 2809 3423 'parisiensi-

232 3434 421 3511 abique
450 3437 680 3496 comite.
710 3437 804 3495 Ibi
835 3441 1108 3513 receptus
1141 3436 1260 3494 fuit
1285 3455 1320 3495 a
1339 3436 1378 3495 J
1380 3451 1474 3496 or·
1528 3438 1642 3495 bus
1659 3438 1789 3512 ejus
1805 3438 2046 3496 asseclis
2063 3437 2477 3495 Dominieanos
2497 3440 2557 3495 et
2567 3437 2811 3516 Minori-

231 3521 360 3583 ‹lano
403 3520 662 3585 secundo
694 3525 760 3586 O.
794 3526 995 3585 Praed.
1029 3544 1064 3583 a
1094 3520 1148 3583 s.
1172 3523 1475 3584 Dominico
1530 3528 1620 3584 tas
1651 3547 1685 3584 a
1715 3523 2014 3585 consortio
2046 3525 2463 3584 universitatis
2496 3525 2806 3584 excludere

232 3614 482 3689 magistro
530 3619 594 3674 et
642 3615 894 3674 donatus
944 3614 1170 3673 ordinis
1215 3618 1379 3673 veste
1424 3632 1474 3677 a.
1529 3614 1944 3692 satagentibus
1974 3614 2355 3689 responderet
2367 3611 2434 3694 ²),
2469 3614 2811 3688 ibidemque

240 3708 375 3764 1222
396 3704 484 3762 vel
512 3712 696 3766 1223.
726 3703 957 3762 Studiis
975 3702 1266 3762 absolutis
1301 3701 1474 3784 (forte
1526 3708 1771 3780 petente
1829 3703 2106 3780 pontifice
2166 3713 2358 3762 coram
2419 3703 2813 3762 cardinalium

235 3787 382 3848 otiam
399 3788 664 3872 Parisiis)
691 3792 1049 3868 jubentibus
1071 3793 1476 3868 superioribus
1528 3797 1702 3853 coetu
1734 3812 1779 3851 S.
1813 3791 2064 3852 Joannis
2095 3792 2486 3869 Evangelium
2511 3793 2805 3867 exposuit.

235 3876 287 3934 in
311 3882 540 3953 patriam
556 3882 747 3941 redux
764 3882 836 3939 ad
854 3881 1192 3940 scholarum
1211 3881 1476 3958 regimen
1527 3882 2021 3959 impugnavitque
2052 3881 2352 3940 doctrinas
2384 3881 2805 3957 pantheisticas

237 3966 510 4041 applicitus
529 3973 637 4040 est,
669 3988 737 4029 ac
754 3969 1159 4040 Hildeshemii‚
1193 3970 1474 4048 Friburgi
1534 3973 1816 4030 Averroes
1848 3970 2182 4047 philosophi
2201 3969 2365 4030 arabi
2376 3965 2447 4051 2).
2481 3973 2531 4029 A
2552 3970 2811 4029 ‘comitiis

239 4052 513 4134 Brisgojae,
578 4059 956 4128 Batisbonae‚
1004 4060 1365 4136 Argentinae
1415 4063 1475 4118 et
1528 4060 1755 4119 ordinis
1789 4060 2134 4118 Valencenis
2165 4079 2213 4117 a.
2254 4068 2420 4122 1259
2455 4060 2675 4118 habitis
2707 4060 2809 4118 de·

239 4140 467 4207 Coloniae
511 4148 955 4224 philosophiam
1003 4167 1069 4208 ac
1116 4149 1473 4225 theologiam
1529 4149 1805 4226 signatus
1825 4152 1918 4208 est
1936 4149 2191 4224 quicum
2208 4152 2468 4224 quatuor
2481 4149 2613 4207 aliis
2645 4150 2810 4225 leges

240 4227 421 4304 docuit,
437 4251 552 4313 quo
565 4238 631 4297 in
645 4237 974 4314 posteriore
987 4238 1114 4297 loce
1129 4256 1175 4297 s.
1192 4237 1474 4296 'rhomam

243 4321 290 4376 et
312 4321 564 4385 'mmmm
608 4325 1163 4402 &ntimpmmum
1216 4323 1475 4408 (praeter
1608 4376 1644 4454 ¹)
1672 4371 1756 4425 Ex
1783 4372 1906 4440 ejus
1926 4372 2196 4426 adversus
2223 4370 2575 4425 Guilelmum
2616 4372 2811 4442 dispu-

246 4406 360 4469 *ΠΟ*
369 4411 644 4497 ffilssbrefl)
663 4414 988 4491 diSssiPUIOS
1004 4411 1285 4497 h⁸b¹²it0
1302 4411 1472 4497 244)·
1527 4443 1782 4516 tatione!
1796 4459 1969 4511 quam
1991 4462 2031 4497 s.
2053 4442 2299 4496 'l'homas
2318 4442 2554 4512 excepit,
2576 4445 2811 4497 enatum

248 4493 359 4556 oum
385 4500 591 4606 Thomu
608 4504 998 4607 Aq.·Pa1:isios
1017 4504 1474 4606 exordinatione
1527 4517 1613 4568 est
1637 4515 1812 4584 hujus
1852 4515 2190 4600 opusculum
2218 4515 2345 4568 XIX
2389 4514 2458 4568 de
2504 4515 2608 4568 hoc
2648 4532 2810 4584 argu-

252 4598 332 4643 m
355 4589 556 4652 onim
582 4607 650 4652 m
766 4713 769 4714 ⁷
809 4611 860 4651 n
890 4608 996 4653 m
1013 4594 1264 4670 wmh
1294 4607 1472 4670 gone-
1527 4585 2578 4730 misstlgjzufsspsdlgzffissnalgdefzaevindecim
2597 4660 2809 4724 proble-

1526 4731 1757 4783 matibus
1806 4728 2074 4782 adversus
2127 4727 2552 4783 Averroismum
2616 4730 2808 4780 nostra

312 4797 341 4862 ¹)
380 4795 572 4854 Harum
638 4797 867 4865 aliquot
923 4799 1089 4852 affert
1146 4799 1472 4867 refellitque
1526 4802 1712 4853 aetate
1739 4799 1953 4869 reperit
1977 4798 2273 4867 ediditque
2299 4799 2460 4853 Man
2477 4799 2566 4852 do
2584 4816 2621 4851 n
2639 4813 2666 4850 e
2685 4802 2709 4850 t
2747 4798 2809 4850 in

257 4856 443 4922 Michael
464 4888 493 4923 a
516 4890 557 4927 a.
586 4869 806 4938 Joseph
830 4868 1103 4940 Bibliogr.
1128 4870 1253 4924 crit.
1278 4871 1320 4936 Ι,
1349 4875 1471 4928 159.
1524 4871 1687 4941 Sigei·
1712 4871 1782 4925 de
1808 4871 2060 4926 Brabant
2082 4891 2138 4941 p.
2167 4874 2394 4927 15—36.
