3475 5364
586 374 709 428 323
1347 360 1714 412 1:250--1175,
1745 353 2059 424 Theologia
2085 351 2436 406 scholastica.
3116 363 3266 418 324

584 542 808 601 dicavit
837 543 1143 618 proposito
1164 542 1455 600 themate:
1489 542 1666 600 Doleo
1685 557 1865 619 super
1918 540 2056 598 eccl.
2088 557 2133 597 c.
2170 546 2245 599 4:
2312 537 2573 607 ,Omnes
2606 538 2705 595 sui
2737 535 3043 612 temporis
3104 532 3274 590 doc-

584 640 651 701 te,
681 633 873 705 fram·
920 634 1003 689 mi
1032 631 1292 690 Jonatha
1344 626 1430 712 (2.
1464 631 1602 706 Reg.
1644 642 1698 700 1,
1734 626 1864 710 26).
1920 636 2077 687 tores
2108 627 2372 685 utilitate
2404 645 2648 702 operum
2684 625 2855 684 facile
2888 623 3270 700 praecellit,

584 721 807 779 Multae
839 720 1110 779 lacrimae
1125 724 1187 778 et
1202 720 1464 793 gemitus
1484 720 1567 778 ibi
1588 720 1863 777 fuerunt:
1922 718 1973 776 si
2004 717 2281 794 spiritum
2311 716 2500 773 divini
2517 715 2733 773 amoris
2764 722 2830 772 et
2858 714 3274 773 christianae

585 811 736 868 hanc
765 810 819 867 ei
863 809 1114 885 gratiam
1162 813 1526 868 concesserat
1557 808 1863 873 Dominus,
1921 805 2249 865 devotionis
2296 805 2360 863 in
2409 824 2476 864 eo
2528 805 2871 879 loquentem
2924 802 3275 862 attendas,

585 898 745 974 quod
791 898 1134 974 quicunque
1180 917 1316 957 eum
1349 898 1643 968 videbant,
1674 897 1866 972 ipsius
1922 894 2260 955 Profundus
2291 897 2398 963 est,
2431 912 2552 953 non
2583 894 2905 962 verbosus;
2953 892 3272 960 subtilia,

584 1005 781 1046 amore
812 987 1207 1046 incontinenti
1236 986 1620 1062 capiebantur
1650 1006 1720 1044 ex
1743 1005 1864 1045 cor·
1922 1003 2042 1043 non
2058 984 2353 1053 curiosus;
2385 982 2663 1053 disertus,
2678 1001 2803 1041 non
2817 1000 3039 1051 vanua3
3069 981 3273 1039 flam-

585 1077 718 1134 de.‘
783 1078 830 1134 A
866 1094 910 1134 s.
945 1075 1236 1143 Thoma,
1289 1093 1545 1151 quocum
1577 1076 1868 1133 amicitiae
1924 1073 2166 1144 mantia,
2196 1091 2319 1132 non
2350 1072 2618 1130 inflantia
2656 1072 2841 1130 verba
2872 1071 3272 1146 proferens;

585 1165 821 1224 vinculo
871 1168 1000 1224 erat
1041 1165 1305 1241 junctus,
1358 1165 1759 1241 distinguitur
1801 1182 1869 1222 eo
1924 1163 2082 1221 unde
2131 1165 2192 1221 et
2237 1162 2501 1220 securius
2553 1160 2788 1237 legitur,
2843 1160 3103 1219 facilius
3184 1160 3273 1217 ab

586 1253 939 1323 discrimine,
973 1254 1132 1330 quod
1167 1254 1473 1329 aptissime
1521 1254 1871 1330 designatur
1927 1255 2163 1311 amante
2192 1250 2575 1328 intelligitur,
2622 1249 3063 1325 frequentatur
3100 1249 3271 1307 dul-

585 1344 717 1418 ipso
747 1344 946 1411 titulo,
998 1362 1138 1419 quo.
1164 1344 1492 1402 honoratur
1540 1345 1602 1401 et
1646 1343 1721 1401 ab
1769 1342 1870 1401 illo
1925 1342 2050 1399 cius
2112 1343 2173 1398 et
2235 1340 2598 1399 fructuosius
2647 1340 3006 1401 retinetur.‘
3087 1340 3271 1397 Prae

586 1432 961 1491 discernitur.
1026 1432 1257 1490 Dicitur
1304 1432 1459 1491 enim
1522 1432 1622 1489 ille
1668 1431 1871 1491 doctor
1927 1429 2145 1489 ceteris
2196 1447 2335 1487 vero
2382 1447 2519 1486 eum
2550 1427 2721 1487 effert
2753 1430 3074 1500 Gerson,
3141 1428 3265 1502 qui

586 1522 873 1600 anyelicua
921 1524 1164 1597 propter
1213 1521 1633 1596 speculationis
1681 1520 1868 1579 subli-
1925 1519 1989 1577 in
2019 1537 2110 1594 ep.
2142 1518 2214 1577 ad
2248 1518 2547 1593 quendam
2600 1518 2948 1594 religiosum
2981 1518 3050 1576 Ο.
3094 1518 3266 1575 Min.

588 1612 872 1679 mitatem,
907 1610 1286 1686 expositionis
1300 1610 1687 1674 luciditatem,
1710 1609 1870 1669 vitae
1926 1628 1961 1665 a
2001 1616 2163 1671 1426
2187 1607 2422 1666 scribit:
2459 1606 2836 1676 ,Inflammat
2858 1606 3165 1665 affectum
3195 1610 3265 1662 et

589 1698 966 1758 etdoctrinae
983 1699 1307 1774 puritatem
1327 1717 1433 1757 seu
1446 1699 1869 1775 virginitatem,
1928 1696 2127 1755 erudit
2154 1696 2542 1766 intellectum,
2590 1695 2820 1754 reducit
2872 1699 2938 1754 et
2981 1697 3139 1754 unit
3175 1694 3261 1753 ad

588 1787 930 1847 intellectus
950 1787 1451 1862 praedominium:
1487 1787 1542 1845 S.
1563 1789 1869 1846 Bonaven·
1930 1786 2119 1844 Deum
2150 1804 2256 1860 per
2286 1804 2542 1843 amorem
2575 1786 3033 1844 excitationum:
3085 1785 3261 1842 dum

589 1880 728 1935 tura
757 1894 896 1935 vero
941 1876 1241 1935 salutatur
1284 1876 1492 1935 doctor
1533 1877 1874 1951 seraphicus
1927 1875 2028 1933 alii
2058 1875 2236 1933 multi
2267 1874 2594 1933 divaricant
2637 1878 2700 1932 et
2742 1874 3111 1951 dispergunt
3149 1874 3256 1931 in-

592 1961 787 2047 (prius
812 1965 1018 2024 doctor
1039 1966 1391 2035 ,devotus,‘
1425 1984 1460 2023 a
1492 1965 1871 2024 Gersonio
1928 1964 2233 2022 tellectum
2265 1982 2372 2038 per
2421 1964 2829 2039 praecisiones,
2879 1964 3257 2037 prioritates

598 2051 1083 2136 ,cherubicus‘),
1147 2054 1289 2130 quia
1350 2054 1493 2112 dum
1554 2054 1873 2113 catholicae
1928 2057 1989 2111 et
2032 2052 2502 2129 posterioritates
2551 2056 2611 2111 et
2659 2052 2830 2128 signa
2882 2056 2944 2110 et
2990 2053 3251 2111 contin·

589 2143 727 2201 fidei
757 2143 1070 2203 veritatem
1089 2143 1355 2202 illustrat
1369 2162 1715 2218 erroresque
1734 2161 1871 2218 pro·
1928 2142 2148 2218 gentia,
2183 2159 2314 2199 cum
2348 2144 2549 2199 tamen
2595 2150 2784 2199 unum
2830 2142 2913 2200 sit
2952 2159 3252 2201 necessa-

591 2233 760 2310 fligat
810 2226 981 2308 ,piae
1031 2232 1297 2291 fidelium
1329 2237 1577 2303 mentes,
1611 2236 1682 2291 ut
1713 2231 1872 2290 Six-
1927 2231 2146 2289 rium.‘

591 2326 719 2380 tus
751 2321 815 2378 V.
837 2321 1145 2381 constitut.
1164 2322 1346 2380 citata
1363 2320 1637 2387 declarat,
1670 2320 1746 2379 ad
1767 2320 1873 2379 Dei

591 2428 848 2470 amorem
870 2414 931 2469 et
950 2410 1223 2470 coelestis
1254 2411 1481 2486 patriae
1511 2409 1870 2469 desiderium
2029 2418 2167 2472 175.
2200 2408 2416 2467 Mirum
2461 2408 2686 2483 pariter
2730 2412 2822 2466 est
2870 2408 3034 2468 sicut
3078 2409 3150 2467 in
3190 2426 3242 2465 s.

588 2498 1017 2557 admirabiliter
1048 2499 1510 2557 inflammantur.
1544 2498 1682 2557 Fuit
1712 2498 1871 2557 enim
1928 2497 2163 2565 Thoma,
2196 2498 2495 2557 doctorem
2528 2497 2919 2572 seraphicum.
2971 2499 3077 2574 qui
3129 2517 3235 2557 oc·

589 2587 652 2646 in
701 2607 742 2646 s.
795 2587 1211 2647 Bonaventura
1260 2587 1320 2646 id
1371 2587 1758 2664 praecipuum
1812 2590 1874 2644 et
1928 2587 2373 2662 cupatissimam
2404 2586 2569 2663 degit
2586 2586 2852 2645 vitamin
2873 2586 3145 2663 regendo
3168 2592 3235 2644 et

589 2676 908 2754 singulare,
942 2679 1016 2735 ut
1045 2696 1165 2736 non
1196 2675 1874 2755 solumargumentandi
1927 2675 2222 2735 visitando
2244 2694 2351 2734 suo
2372 2676 2595 2746 ordine,
2616 2676 2808 2737 otium
2828 2679 3071 2736 nactum
3089 2695 3233 2736 esse

590 2765 945 2836 subtilitate,
965 2765 1214 2824 docendi
1231 2765 1530 2830 facilitate,
1551 2765 1869 2825 definiendi
1929 2765 2349 2825 conscribendo
2382 2768 2475 2824 tot
2504 2771 2744 2841 tamque
2765 2766 2918 2824 mira
2948 2785 3133 2843 opera
3166 2771 3233 2824 et

589 2855 832 2914 solertia
865 2858 1208 2930 praestaret,
1251 2855 1353 2914 sed
1385 2855 1588 2914 divina
1617 2855 1868 2931 quadam
1928 2855 2225 2930 opuscula.
2288 2854 2373 2912 Ea
2420 2853 2772 2930 prodierunt
2820 2873 2996 2932 saepe
3058 2875 3229 2915 seor·

587 2944 817 3003 animos
880 2943 1261 3018 permovendi
1309 2944 1370 3003 vi
1419 2945 1730 3003 exelleret:
1788 2943 1873 3002 sic
1927 2944 2034 3002 sim
2069 2948 2129 3001 et
2160 2944 2389 3002 iteratis
2422 2943 2649 3004 vicibus
2682 2944 2979 3003 collectim
2997 2943 3061 3022 1),
3094 2944 3226 3004 scil.

587 3033 747 3092 enim
809 3031 1121 3091 scribendo
1215 3051 1350 3092 cum
1425 3051 1658 3091 summa
1736 3052 1871 3112 eru·
1928 3033 2187 3110 primum
2231 3033 2613 3108 Argentorati
2672 3043 2831 3096 1495
2884 3039 2929 3091 t.
2966 3042 3003 3095 4
3052 3035 3117 3092 in
3148 3034 3225 3099 f.3

589 3121 816 3179 ditione
846 3139 1047 3196 parem
1074 3121 1315 3197 pietatis
1334 3122 1601 3180 ardorem
1621 3123 1871 3198 conjun·
1927 3122 2064 3180 dein
2125 3120 2239 3180 sub
2317 3121 2595 3197 auspiciis
2659 3122 2806 3181 Sixti
2870 3122 2941 3185 V.
3003 3124 3225 3184 Romae

588 3211 697 3287 git,
732 3212 804 3269 ut
833 3211 1115 3269 lectorem
1135 3210 1397 3272 docendo
1420 3215 1654 3270 moveat
1686 3215 1750 3269 et
1779 3211 1887 3272 in-.
1942 3219 2277 3274 1588—99
2313 3213 2357 3273 t.
2400 3219 2431 3273 7
2466 3211 2530 3269 in
2560 3210 2618 3278 f.,
2652 3211 2873 3286 quibus
2907 3213 3223 3271 continen-

589 3301 768 3359 timos
801 3299 984 3357 animi
1015 3316 1285 3358 recessus
1319 3300 1604 3359 illabatur
1622 3319 1686 3358 ac
1703 3300 1871 3359 deni·
1928 3304 2031 3358 tur
2062 3299 2287 3374 scripta
2320 3308 2435 3370 94;
2487 3299 2576 3363 ed.
2628 3300 2961 3375 splendida,
3013 3321 3225 3360 recusa

588 3407 705 3464 que
749 3388 1070 3464 seraphicis
1114 3389 1468 3463 quibusdam
1518 3389 1742 3448 aculeis
1774 3389 1873 3447 co'r
1929 3388 2482 3466 Moguntiae1609;
2511 3389 2787 3466 Lugduni
2815 3399 3009 3460 16683
3046 3391 3224 3451 aliter

588 3481 950 3555 compungat
995 3481 1057 3535 et
1099 3478 1249 3536 mira
1292 3477 1626 3537 devotionis
1667 3478 1870 3537 dulce·
1928 3477 2213 3554 disposita
2255 3476 2513 3536 venetiis
2556 3488 2709 3542 1751
2754 3483 2796 3537 t.
2831 3478 2994 3549 XIII,
3028 3480 3119 3539 ed.
3153 3483 3220 3538 ut

589 3566 726 3626 dine
758 3566 1099 3642 perfundat,
1135 3586 1314 3643 quam
1347 3585 1488 3626 sane
1518 3567 1773 3645 gratiam
1807 3567 1873 3625 in
1926 3567 2147 3625 dicitur
2180 3586 2215 3624 a
2245 3567 2283 3624 J
2287 3566 2430 3624 eiler
2460 3566 2783 3643 depravata
2811 3567 3073 3628 diatriba
3104 3570 3221 3628 his·

586 3657 716 3731 ejus
747 3675 848 3715 ore
893 3657 957 3714 et
997 3658 1222 3715 calamo
1272 3656 1545 3715 diffusam
1575 3656 1872 3715 admirans
1927 3656 2148 3715 torico·
2171 3656 2845 3733 chronologico-critica
2890 3653 3221 3739 (hypercri-

585 3746 995 3821 praedecsssor
1024 3749 1225 3804 noster
1258 3744 1461 3804 Sixtus
1494 3745 1589 3803 IV.
1623 3746 1684 3803 P.
1717 3744 1870 3803 illud
1927 3740 2102 3825 tica):
2138 3749 2344 3804 contra
2375 3763 2554 3820 quam
2586 3746 2823 3822 scripsit
2841 3746 3220 3807 doctissimus

587 3833 779 3892 dicere
809 3847 928 3892 non
963 3833 1280 3894 dubitavit.
1316 3834 1606 3909 Spiritum
1640 3852 1685 3892 s.
1717 3834 1784 3892 in
1803 3853 1871 3893 eo
1928 3834 2156 3893 Bonelli
2189 3835 2493 3911 egregium
2516 3834 2904 3894 Prodromum
2927 3837 3003 3895 ad
3025 3838 3220 3897 omnia

587 3922 854 3981 locutum
885 3922 1073 3980 videri
1091 3919 1198 4004 ¹)ss
1248 3923 1612 3981 'I'rithemius
1645 3924 1717 3981 de
1752 3923 1871 3981 Scr.
1927 3941 2105 3998 opera
2150 3940 2194 3980 a.
2227 3924 2700 3993 Bonaventurae,
2753 3925 3003 3984 Bassani
3056 3936 3216 3989 1767

668 4132 702 4200 ¹)
730 4127 900 4182 Plura
927 4127 999 4181 de
1024 4128 1148 4197 ipso
1177 4129 1248 4183 cf.
1273 4128 1333 4182 in
1358 4128 1673 4198 Waddingi
1699 4146 1872 4183 anna·
1928 4130 2157 4184 demum
2184 4127 2431 4200 archiep.
2460 4131 2802 4202 moguntino
2822 4134 2869 4200 (†
2900 4135 3080 4202 1288),
3107 4132 3220 4200 epi·

588 4199 740 4254 libus
765 4202 839 4254 ab
863 4215 913 4254 a.
945 4205 1206 4258 12:21-742
1235 4200 1296 4253 in
1322 4201 1463 4254 actis
1490 4202 1583 4255 SS.
1602 4207 1686 4258 14.
1706 4200 1871 4260 Julii:
1928 4205 2124 4255 tomen
2167 4200 2539 4255 concinnavit
2577 4219 2671 4271 op.
2712 4219 2753 4256 s.
2781 4202 3219 4256 Bonaventurae

587 4271 765 4326 Jeiler
791 4270 930 4323 mn.
959 4270 1026 4336 ll,
1056 4276 1391 4328 lom-1027:
1419 4272 1692 4328 Katholik
1713 4277 1871 4330 1874.
1926 4271 1990 4326 in
2054 4273 2115 4326 ll.
2176 4272 2611 4326 sententiarum.
2678 4304 2743 4314 —-
2795 4272 3127 4327 Richard
3145 4291 3220 4326 us

590 4341 656 4407 11.
682 4347 889 4423 8—-2233
916 4342 1183 4422 Sbaralea
1210 4342 1269 4395 in
1291 4343 1584 4415 Supplem.
1613 4364 1666 4414 p.
1698 4349 1872 4400 141—
1931 4343 1977 4396 R
1994 4361 2026 4398 o
2044 4362 2131 4397 ux
2173 4352 2363 4411 (quem
2393 4343 2497 4398 alii
2532 4343 2747 4398 Rufum
2772 4345 3094 4415 appellant,
3120 4344 3217 4399 alii

587 4419 671 4477 72,
701 4431 802 4482 qui
829 4416 1092 4467 accurate
1120 4418 1373 4468 recenset
1415 4414 1588 4469 etiam
1616 4431 1727 4480 eos,
1771 4415 1872 4483 qui
1929 4432 1962 4467 a
1992 4414 2148 4468 Rich.
2177 4415 2327 4469 Rufo
2342 4414 2736 4488 distinguunt)
2754 4414 2817 4472 O.
2839 4414 2978 4472 Min.
2999 4416 3218 4487 Anglus

587 4485 1260 4611 affatifflssffi
1274 4485 1872 4612 ἱξᾞῖἷῖἳῖἓὲᾝὲῗ·
1929 4485 2011 4611 {¹³5
2031 4490 2520 4614 ⁰{.¹}⁷1?>.²};⁰⁶⁰;
2563 4491 2650 4612 ‘³⁸ss
2692 4490 2920 4613 (⁰²⁸⁰‘8f
2948 4487 3217 4613 &miili

587 4643 712 4709 mae
740 4630 781 4682 t.
811 4630 850 4680 1.
871 4648 926 4710 ρ.
948 4575 1122 4682 [ΞΝ
1149 4575 1219 4681 ἕξ.
1241 4577 1399 4710 'iiqn
1416 4601 1529 4683 ιη’
1541 4648 1620 4683 us
1647 4575 1874 4683 cimai:
1929 4576 2054 4685 3¹9⁶}
2081 4597 2255 4690 Alios]
2299 4575 2620 4701 ᾲυῑοῖρζῖἓ
2652 4574 3215 4702 ἓζῖῗὸιίίωῖἶξιιῑοὲ

584 4699 947 4767 aliquamdiu
966 4702 1140 4754 lector
1151 4699 1420 4755 Tunciin
1435 4701 1711 4765 Helvetia,
1727 4702 1873 4754 forte
1928 4699 2293 4764 illustrarint,
2337 4701 2489 4755 infra
2531 4718 2631 4771 pro
2674 4702 3113 4772 opportunitate
3137 4719 3213 4755 re·

585 4771 736 4826 idem
780 4789 910 4826 cum
949 4770 1193 4825 Henrico
1240 4773 1286 4826 G
1305 4778 1337 4826 ὂ
1356 4790 1385 4826 c
1401 4774 1435 4824 k
1454 4789 1482 4825 e
1502 4773 1593 4826 lm
1608 4790 1643 4826 a
1660 4791 1696 4825 n
1714 4791 1752 4824 n
1803 4773 1873 4826 de
1930 4772 2301 4831 censebimus,

586 4844 733 4910 lsny,
750 4843 1094 4898 confessario
1120 4845 1179 4897 et
1192 4843 1516 4898 consiliario
1531 4843 1818 4913 Rudolphi
1833 4845 1873 4896 Ι.
2004 4848 2045 4913 ¹)
2073 4843 2155 4897 cf.
2184 4843 2255 4896 de
2281 4842 2371 4896 his
2398 4843 2537 4898 edit.
2564 4845 2743 4914 praef.
2791 4861 2983 4915 gener.
3009 4844 3097 4899 ed.
3124 4860 3210 4897 no·

583 4913 741 4984 imp„
787 4916 1054 4985 episcopo
1101 4915 1407 4970 basileensi
1452 4920 1777 4986 (1275-861
1818 4918 1875 4969 et
1931 4931 2033 4968 vae
2061 4931 2194 4985 pag.
2223 4915 2297 4968 IV
2326 4932 2397 4968 ss.
