3475 5364
621 372 738 425 371

617 546 750 599 tum
781 541 1018 607 scimus,
1054 558 1191 599 eum
1223 541 1522 605 Bononiae
1543 540 1818 599 didicisse
1838 542 1898 598 et

616 629 889 688 docuisse
905 630 1002 706 jus
1017 629 1363 689 canonicum
1392 641 1412 690 1
1432 638 1626 692 247-5
1639 639 1693 699 3,
1716 633 1897 705 atque

616 718 803 777 fuisse
836 719 1186 778 canonicum
1225 718 1570 782 lusitanum.
1633 719 1899 777 Plurima
1933 795 1941 800 1

615 807 864 883 reliquit
895 826 1072 882 opera
1102 826 1222 866 non
1250 811 1450 866 tantae
1479 808 1895 883 praestantiae,

618 896 719 955 sed
782 916 932 973 quae
981 896 1237 955 multum
1286 901 1455 955 erant
1502 897 1568 955 in
1616 915 1762 955 usu:
1827 901 1899 955 ut

616 988 995 1061 Apparatum
1028 988 1402 1056 decretorum,
1455 987 1669 1044 librum
1691 988 1896 1062 pasto·
1937 990 1942 1007 *

616 1076 819 1149 ratem,
852 1076 915 1133 in
945 1091 1064 1150 quo
1096 1074 1340 1152 exponit
1389 1094 1539 1149 quae
1585 1075 1896 1151 requiran-

616 1165 719 1222 tur
750 1164 825 1222 ad
857 1164 1183 1224 obtinenda
1213 1163 1496 1223 beneficia
1526 1167 1587 1223 et
1619 1182 1889 1233 munera3

615 1253 649 1309 l.
674 1249 1048 1334 (practicam)
1059 1254 1127 1311 de
1144 1253 1668 1327 dispensationibus
1678 1275 1703 1327 ,·
1723 1254 1894 1312 Sum·

616 1360 774 1401 mam
806 1360 989 1417 super
1020 1343 1197 1401 certis
1230 1342 1461 1401 casibus
1482 1342 1893 1409 decretalium;

615 1432 649 1491 l.
671 1431 961 1507 judicum,
1010 1431 1072 1489 in
1118 1449 1236 1506 quo
1282 1432 1410 1507 agit
1454 1431 1526 1490 de
1567 1432 1740 1490 modo
1774 1425 1895 1489 ser-

615 1521 806 1579 vando
883 1521 943 1578 in
1019 1521 1262 1596 agendis
1352 1520 1895 1596 persequendisque

616 1610 839 1679 causis;
902 1610 1177 1667 notabilia
1226 1627 1360 1668 cum
1408 1610 1665 1669 Summis
1716 1628 1898 1685 super

615 1698 816 1757 titulis
867 1697 1249 1757 decretalium
1300 1702 1362 1756 et
1410 1698 1801 1768 decretorum,
1855 1699 1892 1756 l.

617 1788 1070 1853 distinctionum,
1133 1795 1510 1845 commentum
1558 1805 1741 1862 super
1790 1806 1893 1846 no·

616 1876 789 1934 vellis
869 1876 1265 1935 decretalibus
1328 1874 1686 1955 (Innocentii
1748 1872 1892 1956 IV.),

615 1966 649 2023 l.
711 1968 1103 2041 quaestionum
1155 1965 1230 2024 ad
1279 1965 1624 2024 exercitium
1671 1967 1892 2043 magis-

616 2059 847 2113 trorum
898 2058 1026 2123 etc,
1092 2074 1242 2128 quae
1303 2054 1498 2113 omnia
1547 2060 1896 2113 manserunt

616 2143 855 2202 inedita.
933 2142 1228 2202 Prodiisse
1304 2143 1581 2202 videntur
1655 2146 1892 2201 tantum

620 2233 1023 2292 Cavillationes
1066 2232 1138 2291 de
1183 2233 1413 2291 cautela
1458 2232 1892 2301 advocatorum,

618 2321 880 2380 Venetiis
954 2332 1149 2389 15663
1223 2321 1465 2380 Taurini
1534 2330 1694 2385 1578
1760 2340 1894 2380 cum

615 2411 988 2472 Durantis
1022 2410 1279 2484 speculo.
1313 2410 1375 2468 L.
1409 2410 1896 2486 poenitentiarius

614 2501 682 2557 de
712 2501 934 2558 cautela
963 2500 1319 2573 simplicium
1364 2501 1729 2557 sacerdotum
1760 2500 1820 2557 11.
1859 2511 1890 2562 ’7

615 2588 741 2665 agit
772 2589 945 2646 modo
995 2588 1252 2664 practico
1303 2590 1375 2645 de
1425 2588 1785 2646 consessione
1836 2590 1897 2646 et

614 2677 979 2753 poenitentia
1024 2677 1351 2736 secundum
1384 2696 1671 2736 summam
1715 2677 1894 2754 Ray-

615 2766 896 2836 mundi,
962 2768 1133 2842 cujus
1195 2772 1468 2842 excerpta
1531 2768 1710 2825 habes
1760 2771 1897 2842 post

614 2856 1042 2924 poenitentiale
1063 2856 1108 2913 T
1125 2856 1162 2913 h
1180 2874 1210 2913 e
1224 2874 1258 2914 o
1273 2855 1311 2912 d
1328 2874 1361 2914 o
1373 2856 1435 2913 ri
1468 2856 1719 2932 archiep.
1743 2859 1893 2915 cant.

614 2944 700 3004 ed.
736 2946 896 3003 Petit
919 2945 1159 3003 Parisiis
1191 2954 1384 3014 1677;
1418 2946 1670 3022 Migne
1702 2945 1893 3014 XCIX,

623 3042 910 3096 1085—1
935 3045 1073 3096 105.
1122 3034 1501 3118 Bfeviarium
1533 3037 1895 3093 decretorum

614 3141 717 3181 seu
778 3123 1019 3198 qnidam
1083 3122 1290 3182 horum
1364 3123 1538 3181 index
1600 3123 1898 3198 reperitur

613 3211 833 3286 passim
867 3211 1062 3269 editus
1095 3230 1228 3270 cum
1263 3208 1590 3291 Decreto1).

712 3383 849 3438 198.
897 3373 985 3431 De
1035 3376 1224 3448 officio
1271 3376 1517 3450 episcopi
1562 3376 1737 3451 deque
1782 3376 1894 3433 Ec-

613 3458 824 3521 clesiae
885 3465 1261 3522 caeremoniis
1324 3461 1621 3543 (Coloniae
1693 3474 1850 3526 1571
1882 3485 1894 3533 ;

621 3563 819 3622 16183
873 3553 935 3611 in
981 3552 1125 3611 bibl.
1159 3554 1267 3610 PP.
1301 3552 1627 3611 coloniensi
1659 3556 1699 3610 t.
1735 3552 1892 3620 XIII,

616 3652 738 3706 395
775 3661 882 3710 se.;
918 3642 1277 3719 lugdunensi
1293 3646 1334 3699 t.
1354 3642 1525 3704 XXV,
1552 3636 1891 3723 401—420),

612 3733 752 3791 stilo
766 3735 857 3790 sat
877 3731 1146 3807 neglecto
1169 3731 1454 3789 disseruit
1486 3732 1533 3788 G
1550 3731 1567 3788 i
1585 3732 1606 3790 l
1625 3733 1660 3789 b
1675 3750 1706 3790 e
1722 3734 1792 3788 rt
1808 3749 1850 3789 u
1867 3749 1893 3789 s

615 3819 981 3900 (Guibertusn
1037 3815 1369 3888 Gisbertus)
1434 3820 1505 3877 de
1556 3821 1647 3879 To
1666 3837 1895 3879 rnaco

614 3909 676 3967 O.
711 3910 849 3967 Min.
884 3909 976 3966 vir
1005 3927 1219 3984 genere
1251 3909 1487 3972 nobilis,
1534 3911 1634 3968 sed
1670 3910 1895 3968 virtute

613 4017 679 4056 ac
696 3998 961 4055 moribus
977 3997 1243 4064 nobilior,
1273 3996 1587 4074 theologus
1605 3998 1893 4074 parisien-

615 4087 695 4145 sis
733 4084 793 4167 (†
837 4082 1044 4164 1270).
1109 4087 1354 4160 Scripsit
1386 4089 1689 4162 praeterea
1718 4091 1893 4146 vitam

613 4195 658 4233 s.
711 4176 1029 4234 Eleutherii
1077 4176 1445 4234 tornacensis
1500 4178 1559 4256 (†
1616 4173 1769 4256 531)
1833 4177 1895 4234 in

614 4351 670 4397 et
712 4361 745 4396 a.
790 4345 1009 4399 ,Ioanne
1051 4345 1381 4400 Garoias.
1430 4345 1527 4413 qui
1575 4346 1747 4399 ctiam
1777 4344 1896 4398 His-

615 4433 797 4485 panus
839 4417 1271 4487 cognominatus
1313 4417 1425 4470 fuit
1464 4421 1520 4470 et
1555 4416 1767 4486 pariter
1797 4416 1896 4468 Bo·

616 4487 821 4540 noniae
847 4489 1026 4542 altero
1047 4504 1150 4542 see.
1177 4489 1318 4542 xm.
1348 4489 1588 4541 dimidio
1610 4489 1705 4556 jus
1734 4504 1895 4541 cano·

613 4560 804 4683 {ilicum
833 4559 1041 4623 docuit,
1069 4560 1138 4613 de
1166 4577 1279 4627 quo
1308 4576 1542 4630 agemus
1566 4560 1732 4614 infra.
1758 4558 1894 4613 Klss.

668 4633 709 4694 1,
742 4636 898 4686 1671.

695 4706 728 4772 ·)
757 4702 839 4756 Cf.
882 4703 1183 4756 elenchum
1227 4707 1284 4755 et
1322 4702 1758 4770 descriptionem
1802 4703 1896 4755 ho·

612 4791 737 4826 rum
780 4790 1015 4843 operum
1056 4773 1212 4842 apud
1254 4774 1484 4826 Schulte
1528 4774 1588 4834 11,
1616 4779 1893 4830 95—107:

614 4845 737 4899 Nic.
769 4847 1081 4898 Ant-onium
1115 4845 1248 4899 bibl.
1278 4848 1387 4899 vet.
1413 4844 1559 4913 hisp.
1588 4844 1650 4899 11.
1679 4847 1712 4899 l.
1741 4849 1774 4901 8
1796 4862 1841 4899 e.
1863 4849 1896 4900 3

613 4935 666 4969 n.
695 4923 763 4970 93
792 4936 859 4970 ss.

919 359 1289 411 1:251—1275.
1317 354 1513 408 Theol.
1542 354 1814 424 practica.
1844 352 2148 419 (filbertus,
2180 355 2367 422 Byart,
2396 354 2698 420 Geminius,
2728 354 2924 419 Barth,

3153 366 3293 422 372

1952 540 2118 600 Actis
2151 539 2247 599 SS.
2286 550 2384 605 20.
2418 540 2582 599 Febr.
2629 541 2736 611 111,
2779 550 2939 610 1963
2991 542 3085 598 de
3126 555 3298 614 pace

1952 630 2245 707 anitniqw
2302 631 2743 707 tranquillitate,
2810 630 2876 688 in
2926 628 3102 689 bibl.
3167 628 3293 686 PP.

1951 718 2272 778 coloniensi
2287 722 2329 777 t.
2352 719 2472 789 XV,
2500 728 2623 783 703
2642 737 2750 790 ss.;
2784 722 2849 779 et
2867 717 3296 797 lugdunensi

1950 811 1993 865 t.
2006 806 2179 877 XXV,
2198 818 2232 871 3
2245 818 2274 869 7
2287 817 2321 870 8
2336 826 2430 877 ss.,
2443 808 2852 884 plurimosque
2861 825 3200 868 sermones
3216 808 3294 885 ¹),

1954 896 2198 956 Parisiis
2254 907 2451 966 15133
2517 906 2681 961 1518
2730 902 2841 956 etc.
2889 931 2980 941 —
3031 897 3295 955 Nico-

1951 987 2122 1044 laus
2184 984 2258 1045 de
2319 987 2418 1061 By
2435 990 2554 1045 art
2617 984 2933 1067 (Bajardus
2983 988 3154 1063 ete.)
3219 984 3294 1042 O.

1950 1074 2154 1133 Praed.
2207 1070 2494 1156 Gallus-⁴³),
2546 1075 2923 1135 concionator
2988 1075 3286 1139 celeber,

1952 1167 2185 1238 praeter
2233 1164 2440 1240 plures
2502 1181 2804 1223 sermones
2853 1164 3286 1223 concinnavit

1951 1253 2255 1311 Summam
2299 1254 2370 1311 de
2411 1253 2780 1329 abstinentia,
2824 1272 2978 1329 quae
3014 1252 3286 1330 prodiit

1951 1342 2062 1400 sub
2092 1342 2274 1402 titulo
2306 1343 2704 1401 Directorium
2733 1359 3108 1418 pauperum,
3152 1344 3284 1401 Ar-

1949 1431 2225 1507 gentinae
2264 1440 2463 1500 15183
2497 1431 2740 1490 Parisiis
2785 1441 2949 1497 1530
2989 1432 3056 1489 in
3086 1440 3155 1495 8.
3181 1463 3286 1473 --

1952 1520 2255 1595 Speculum
2317 1521 2728 1579 monachorum
2776 1520 3024 1580 exhibet
3071 1521 3133 1578 B
3155 1538 3194 1578 e
3213 1539 3278 1576 r·

1950 1608 2240 1667 nardus
2302 1609 2667 1668 cassinensis
2719 1609 2897 1678 OSB.,
2962 1608 3280 1685 Friburgi

1960 1707 2142 1760 1901.
2197 1733 2282 1740 ——
2344 1698 2732 1757 Gerardus
2793 1697 3272 1757 leodiensis

1951 1786 2014 1845 Ο.
2048 1786 2250 1845 Praed.
2284 1787 2616 1865 theologiae
2661 1788 2847 1845 lector
2892 1806 3050 1863 opus
3084 1805 3268 1847 com-

1951 1875 2150 1951 posuit
2179 1877 2249 1934 de
2278 1877 2546 1936 doctrina
2576 1877 2769 1935 cordis
2801 1876 2865 1934 in
2897 1876 2958 1933 11.
3001 1885 3034 1939 7
3084 1876 3259 1935 divi-

1951 1983 2085 2023 sum
2116 1964 2246 2023 scit.
2280 1965 2352 2025 de
2403 1966 2847 2042 praeparatione
2897 1966 3115 2035 cordis,
3183 1964 3265 2022 de

1950 2054 2219 2113 custodia
2263 2054 2473 2123 σοι-(113,
2521 2055 2593 2113 de
2639 2055 2960 2130 apertione,
3009 2054 3262 2113 stabili-

1949 2145 2091 2211 tate,
2140 2144 2411 2211 statione,
2465 2144 2792 2202 elevatione
2841 2147 2903 2201 et
2953 2144 3258 2203 scissione

1949 2231 2160 2302 cordis,
2197 2232 2438 2291 Parisiis
2479 2243 2677 2303 15063
2720 2243 2920 2303 16053
2985 2232 3248 2309 Neapoli

1958 2331 2124 2383 1604
2170 2321 2530 2397 inscriptum
2577 2322 2882 2397 Speculum
2933 2325 3248 2382 conciona-

1950 2418 2158 2477 torum,
2192 2410 2325 2469 stilo
2356 2410 2646 2486 scriptum
2665 2410 2940 2487 simplici,
2975 2411 3082 2469 sed
3112 2412 3249 2470 ani·

1951 2519 2080 2558 mae
2129 2500 2201 2557 ad
2253 2499 2445 2558 cordis
2495 2499 2853 2558 munditiam
2916 2518 3251 2575 veramque

1953 2587 2229 2664 pietatem
2261 2588 2566 2646 anhelanti
2615 2589 2857 2648 omnino
2905 2593 3148 2665 gratum
3180 2593 3248 2646 et

1953 2677 2107 2736 utile
2139 2676 2474 2754 meritoque
2506 2678 3061 2742 commendandum.

2049 2831 2187 2883 199.
2224 2820 2528 2895 Optimum
2563 2839 2702 2880 vero
2725 2823 3037 2897 speculum
3071 2841 3240 2898 prae·

1951 2909 2314 2969 dicatoribus
2347 2911 2411 2968 in
2458 2929 2518 2968 se
2565 2910 2835 2969 exhibuit
2881 2911 3238 2970 Berthol·

1951 2999 2090 3057 dus
2141 3018 2175 3056 a
2223 2999 2651 3058 Ratisbona
2701 2995 3236 3076 cognominatns³)‚

1953 3087 2095 3163 quia
2125 3087 2263 3146 inde
2295 3093 2366 3146 ut
2397 3088 2638 3147 videtur
2669 3092 2797 3146 erat
2828 3088 3137 3152 oriundus,
3173 3089 3234 3146 Ο.

1951 3177 2110 3246 Min„
2144 3176 2560 3237 celeberrimus
2592 3177 2972 3237 concionator
3003 3182 3066 3236 et
3094 3178 3237 3237 mis·

2033 3355 2067 3404 ¹)
2096 3347 2179 3401 Cf.
2221 3347 2414 3416 Biogr.
2454 3349 2570 3400 nat.
2613 3348 2681 3400 ‹le
2718 3345 2873 3416 Belg.
2916 3354 2965 3405 8.
3011 3354 3117 3405 416
3161 3366 3236 3404 s.:

1953 3417 2354 3472 Braunmiiller
2380 3418 2517 3472 KIJ.
2547 3420 2611 3482 V,
2641 3423 2811 3474 1354:
2854 3419 2932 3472 Lu-
2965 3420 3233 3491 Belgique

1952 3494 2120 3546 1860:
2149 3490 2388 3544 Guibert
2413 3490 2481 3542 de
2509 3489 2588 3553 ⁷1¹„
2615 3507 2678 3542 sa
2696 3489 3044 3559 Biographie
3072 3495 3130 3544 et
3151 3507 3236 3543 ses

1953 3562 2241 3618 Travaux:
2273 3561 2435 3614 Feret
2462 3562 2530 3625 11,
2556 3565 2857 3617 388—392.

2025 3635 2064 3704 ²)
2091 3631 2275 3687 Alteri
2327 3631 2641 3686 Nicolao
2685 3631 2755 3685 de
2798 3631 2940 3699 Bya
2963 3637 3029 3686 rt
3075 3633 3137 3685 O.
3182 3633 3232 3687 S.

1951 3706 2098 3772 Aug.
2115 3706 2395 3757 Germano
2411 3702 2688 3757 tribuitur
2704 3719 2849 3772 opus
2863 3705 3233 3773 inscriptum:

1953 3778 2325 3829 Distinctiones
2351 3778 2712 3842 exemplorum
2753 3779 2807 3831 V.
2850 3785 2898 3829 et
2940 3778 3006 3828 N.
3046 3779 3103 3832 T.
3143 3775 3233 3828 ab·

1950 3846 2240 3900 breviatae
2292 3852 2346 3898 et
2386 3847 2656 3900 reductae
2700 3846 2773 3899 ad
2820 3847 3074 3900 diversas
3125 3862 3230 3899 ma-

1951 3917 2121 3970 terias
2138 3918 2450 3970 secundum
2463 3916 2719 3970 ordinem
2733 3917 3047 3986 alphabeti,
3069 3916 3232 3972 Mem·

1952 3988 2188 4058 mingeu
2216 3993 2370 4046 1485.

2023 4065 2063 4128 ³)
2105 4060 2320 4113 Janner
2383 4058 2544 4118 KL2„
2588 4057 2650 4122 ll,
2712 4064 2818 4115 476
2882 4077 2980 4112 ss,:
3048 4058 3229 4113 Snobl

1950 4130 2442 4203 Sitzungsbericht
2490 4130 2590 4184 dcr
2646 4129 2873 4184 Wiener
2921 4130 3048 4192 Ak„
3106 4131 3233 4184 hist.

1951 4202 2040 4258 Kl.
2059 4203 2190 4266 XCI,
2221 4207 2387 4258 1878:
2421 4201 2646 4255 Pseiffer
2671 4202 2946 4256 deutsche
2964 4201 3230 4270 Mystiker

1950 4274 2047 4327 des
2077 4280 2160 4330 14.
2186 4273 2404 4336 Jahrb„
2447 4272 2676 4341 Lipsiae
2718 4279 2874 4330 1845.
2924 4274 2963 4336 1,
2992 4279 3228 4330 26-42;

1953 4345 2201 4415 Keppler
2246 4343 2360 4399 KL.
2387 4345 2450 4406 X,
2480 4349 2601 4401 335.
2650 4344 2750 4412 qui
2801 4362 2933 4398 eum
2978 4344 3120 4397 dicit
3145 4345 3230 4397 ein

1950 4419 2225 4484 geberner
2247 4415 2491 4476 Redner,
2517 4415 2619 4470 der
2638 4421 2827 4470 zuerst
2850 4414 2944 4470 die
2964 4415 3228 4468 deutsche

1952 4489 2200 4556 Sprache
2227 4486 2385 4540 nicht
2412 4505 2520 4538 nur
2544 4487 2831 4559 gewandt,
2858 4486 3104 4541 sondern
3131 4487 3230 4539 mit

1952 4559 2150 4613 Grazie
2179 4559 2296 4611 und
2327 4558 2679 4628 lVohlklang
2723 4557 3041 4620 handhabt,
3069 4558 3229 4612 dabei

1951 4630 2192 4684 bibliseh
2220 4630 2338 4683 und
2368 4629 2693 4700 pat-ristisch
2733 4629 3222 4688 wohlbewaudert,

1951 4702 2042 4754 ein
2075 4703 2298 4756 Meister
2339 4701 2673 4755 klassischer
2714 4700 3095 4770 Popularittit,
3135 4700 3225 4754 der

1950 4773 2051 4826 das
2075 4773 2415 4827 Volksleben
2443 4772 2560 4825 und
2585 4772 3022 4826 Menschenherz
3047 4788 3224 4853 genau

1951 4844 2130 4898 kennt
2156 4844 2275 4897 und
2303 4843 2595 4912 enei-giech
2625 4842 2960 4898 beeinflusst:
2991 4842 3222 4897 Michael

1951 4916 2144 4970 mosch.
2176 4916 2274 4968 des
2303 4915 2356 4970 d.
2389 4916 2452 4968 V.
2484 4917 2547 4970 ΙΙ.
2581 4920 2877 4971 1-14-180,
