3475 5364
355 358 518 413 1449
1041 340 1266 417 Crocus,
1294 339 1600 407 Candidus,
1629 339 1965 405 Bunderius,
1990 339 2274 410 Slotanus.
2355 406 2360 413 .
2798 358 2867 409 14
2884 358 2960 411 50

344 526 631 587 adversus
663 525 985 587 haereticos
1029 527 1092 585 in
1138 527 1425 595 catholica
1456 526 1627 586 insti·
1685 526 1959 586 articulis·
1983 526 2056 599 ab
2089 526 2400 599 haereticis
2430 524 2727 585 modernis
2759 525 2961 600 dispu-

349 615 559 675 tuebat
590 615 722 685 fide,
757 616 1001 675 deesset.
1055 616 1313 679 Tandem
1347 616 1629 675 defuncta
1684 616 1830 674 tatis
1845 619 2084 675 auctore
2101 616 2233 674 Nat.
2256 615 2563 691 Taillep
2584 615 2597 672 i
2618 614 2703 672 ed
2736 614 2801 672 Ο.
2823 614 2960 683 Min.

348 709 554 774 matre,
577 724 758 780 quam
771 705 1036 763 vetulam
1050 706 1297 774 aluerat,
1315 705 1438 771 voti
1452 723 1629 765 causa
1686 702 1784 784 (de
1816 724 1934 780 quo
1965 709 2007 764 t.
2042 701 2206 785 seq).
2241 704 2548 763 Prodierat
2563 704 2671 763 hoc
2689 722 2961 779 compen-

347 795 589 855 Romam
634 793 884 869 pedibus
929 795 1237 853 contendit
1276 798 1336 853 et
1380 794 1456 861 ab
1500 794 1627 869 ipso
1684 794 1850 853 dium
1907 793 2297 869 inscriptione
2372 793 2486 865 alia
2528 793 2655 868 jam
2719 793 2963 853 Parisiis

344 902 393 942 S.
426 882 661 959 ignatio
694 883 853 942 inter
873 884 1094 959 primos
1128 883 1251 945 Soc.
1280 884 1429 943 Jesu
1461 883 1626 943 soda-
1692 893 1889 953 15403
1939 883 2056 951 alia
2084 884 2161 943 ib.
2201 892 2398 957 1543;
2457 891 2650 953 15493
2696 880 2961 941 Venetiis

348 972 433 1031 les
449 972 563 1030 etsi
581 972 1129 1048 quinquagenarius
1141 973 1379 1045 admitti
1390 973 1625 1043 meruit.
1690 981 1872 1036 1548.
1901 982 2063 1041 1552
2083 995 2096 1043 3
2117 972 2481 1048 Antverpiae
2507 980 2690 1039 1555.
2722 970 2962 1035 Scutum

344 1064 461 1119 Ast
492 1062 669 1135 paulo
715 1065 853 1137 post
894 1081 944 1120 a.
989 1080 1201 1138 nempe
1238 1072 1404 1126 1550
1452 1062 1624 1121 brevi
1677 1062 1815 1134 fidei
1858 1063 2205 1133 orthodoxae
2249 1061 2533 1133 adversus
2577 1078 2959 1136 quascunque

347 1150 551 1208 morbo
613 1154 1017 1227 consumptus,
1080 1170 1255 1226 quam
1320 1170 1488 1210 serus
1550 1150 1624 1210 ad
1681 1151 1951 1223 haereses
1967 1152 2146 1226 hujus
2163 1151 2373 1209 aetatis
2387 1150 2961 1229 fidem,sacrangenta

345 1240 551 1297 vineae
615 1239 942 1299 dominicae
1004 1240 1233 1300 labores
1283 1244 1621 1311 accesserat,

345 1332 468 1386 tam
517 1329 671 1387 citus
717 1328 792 1387 ad
836 1329 1066 1391 denarii
1111 1331 1438 1389 mercedem
1488 1348 1621 1406 per·

343 1418 509 1475 venit
524 1414 591 1499 ¹).

501 1605 644 1658 665.
707 1596 1040 1655 Alexander
1099 1595 1494 1656 Candidus
1557 1596 1620 1655 Ο.

340 1685 545 1753 Germ„
597 1685 778 1760 vulgo
828 1685 1026 1745 dictus
1073 1685 1354 1747 Nicolaus
1401 1686 1621 1753 Blan-

341 1790 373 1831 c
389 1773 427 1832 k
444 1794 477 1831 a
493 1793 525 1834 r
539 1773 573 1829 d
590 1778 618 1832 t
638 1774 1054 1841 Gandavensis,
1072 1775 1402 1852 theologiae
1418 1775 1623 1834 doctor

338 1865 405 1920 et
435 1862 729 1937 professor
759 1864 1127 1932 coloniensis,
1160 1886 1194 1923 a
1224 1864 1407 1923 Maria
1429 1864 1620 1940 Belgii

337 1950 760 2027 gubernatrice
836 1953 911 2011 ad
989 1971 1147 2015 conc.
1225 1953 1621 2017 tridentinum

342 2040 563 2099 missus
595 2046 703 2108 est,
754 2041 859 2100 ubi
894 2041 1158 2119 insignes
1190 2043 1483 2108 orationes
1517 2043 1619 2110 ha-

345 2130 477 2190 buit
509 2131 676 2199 duas,
710 2149 890 2189 unam
935 2133 1005 2191 de
1033 2132 1349 2192 sacerdotio
1393 2150 1460 2191 ac
1492 2133 1621 2206 ejus

337 2237 479 2277 cum
510 2220 674 2293 regia
702 2223 998 2295 potestate
1016 2221 1352 2291 collatione,
1372 2220 1618 2281 alteram

342 2308 405 2366 in
438 2308 560 2367 Gal.
596 2309 639 2375 1,
677 2318 734 2370 9:
768 2308 835 2366 Si
865 2311 993 2388 quis
1021 2310 1176 2371 vobis
1206 2307 1618 2386 evangelizave-

338 2400 421 2454 rit
430 2404 664 2472 praeter
681 2399 830 2472 quod
848 2401 1144 2472 accepistis
1157 2401 1268 2462 etc.
1286 2393 1350 2481 (†
1369 2409 1466 2462 31.
1483 2399 1616 2457 Dec.

352 2482 561 2565 1555).
595 2485 860 2561 Reliquit
902 2487 1207 2547 Judicium
1255 2488 1348 2548 J0.
1393 2488 1616 2547 calvini

335 2576 408 2632 de
467 2582 796 2637 sanctorum
849 2578 1108 2653 reliquiis
1157 2578 1435 2637 collatum
1485 2596 1618 2635 cnm

1679 1240 1986 1315 ritumque
2018 1239 2480 1310 ecclesiasticum
2494 1238 2805 1314 explodere
2822 1257 2957 1297 con-

1678 1329 2011 1399 tendenteS,
2090 1329 2354 1387 Gandavi
2425 1340 2446 1390 1
2468 1339 2499 1390 5
2513 1338 2588 1390 56
2610 1349 2624 1397 ;
2701 1330 2957 1389 Antver-

1677 1417 1812 1494 piae
1880 1430 1904 1481 1
1924 1428 2044 1481 569
2126 1418 2308 1477 editio
2365 1417 2677 1492 ampliata3
2761 1427 2831 1480 15
2845 1427 2877 1479 7
2888 1427 2919 1479 -1
2941 1435 2958 1491 ;

1677 1507 1924 1567 Lovanii
1947 1519 1973 1570 1
1991 1519 2022 1570 5
2035 1518 2065 1569 7
2078 1517 2114 1569 4
2133 1530 2147 1579 ς
2166 1508 2394 1575 detectio
2410 1525 2700 1582 nuyarum
2717 1505 2960 1565 Lutheri

1679 1616 1812 1655 cum
1843 1597 2238 1659 declaratione
2268 1596 2536 1667 veritatis
2556 1595 2873 1654 catholicae
2897 1599 2958 1657 et

1678 1686 2082 1756 confutatione
2113 1687 2458 1763 dogmatum
2487 1684 2954 1758 lutheranorum,

1675 1774 1920 1833 Lovanii
1960 1786 2116 1843 1551
2145 1796 2159 1847 ;
2193 1777 2262 1833 de
2292 1793 2421 1835 vero
2439 1774 2656 1833 Christi
2673 1773 2955 1848 baptismo

1676 1868 1884 1935 contra
1900 1866 2249 1923 Mennonem
2263 1864 2772 1940 anabaptistarum
2792 1863 2956 1939 prin-

1676 1953 1885 2028 cipem,
1921 1954 2219 2013 succincta
2250 1972 2487 2030 quoque
2519 1971 2785 2023 errorum
2800 1954 2850 2028 ej
2859 1972 2954 2011 us.-

1675 2042 1810 2111 dem
1824 2043 2014 2113 elisiO,
2031 2042 2277 2113 Levanii
2303 2052 2487 2117 15535
2507 2042 2750 2101 Parisiis
2772 2053 2790 2102 1
2812 2052 2843 2103 5
2858 2051 2953 2117 74.

1676 2131 2063 2191 Concinnavit
2094 2149 2331 2207 quoque
2362 2130 2613 2189 indicem
2636 2130 2798 2191 codd.
2815 2150 2951 2190 mss.

1674 2221 1737 2279 in
1755 2220 2127 2280 bibliothecis
2143 2222 2336 2297 Belgii
2353 2220 2802 2296 vicinarumque
2817 2240 2952 2296 pro-

1675 2310 2002 2368 vinciarum
2035 2331 2084 2372 a,
2127 2322 2311 2373 1500.
2343 2310 2534 2381 adhuc
2564 2310 2952 2375 exstantium:

1673 2399 1779 2472 qui
1813 2400 2058 2474 periisse
2103 2399 2343 2459 videtur
2388 2402 2527 2474 post
2558 2419 2609 2457 a.
2650 2408 2833 2462 1660.
2866 2432 2953 2441 —

1673 2487 2013 2548 Joannes
2077 2489 2347 2559 Slotan
2370 2506 2454 2548 us
2519 2484 2946 2569 (SchlottanuS,

1674 2596 1792 2636 van
1824 2577 1930 2636 der
1961 2574 2223 2657 Slooten)
2261 2578 2323 2650 Ο.
2359 2578 2561 2641 Praed.
2592 2597 2660 2635 ex
2682 2578 2946 2647 Braban-

338 2664 721 2725 orthodoxas.
737 2665 1363 2728 Ecclesiaecatholicae
1379 2667 1617 2742 patrum
1672 2666 1793 2726 tine
1825 2666 2041 2743 oppido
2088 2668 2290 2727 Geffen
2338 2664 2502 2749 (hinc
2551 2670 2612 2725 et
2661 2666 2752 2726 Jo.
2788 2667 2947 2734 Ges-

337 2756 665 2824 sententia3
712 2756 939 2815 accedit
982 2775 1063 2816 or.
1108 2757 1180 2816 de
1224 2756 1619 2818 retributione
1672 2756 1702 2814 f
1709 2775 1798 2814 en
1846 2750 2069 2836 dictus)
2120 2758 2471 2818 missionum
2519 2756 2805 2826 desiderio
2855 2777 2948 2816 ar-

331 2845 634 2918 justorum
715 2846 918 2904 statim
980 2865 1015 2904 a
1058 2851 1264 2916 morte,
1344 2845 1618 2905 Coloniae

344 2943 534 2995 1551.
594 2934 704 2992 Edi
764 2935 995 2994 curavit
1052 2954 1097 2994 s.
1161 2936 1334 3004 biblia
1393 2934 1618 3011 belgice

339 3022 463 3080 sive
512 3023 790 3083 flandrica
839 3023 1112 3099 pluribus
1157 3025 1302 3084 locis
1347 3024 1616 3082 emenda-

339 3110 497 3168 tiora
559 3129 626 3169 ac
676 3113 1042 3182 correctiora,
1107 3113 1374 3171 Coloniae
1431 3122 1615 3182 1547,

337 3217 493 3273 quae
524 3199 715 3258 versio
746 3201 1153 3259 commendata
1176 3201 1293 3259 fuit
1323 3221 1357 3259 a
1385 3202 1615 3261 theolo-

339 3288 431 3364 gis
481 3288 936 3348 coloniensibus.
985 3323 1073 3333 ——
1119 3290 1380 3356 Joannes
1424 3292 1616 3349 Bun-

336 3377 377 3432 d
396 3377 608 3434 erius
661 3374 801 3458 (van
832 3377 947 3437 den
979 3375 1278 3459 Bundere)
1314 3378 1378 3437 Ο.
1412 3379 1615 3438 Praed.

338 3466 563 3540 pariter
621 3466 1017 3526 Gandavensis
1080 3465 1161 3546 (n.
1220 3463 1433 3548 1481),
1497 3467 1617 3525 fere

340 3573 570 3629 semper
601 3555 785 3614 lector
816 3560 878 3613 et
923 3576 1031 3632 per
1075 3557 1386 3617 dioecesim
1417 3560 1617 3615 torna·

336 3662 570 3702 censem
621 3644 942 3718 inquisitor
985 3647 1294 3722 generaliS,
1328 3646 1617 3708 Luthera-

339 3751 549 3791 norum
584 3734 1208 3811 Mennonistarumque
1240 3738 1620 3810 oppugnator

336 3822 661 3880 acerrimus
687 3821 745 3903 (†
769 3823 980 3885 8.]011.
1006 3834 1165 3887 1557
1188 3844 1239 3882 0.
1254 3825 1465 3882 aetatis
1487 3817 1615 3903 75),

336 3911 593 3969 confecit
644 3911 1056 3986 Compendium
1107 3932 1308 3972 rerum
1357 3914 1617 3990 1110010ρί-

336 4019 560 4068 carum,
613 4020 766 4075 quae
817 4002 991 4060 hodie
1041 4003 1104 4060 in
1154 4002 1616 4061 controversiam

336 4090 645 4163 agitantur
655 4090 728 4147 ad
746 4110 985 4149 sensum
1001 4095 1061 4150 et
1079 4109 1430 4154 consensum
1448 4109 1618 4150 verae

338 4177 780 4253 catholicaeque
825 4180 1137 4249 Ecclesiae,
1186 4180 1528 4254 Scripturae
1574 4199 1617 4239 s.

338 4267 698 4326 testimoniis
747 4287 813 4326 ac
862 4287 938 4328 ss.
986 4273 1224 4344 patrum
1286 4269 1616 4339 sententiis„

339 4356 701 4430 Antverpiae
726 4367 918 4426 1562;
952 4357 1197 4416 Parisiis
1222 4368 1404 4422 1574.
1431 4368 1615 4428 1577,

339 4444 560 4518 quibus
593 4445 682 4503 ed.
735 4446 967 4520 adjecta
998 4451 1090 4505 est
1121 4448 1344 4505 collatio
1374 4455 1620 4523 quatuor

336 4533 631 4592 doctorum
680 4535 1090 4605 Ambrosii,
1142 4536 1616 4613 Hieronymi,

338 4623 769 4698 Augustini
822 4627 883 4683 et
916 4625 1274 4700 Gregorii
1324 4644 1502 4704 super
1536 4635 1614 4688 30

416 4831 452 4900 ¹)
482 4830 567 4881 lta
592 4830 789 4898 Imago
817 4829 990 4898 primi
1032 4846 1139 4886 sec.
1171 4830 1292 4885 Soc.
1320 4831 1370 4887 J.
1399 4847 1454 4899 p.
1483 4835 1616 4890 872:

337 4900 602 4970 Foppeus
633 4901 673 4954 1.
703 4906 824 4957 197.

1673 2845 1867 2917 debat,
1919 2847 2020 2916 sed
2069 2866 2144 2905 ne
2194 2846 2347 2908 illud
2380 2847 2670 2923 impleret,
2715 2846 2951 2912 infirma

1673 2936 1934 3011 corporis
1979 2937 2324 3005 valetudine
2370 2937 2505 3000 hinc
2546 2949 2610 2994 et
2641 2937 2949 3004 voluntate

1674 3025 2044 3099 superiorum
2073 3026 2515 3101 prohibebatur.
2556 3025 2721 3084 Nihil
2752 3029 2950 3098 tamen

1674 3117 1987 3189 propterea
2006 3115 2302 3182 remissior
2319 3115 2753 3190 fuitzelumque
2774 3134 2950 3174 suum

1673 3205 1968 3262 convertit
1999 3203 2062 3262 in
2095 3205 2378 3264 tuendam
2401 3208 2604 3263 contra
2623 3204 2950 3264 haereticos

1675 3310 1794 3364 qua
1826 3293 1961 3360 stilo
1993 3295 2194 3368 potuit
2223 3311 2483 3367 voceque
2515 3297 2577 3352 et
2596 3295 2949 3352 auctoritate

1674 3379 1850 3438 fidem
1869 3382 2230 3440 catholicam.
2250 3382 2541 3452 Coloniae,
2560 3382 2664 3439 ubi
2682 3382 2950 3448 ordinem

1674 3487 1718 3530 e.
1750 3469 2038 3528 Dominici
2071 3473 2164 3529 est
2193 3470 2513 3545 amplexus,
2548 3469 2665 3527 fuit
2695 3470 2860 3545 prior
2888 3473 2951 3528 et

1676 3575 1753 3615 ss.
1790 3557 2100 3626 literarum
2118 3560 2430 3634 professor,
2463 3559 2762 3617 facultatis
2781 3559 2948 3628 theo-.-

1673 3646 1902 3721 logicae
1934 3647 2190 3707 decanus
2225 3644 2718 3728 (1555—1557)
2752 3651 2814 3706 et
2846 3667 2950 3723 per

1672 3735 1862 3793 Rheni
1906 3740 2160 3804 tractum
2206 3741 2267 3796 et
2309 3737 2623 3796 dioecesim
2655 3737 2949 3795 colonien-

1675 3843 1796 3882 sem
1829 3826 2122 3901 generalis
2154 3826 2292 3884 fidei
2323 3844 2530 3885 censor
2557 3829 2618 3884 et
2636 3826 2951 3901 inquisitor

1677 3911 1740 3994 (†
1775 3924 1828 3975 9.
1851 3914 1972 3972 Jul.
2005 3913 2215 3995 1560).
2248 3916 2413 3974 Inter
2443 3933 2620 3991 opera
2639 3916 2766 3991 ejus
2786 3934 2949 3976 men—

1673 4004 1836 4062 tione
1869 4008 2014 4062 sunt
2034 4000 2307 4085 digna¹):
2341 4004 2816 4080 Disputationum
2848 4005 2947 4063 ad-

1674 4110 1882 4151 versus
1913 4093 2236 4153 haereticos
2267 4095 2304 4151 l.
2337 4112 2511 4163 anne,
2559 4094 2624 4152 in
2670 4113 2787 4169 quo
2837 4095 2950 4153 sub

1674 4183 2150 4258 propugnatione
2226 4183 2609 4242 articulorum
2675 4202 2710 4241 a
2775 4183 2815 4244 J
2820 4187 2950 4243 usto

1674 4267 2952 4355 Velsio(medicinaeprofessorelutherano)

1675 4359 1946 4418 Coloniae
2006 4362 2442 4437 propositorum
2506 4379 2709 4420 omnes
2768 4362 2950 4420 ferme

1676 4448 1855 4524 hujus
1873 4450 2055 4508 seculi
2073 4451 2509 4510 controversiae
2525 4450 2949 4521 discutiuntur,

1676 4538 1948 4598 Coloniae
1990 4549 2153 4601 1558
2189 4539 2253 4597 in
2289 4550 2343 4603 8.
2395 4540 2483 4600 De
2515 4542 2812 4599 retinenda
2841 4543 2952 4616 fide

1674 4628 1993 4686 orthodoxa
2039 4633 2100 4687 et
2145 4629 2435 4688 catholica
2483 4629 2764 4689 adversus
2814 4629 2949 4687 hae·

1752 4839 1789 4897 ¹)
1819 4832 1901 4890 Cf.
1947 4834 2017 4889 N.
2063 4833 2277 4889 Paulus
2317 4835 2409 4888 die
2450 4834 2504 4891 d.
2543 4835 2953 4898 Dominikaner

1675 4922 1729 4974 Ρ.
1758 4909 2059 4962 156-162.
