3475 5364
360 338 522 392 1489

1434 320 1624 385 Ferus,
1653 320 1886 391 Ziegler.

2805 341 2966 394 1490

361 516 558 577 15623
591 507 831 565 Parisiis
856 507 1419 582 15642Antverpiae
1446 516 1627 575 157ος
1685 507 2043 582 impressum
2078 512 2213 583 post
2243 527 2291 565 a.
2321 516 2549 571 1577.‘
2583 509 2740 568 Haec
2772 514 2971 568 tamen

354 598 567 655 Romae
607 606 804 665 15773
858 597 1130 673 Lugduni
1176 606 1373 666 16043
1429 606 1628 666 1609;
1686 596 1748 654 in
1781 595 1870 658 ed.
1903 597 2308 655 recentissima
2349 597 2514 656 fuere
2546 598 2776 657 omissa.
2827 599 2970 675 Ejus

361 698 554 755 16103
616 689 679 743 in
718 687 970 743 Thr-enos
999 685 1289 743 Jeremiae
1320 685 1629 744 conciones

353 774 532 844 XVII,
551 775 890 850 Moguntiae
919 785 1073 837 1561
1102 797 1115 845 ;
1139 773 1420 851 Lugduni
1444 782 1629 844 1562;

361 874 520 927 1567
544 885 557 925 z
623 864 894 923 Coloniae
964 874 1118 926 1571
1149 886 1162 932 3
1225 864 1630 922 enarrationes

352 957 412 1010 in
463 960 589 1010 acta
639 955 1047 1027 apostolatum,
1103 953 1375 1011 Coloniae
1430 962 1628 1022 1567;

354 1042 592 1100 Parisiis
637 1049 697 1100 et
730 1042 993 1101 Venetiis
1033 1051 1231 1112 1568;
1284 1042 1633 1101 Catholische

352 1132 683 1208 Auslequnq
726 1133 824 1190 des
855 1135 913 1190 2.
945 1132 1014 1189 Β.
1064 1132 1298 1201 Esdres,
1344 1131 1448 1190 das
1493 1150 1631 1189 man

352 1220 629 1278 Nehemia
660 1224 883 1279 nennet
914 1220 1038 1279 und
1059 1222 1209 1279 auch
1232 1221 1333 1279 des
1352 1221 1629 1279 buchlins

350 1309 581 1377 Esther,
616 1311 957 1386 Moguntiae
986 1319 1183 1379 15693
1217 1310 1631 1369 annotationes

350 1400 413 1455 in
443 1399 732 1469 Exodum,
754 1397 1067 1473 Numeros,
1100 1400 1629 1471 Deuteronomium,

350 1488 387 1545 l.
406 1487 602 1563 Josue,
621 1489 656 1545 l.
675 1489 972 1562 Judicum,
991 1489 1263 1548 Coloniae
1283 1500 1306 1550 1
1324 1498 1355 1550 5
1369 1500 1399 1551 7
1418 1501 1436 1549 l
1454 1535 1468 1549 .
1484 1489 1626 1546 Cum

350 1595 489 1635 vero
520 1578 703 1636 Ferus
753 1578 894 1635 olim
945 1578 1102 1654 apud
1156 1597 1218 1636 se
1250 1577 1631 1636 constituerit

351 1684 658 1740 nunquam
705 1666 933 1742 aliquid
978 1686 1219 1726 suarum
1270 1666 1628 1725 lucubratio-

350 1773 494 1812 num
537 1756 700 1832 typis
745 1757 1044 1833 evulgare,
1098 1774 1228 1814 cum
1280 1757 1456 1832 plura
1504 1755 1630 1831 ipso

350 1843 537 1902 inscio
588 1845 682 1903 vel
723 1846 847 1920 jam
899 1850 1154 1914 mortuo,
1207 1846 1355 1920 quin
1404 1844 1532 1920 ipse
1565 1864 1632 1902 ea

350 1933 629 2010 relegerit
674 1934 768 1992 vel
818 1935 1129 2004 limaverit,
1180 1939 1241 1993 et
1286 1934 1431 1992 satis
1463 1933 1629 1992 festi-

349 2025 562 2080 nanter
578 2023 737 2099 typis
752 2023 979 2081 fuerint
1004 2024 1241 2091 tradita,
1275 2024 1488 2082 mirum
1505 2041 1630 2081 esse

348 2131 466 2169 non
497 2112 689 2181 debet,
738 2112 787 2170 si
835 2113 992 2171 haud
1039 2132 1225 2189 pauca
1267 2111 1628 2181 contineant,

349 2219 500 2274 quae
532 2202 732 2259 minus
778 2206 1049 2260 accurata
1095 2207 1156 2259 et
1202 2202 1513 2259 haereticis
1548 2202 1627 2258 fa·

347 2289 545 2347 ventia
577 2289 909 2365 rigidorum
960 2310 1267 2349 censorum
1318 2291 1628 2369 reprehen-

350 2378 570 2436 sionem
604 2380 996 2447 incurrerint;
1030 2380 1167 2437 hinc
1198 2379 1460 2456 theologi
1493 2379 1630 2439 Sor-

348 2468 537 2525 bonae
568 2467 831 2544 graviter
855 2470 1205 2544 judicarunt
1229 2468 1302 2527 de
1323 2471 1451 2543 ejus
1471 2486 1625 2527 com-

349 2557 636 2615 mentario
667 2558 729 2614 in
762 2557 1126 2617 Matthaeum
1160 2558 1361 2634 ,quod
1378 2561 1631 2616 scateret

314 2719 320 2724 ι
348 2646 625 2721 plurimis
678 2647 978 2707 erroribus
1029 2667 1096 2708 ac
1146 2648 1487 2708 haeresibus
1503 2642 1548 2729 ¹)
1569 2657 1622 2716 ς(

350 2736 696 2795 Dominicus
728 2737 868 2797 Soto
917 2757 1054 2797 vero
1100 2737 1349 2797 ediderit
1383 2745 1628 2797 annota-

348 2827 523 2883 tiones
554 2826 614 2884 in
646 2827 736 2884 J0.
771 2827 943 2886 Feri
973 2827 1421 2887 commentarios
1452 2846 1630 2902 super

349 2914 451 2971 Ev.
484 2915 750 2984 Joannis,
786 2917 1175 2975 Salmanticae
1208 2926 1389 2986 1554,
1423 2917 1485 2975 in
1512 2936 1629 2991 quo

350 3000 597 3084 carpit2)
646 3005 804 3063 locos
855 3016 930 3067 67
956 3028 968 3075 ;
1016 3012 1077 3063 et
1128 3006 1181 3063 b.
1215 3007 1427 3064 Petrus
1461 3006 1627 3064 Cani-

351 3091 475 3149 sius
509 3093 569 3149 in
602 3112 689 3167 ep.
723 3093 795 3150 ad
830 3095 1182 3153 Guilelmum
1216 3096 1496 3153 Bavariae
1516 3095 1624 3152 du-

350 3198 475 3238 cem
512 3191 568 3242 8.
591 3184 739 3257 Aug.
770 3191 924 3246 1581
959 3184 1171 3241 Ferum
1193 3183 1468 3242 intereos
1489 3202 1627 3241 auc-

349 3273 511 3327 tores
543 3274 858 3340 recenseat,
893 3290 1147 3346 quorum
1176 3272 1395 3346 scripta
1424 3291 1631 3330 revera

1690 686 1952 744 Examen
1984 688 2444 744 orditmndorum
2491 687 2566 745 ad
2597 688 2969 761 quaestiones

1688 793 1730 832 6.
1766 774 2042 833 ordinum
2078 775 2404 835 candidatis
2450 776 2509 833 in
2561 776 2814 835 dioecesi
2847 796 2969 836 mo·

1687 864 2038 940 guntinensi
2071 864 2321 940 proponi
2367 874 2677 923 consuetas
2710 870 2879 940 aptae
2911 872 2971 923 et

1688 953 1818 1029 piae
1849 954 2263 1030 responsiones
2280 954 2624 1012 catholicam
2661 955 2970 1013 veritatem

1689 1043 1988 1102 succincta
2019 1043 2309 1101 brevitate
2341 1043 2685 1113 indicanteS,
2722 1045 2969 1121 Mogun-

1686 1131 1840 1193 tiael
1857 1142 1888 1193 5
1901 1142 1980 1195 44
1996 1132 2229 1207 prodiit,
2247 1131 2458 1190 deinde
2473 1133 2545 1190 ad
2559 1153 2607 1190 a.
2631 1144 2649 1193 1
2669 1144 2737 1195 61
2761 1144 2789 1193 5
2810 1136 2970 1191 ultra

1689 1220 1866 1279 vicies
1884 1222 1944 1298 ¹).
1978 1222 2300 1280 Laboribus
2334 1222 2583 1280 obrutus
2615 1228 2675 1279 et
2720 1222 2968 1280 att-ritus

1688 1309 1946 1369 decessit
1983 1320 2037 1373 8.
2073 1311 2231 1386 Sept.
2274 1320 2458 1372 1554.
2521 1311 2670 1369 Raro
2701 1313 2969 1386 exemplo

1687 1417 1809 1458 non
1828 1405 1919 1459 est
1938 1418 2080 1459 usus
2095 1400 2158 1458 in
2179 1401 2301 1458 suis
2321 1399 2562 1476 scriptis
2581 1400 2720 1459 stilo
2738 1400 2966 1459 acerbo:

1687 1489 1885 1547 noluit
1928 1490 2085 1547 enim
2129 1489 2251 1546 stili
2300 1489 2618 1548 acrimonia
2655 1508 2972 1564 provocare

1689 1577 2069 1637 adversarios,

1781 1765 1924 1819 681.
1971 1756 2233 1815 ‚Iacobus
2268 1756 2474 1832 Ziegl
2496 1774 2573 1814 er
2604 1757 2968 1815 Landavien-

1689 1845 1790 1915 sie,
1813 1846 2097 1914 Bavarus,
2119 1845 2268 1903 bene
2287 1845 2527 1920 scripsit
2546 1854 2745 1904 contra
2774 1847 2969 1904 haere-

1687 1936 1799 1993 sim
1865 1934 2256 1992 Waldensium
2300 1935 2357 1997 ll.
2405 1934 2462 2002 V,
2507 1934 2739 2009 Lipsiae
2785 1944 2967 2003 1512,

1687 2024 1790 2082 sed
1812 2023 2025 2081 deinde
2047 2023 2261 2082 defecit
2279 2024 2351 2080 ad
2373 2027 2801 2097 protestantes:
2827 2025 2970 2098 quia

1688 2130 1826 2170 vero
1861 2113 2072 2171 horum
2105 2113 2550 2171 intolerantiam
2596 2113 2845 2171 liberius
2877 2132 2969 2171 re·

1687 2200 2020 2276 prehendit,
2074 2204 2287 2278 agente
2318 2202 2546 2260 Bucero
2578 2204 2970 2278 Argentorato

1689 2291 1976 2364 expulsus
2021 2298 2125 2349 est.
2204 2290 2357 2349 Hinc
2415 2291 2603 2366 aperti
2646 2291 2810 2349 fuere
2855 2292 2969 2367 ipsi

1687 2378 1864 2447 oculi,
1899 2380 2146 2455 agnovit
2177 2399 2402 2438 errores
2438 2380 2730 2454 rediitque
2761 2380 2834 2438 ad
2865 2379 2970 2437 Ec·

1687 2468 1922 2526 clesiam
1954 2471 2218 2526 matrem.
2297 2471 2470 2526 Anno
2513 2478 2668 2531 1541
2712 2489 2848 2528 611111
2881 2489 2970 2528 16·

1689 2557 1954 2632 perimus
1987 2557 2322 2634 theologiae
2369 2558 2753 2632 professorem
2793 2557 2968 2616 Vien-

1685 2665 1796 2706 nae
1840 2649 1901 2706 et
1946 2666 1993 2705 a.
2049 2656 2213 2710 1543
2264 2646 2561 2706 facultatis
2607 2647 2971 2724 theologicae

1685 2737 1990 2795 decanum.
2069 2737 2389 2795 Turcarum
2437 2744 2600 2795 metu
2635 2737 2970 2795 Passaviam

1687 2845 1750 2884 se
1781 2826 2055 2894 contulit,
2089 2826 2192 2884 ubi
2227 2829 2287 2884 et
2318 2825 2572 2884 decessit
2611 2836 2795 2889 1549.
2859 2827 2968 2885 Re-

1686 2915 1866 2988 liquit
1923 2916 2134 2973 Terrae
2177 2935 2239 2982 3.,
2288 2915 2506 2991 Syriae,
2553 2916 2822 2985 Arabiae,
2856 2917 2970 2974 Ae-

1685 3005 1855 3081 gypti
1903 3008 1963 3063 et
1995 3005 2315 3065 Schoudiae
2355 3005 2810 3079 descriptionem,
2858 3005 2971 3062 Ba-

1688 3095 1865 3152 sileae
1906 3104 2101 3158 1531:
2157 3094 2539 3170 Argentorati
2578 3104 2764 3161 1539,
2816 3112 2970 3169 quae

1687 3183 1830 3239 olim
1880 3184 2077 3259 magni
2125 3183 2334 3252 fiebat;
2398 3183 2849 3241 commentarios
2908 3185 2969 3239 in

1689 3271 1953 3328 Genesim
1969 3281 2019 3328 et
2037 3273 2324 3340 Exodum,
2343 3272 2604 3329 Basileae
2631 3283 2652 3332 1
2671 3282 2702 3332 5
2715 3284 2744 3333 -1
2759 3281 2813 3340 8,
2833 3290 2970 3330 sane

350 3360 411 3416 et
442 3359 671 3432 integre
702 3378 820 3417 non
855 3364 998 3418 sunt
1029 3360 1329 3419 catholica.
1364 3360 1515 3418 Hinc
1537 3380 1626 3418 re·
1685 3379 1804 3419 non
1855 3361 1999 3418 satis
2038 3357 2472 3440 orthodoxos'ss).
2551 3359 2623 3418 In
2669 3361 2972 3418 historiam

351 3448 472 3505 lata
503 3448 749 3506 fuerunt
779 3449 983 3524 aliqua
1014 3449 1280 3524 ejusdem
1311 3450 1375 3507 in
1405 3450 1630 3508 indices
1687 3444 1894 3506 Judith
1946 3449 2316 3508 elucubratio
2363 3453 2424 3506 et
2469 3449 2971 3524 chronographica

351 3536 640 3595 librorum
671 3537 1109 3612 prohibitorum
1163 3538 1627 3614 particulares⁸)‚

349 3625 469 3683 imo
481 3625 745 3684 inindice
758 3628 1351 3687 romanoaClemente
1367 3628 1469 3686 Vll
1480 3629 1521 3685 I.
1538 3628 1625 3687 ed.

352 3705 636 3791 legimus:
673 3755 699 3784 ,
717 3716 908 3790 Opera
918 3718 1113 3776 omnia
1130 3716 1313 3776 donec
1331 3718 1625 3794 corrigan-

350 3809 453 3863 tur
473 3849 485 3861 .
508 3849 557 3862 ..
591 3805 971 3881 excipiuntur
1013 3812 1213 3865 tamen
1259 3807 1628 3865 Commenta·

349 3893 442 3953 ria
486 3894 550 3952 in
595 3913 637 3953 s.
672 3896 1071 3964 Matthaeum,
1104 3896 1524 3954 commentaria
1567 3895 1631 3952 in

352 3983 457 4041 Ev.
488 3983 734 4043 Joannis
785 3989 846 4043 et
877 3986 939 4043 in
971 3984 1009 4041 J
1015 3987 1225 4042 oannis
1259 4003 1348 4060 ep.
1381 3984 1627 4058 primam

351 4073 438 4130 ed.
471 4092 746 4132 romanae
776 4076 838 4132 et
869 4092 1112 4132 examen
1166 4073 1627 4133 ordinandorum

432 4247 465 4312 ¹)
494 4243 666 4312 Apud
694 4244 1036 4313 d'Argentre
1065 4242 1204 4297 Coll.
1225 4243 1629 4311 judie.11,228.

426 4319 465 4370 ‘si
484 4313 726 4368 Michael
746 4314 800 4367 M
817 4333 845 4367 e
863 4315 898 4367 d
916 4316 936 4367 i
954 4333 991 4367 n
1008 4332 1041 4367 a.
1068 4314 1196 4368 Feri
1222 4314 1431 4367 sodalis
1445 4329 1626 4367 acrem

351 4386 576 4455 scripsit
602 4391 898 4455 apoloye'am
927 4386 978 4439 J.
1006 4385 1150 4448 Feri,
1194 4385 1254 4438 in
1283 4402 1399 4453 qua
1425 4390 1491 4441 67
1520 4384 1631 4439 loci

351 4458 888 4510 commentariorum
907 4459 967 4509 in
981 4457 1280 4519 Joaunem,
1298 4473 1445 4524 quae
1461 4460 1631 4510 antea.

353 4526 416 4581 D.
445 4528 578 4582 Soto
605 4529 909 4582 lutherana
934 4529 1281 4583 traduxerat.
1328 4545 1391 4581 ex
1421 4547 1461 4582 s.
1490 4528 1630 4582 Scri-

1690 3589 2004 3597 ᾖ*-

1768 3680 1802 3739 1)
1831 3673 1913 3727 Cf.
1951 3672 2094 3725 Falk
2137 3671 2531 3725 Bibelstudien
2561 3714 2572 3725 .
2601 3714 2613 3726 .
2643 3715 2654 3727 .
2692 3671 2752 3724 111
2782 3672 2970 3725 Mainz

1689 3762 1744 3813 p.
1772 3749 1876 3800 185
1905 3762 2004 3801 ss.:
2033 3749 2136 3800 196
2163 3761 2250 3808 ss.‚
2293 3743 2395 3811 qui
2435 3759 2566 3796 eum
2613 3744 2843 3813 optimis
2884 3760 2968 3797 60·

1688 3821 1879 3870 censet
1904 3817 1991 3868 sui
2021 3815 2145 3868 aevi
2168 3815 2663 3869 concionatoribus
2690 3816 2862 3869 etiam
2888 3833 2970 3868 ra-

1688 3888 1844 3942 tione
1872 3886 2106 3955 linguae
2132 3887 2506 3955 germanicae.
2556 3886 2632 3939 De
2665 3886 2799 3940 Fero
2830 3887 2969 3940 mul·

1692 3963 1815 4012 tum
1844 3957 2054 4011 meruit
2081 3957 2381 4028 Philippus
2402 3958 2568 4027 Agri
2584 3959 2731 4013 cola
2754 3958 2971 4012 concio·

1689 4032 1858 4084 nator
1882 4029 2226 4082 cathedralis
2246 4034 2303 4082 et
2319 4028 2564 4083 decanus
2589 4028 2661 4080 ad
2680 4046 2720 4081 s.
2740 4028 2968 4082 Petrum

1689 4100 2023 4170 Moguntiae
2066 4105 2112 4168 (†
2141 4104 2224 4156 16.
2252 4100 2416 4154 Mart.
2447 4104 2624 4171 1572),
2669 4100 2773 4168 qui
2811 4099 2970 4154 illius

1689 4188 1861 4239 opera.
1890 4174 2042 4242 typis
2068 4172 2241 4232 dedit,
2264 4176 2322 4224 et
2337 4170 2694 4225 Christianus
2724 4171 2969 4241 Hippa-

1688 4245 1750 4297 ri
1771 4262 1806 4296 11
1825 4261 1850 4296 s
1896 4243 2218 4312 theologiae
2247 4243 2531 4313 professor
2556 4246 2614 4296 et
2639 4245 2832 4311 pastor
2861 4261 2969 4296 mo·

1687 4315 1970 4440 &siff
1996 4314 2970 4453 (332{24³1}tssouqiuffissuioiessssuanioe

1764 4462 1802 4528 ⁸³)
1831 4457 1913 4512 Cf.
1943 4457 2013 4510 N.
2043 4456 2255 4510 Paulus
2282 4455 2558 4510 Katholik
2593 4460 2750 4514 1895.
2781 4458 2819 4518 Ι,
2847 4460 2969 4512 213.

1688 4529 1989 4583 Aschbach
2031 4526 2229 4585 Gesch.
2272 4528 2373 4581 der
2417 4527 2651 4581 Wiener
2681 4528 2848 4583 Univ.
2874 4529 2968 4591 111,

352 4601 521 4666 ptura
549 4603 991 4668 sanctorumque
1036 4600 1294 4655 doctrina
1322 4599 1630 4653 restituun-
1686 4605 1809 4665 303,
1838 4601 1937 4655 ubi
1964 4599 2079 4653 alia
2093 4599 2347 4668 ejusdem
2364 4601 2833 4669 scriptareperies
2856 4601 2969 4651 fere

352 4673 463 4735 tur,
494 4670 785 4742 Compluti
826 4676 981 4728 1558.
1040 4671 1288 4739 Uterque
1334 4675 1524 4724 tamen
1553 4671 1631 4724 vi-

351 4741 520 4795 detur
545 4743 714 4811 aequi
754 4759 1076 4796 mensuram
1118 4743 1401 4804 excedere,
1448 4742 1545 4798 1116
1572 4743 1631 4796 111

351 4814 685 4878 accusandO,
712 4814 941 4868 Medina
968 4815 1029 4867 in
1057 4814 1419 4868 vindicandO.

425 4893 464 4948 ³)
494 4886 576 4941 cf.
605 4885 824 4940 Reusch
854 4887 1024 4940 Index
1052 4887 1091 4952 1,
1118 4891 1239 4942 561.

1689 4672 1926 4728 inedita.
1991 4671 2130 4740 Ejus
2190 4670 2429 4724 historia
2492 4671 2797 4726 Clementis
2850 4670 2970 4725 VII.

1688 4743 1897 4813 spiritu
1938 4742 2133 4797 hostili
2173 4741 2446 4795 adversus
2486 4742 2799 4811 primatum
2845 4756 2968 4793 con·

1689 4815 1902 4887 scripta
1967 4814 2203 4883 vulgata
2269 4813 2385 4867 fuit
2445 4831 2474 4865 a
2540 4813 2852 4867 Schelhorn
2910 4813 2969 4863 iu

1687 4886 1972 4942 Amoenit.
2001 4886 2069 4940 H.
2098 4885 2157 4939 Ε.
2187 4885 2254 4948 11,
2282 4888 2580 4941 287--380.
