3475 5364
383 379 408 429 1
425 375 549 430 549
629 386 634 393 ·
933 360 1037 415 Jus
1063 356 1419 415 canonicum.
1446 354 1607 424 Bere,
1632 356 1794 425 Fine,
1820 357 2163 422 Marsacotti,
2187 355 2412 411 Alciati.
2820 371 2986 428 1550

375 546 440 604 in
491 563 664 604 suam
710 544 947 604 induxit
995 545 1322 615 dioecesim,
1356 545 1656 621 promovit
1715 558 1741 608 1
1759 554 1902 608 554.
1965 545 2232 621 Reliquit
2270 544 2649 617 Quaestiones,
2685 541 2988 601 Bononiae

377 633 582 693 ordine
616 655 649 693 a
681 652 744 693 se
776 635 1073 705 instituto,
1107 635 1348 694 consilio
1380 638 1442 693 et
1460 654 1651 709 opera,
1718 645 1917 705 15503
1974 634 2238 693 venetiis
2298 640 2498 702 15743
2555 629 2989 690 Commentaria

375 729 664 798 quantum
699 725 899 798 potuit
939 724 1051 782 sub
1084 723 1267 783 Paulo
1298 725 1402 782 ΙΙΙ.
1435 725 1654 783 Miran-
1709 741 1888 798 super
1934 725 2261 794 decretale-s,
2308 721 2587 798 Lugduni
2640 727 2984 782 1550—52

373 812 537 871 tibus
562 812 836 872 omnibus
851 812 1241 872 cardinalium
1257 812 1653 890 rigidissimus
1710 818 1753 870 t.
1790 823 1824 876 3
1859 813 1923 871 in
1954 812 2016 875 f.:
2063 813 2333 882 Consilia,
2366 809 2664 870 Bononiae
2690 820 2715 871 1
2734 816 2856 872 567
2879 810 2921 866 t.
2947 817 2983 870 3

374 920 494 960 non
542 901 814 960 obstante
864 902 1327 961 contradictione
1377 902 1654 961 factionis
1710 902 1773 959 in
1794 902 1854 972 f„
1888 920 2145 978 quorum
2187 914 2236 964 1.
2268 899 2685 975 complectitur
2716 916 2800 967 ea,
2834 915 2988 972 quae

374 1008 677 1049 caesareae
707 991 931 1049 electus
963 994 1056 1049 est
1087 991 1208 1049 fere
1241 991 1654 1068 octogenarius
1710 991 1783 1049 ad
1810 993 1911 1067 jus
1931 991 2308 1066 pontificium
2326 992 2388 1047 et
2408 988 2482 1047 ad
2500 990 2837 1048 contractus
2858 986 2986 1045 sive

378 1088 477 1141 23.
530 1080 697 1137 Mart.
762 1090 922 1143 1555
977 1080 1040 1138 in
1070 1080 1426 1155 pontificem.
1490 1079 1653 1139 Serio
1709 1076 2132 1156 dispositiones
2192 1079 2348 1137 inter
2423 1078 2589 1136 vivos
2650 1075 2986 1153 pertinent;

376 1167 572 1244 coepit
601 1168 915 1227 consilium
955 1169 1028 1228 de
1059 1169 1474 1228 reformatione
1505 1188 1654 1244 qua·
1714 1178 1769 1231 2.
1802 1188 1956 1245 quae
1988 1170 2062 1233 ad
2095 1167 2429 1228 voluntates
2462 1166 2720 1235 ultimas,
2755 1181 2986 1224 succes·-

377 1276 701 1333 quaversus
735 1258 1145 1333 promovenda.
1199 1258 1531 1317 Dolendum
1562 1262 1649 1316 ta·
1711 1259 1906 1318 siones
1956 1261 2017 1317 et
2062 1257 2552 1335 legitimationes;
2608 1264 2662 1318 3.
2712 1272 2864 1329 quae
2912 1251 2988 1312 ad

370 1365 508 1405 men
538 1350 647 1416 est,
681 1366 816 1405 eum
850 1347 965 1405 sibi
1017 1365 1128 1406 sua
1177 1348 1391 1424 agendi
1423 1347 1654 1406 ratione
1703 1347 2168 1423 jurisdictiones,
2209 1345 2439 1422 J'udicia
2482 1350 2543 1404 et
2573 1344 2837 1413 crimina3
2868 1342 2986 1401 Ve-

373 1435 616 1511 politica
646 1438 740 1494 tot
772 1436 1097 1495 suscitasse
1136 1436 1536 1505 difficultates,
1584 1440 1655 1495 ut
1709 1437 1890 1495 netiis
1950 1445 2112 1499 1577
2167 1438 2208 1493 t.
2261 1445 2298 1497 4
2346 1434 2410 1492 in
2457 1443 2527 1505 43
2579 1435 2886 1510 Augustae
2918 1430 2985 1491 V.

377 1525 688 1583 concilium
721 1544 1073 1600 suspensum
1106 1545 1410 1601 nunquam
1446 1528 1653 1601 potue·
1720 1536 1903 1596 1601,
1944 1534 2111 1589 1602
2144 1525 2207 1583 in
2238 1524 2276 1582 f.
2312 1523 2603 1583 Panziroli
2631 1526 2830 1581 censet
2849 1539 2988 1580 eum

379 1614 459 1672 rit
490 1631 811 1673 convocare
856 1618 916 1673 et
965 1615 1326 1674 continuare.
1391 1615 1655 1674 Decessit
1708 1615 1890 1674 fuisse
1950 1614 2141 1691 magis
2201 1613 2566 1672 laboriosum
2614 1629 2794 1687 quam
2815 1665 2819 1669 ,
2844 1610 2985 1669 sub-

382 1712 476 1768 18.
528 1704 680 1779 Aug·
738 1712 900 1767 1559
953 1705 1241 1763 frustrata
1289 1723 1410 1780 spe,
1475 1723 1651 1778 quam
1708 1705 1880 1763 tilem
1894 1701 1961 1785 1).
2008 1736 2097 1751 --
2146 1703 2505 1762 Laurentius
2555 1700 2741 1759 Pino
2803 1700 2987 1758 bono-

1708 1793 1933 1851 niensis
1941 1794 1966 1868 j
1976 1793 2101 1851 uris
2116 1792 2381 1851 canonici
2403 1789 2711 1867 professor,
2738 1791 2762 1865 j
2777 1808 2819 1847 u
2828 1808 2866 1846 n
2878 1788 2899 1845 i
2911 1807 2944 1848 o
2956 1807 2989 1846 r

1710 1883 1923 1952 dietus,
1958 1886 2029 1940 ut
2059 1881 2531 1958 distingueretur
2572 1879 2647 1937 ab
2705 1879 2820 1938 alio
2879 1895 2986 1936 se·

466 1980 608 2032 709.
672 1970 813 2028 Post
860 1973 954 2030 tot
1001 1970 1407 2030 decretalistas
1452 1975 1652 2030 tantae
1708 1973 1927 2030 niore
1992 1968 2053 2053 (†
2120 1967 2335 2051 1397),
2412 1969 2484 2028 de
2559 1987 2677 2043 quo
2753 1966 2987 2044 egimus

372 2058 577 2128 famae,
630 2059 1004 2129 eruditionis,
1058 2060 1451 2132 auctoritatis,
1502 2078 1651 2135 quos
1710 2081 1763 2136 p.
1828 2070 1972 2131 707,
2042 2060 2274 2135 scripsit
2336 2076 2522 2133 supra
2584 2057 2640 2114 V
2673 2058 2729 2115 ll.
2776 2056 2986 2114 Decre-

371 2148 568 2222 priora
601 2149 799 2207 secula
830 2168 1044 2224 magna
1062 2150 1446 2224 protulerunt
1465 2150 1649 2226 copia,
1707 2148 1930 2220 talium,
1982 2149 2247 2208 Venetiis
2288 2158 2484 2219 15793
2533 2147 2785 2206 Camilia
2830 2145 2987 2204 notis

372 2235 589 2294 mirum
635 2254 760 2295 esse
805 2255 923 2295 non
970 2236 1161 2307 debet,
1209 2238 1257 2296 si
1304 2257 1508 2297 eorum
1540 2259 1649 2297 nu·
1707 2239 2008 2297 illustrata
2068 2239 2145 2296 ib.
2218 2247 2383 2300 1579
2446 2238 2509 2295 in
2558 2236 2595 2294 f.
2661 2230 2985 2315 Decessit2)

371 2344 571 2384 merus
605 2329 665 2384 et
697 2325 1012 2384 celebn‘tas
1034 2327 1220 2401 priori
1240 2329 1448 2386 saltem
1469 2329 1650 2403 hujus
1716 2336 1811 2390 18.
1846 2330 1996 2403 Aug.
2038 2336 2222 2391 1542.
2272 2359 2360 2370 —
2411 2328 2641 2384 Marcus
2687 2324 2985 2383 Antonius

374 2414 558 2475 seculi
590 2417 759 2489 parte
788 2414 1171 2473 decreverint.
1207 2416 1428 2476 Paucos
1447 2436 1653 2475 revera
1708 2416 2161 2475 Marescotti
2193 2415 2570 2474 bononiensis
2600 2412 2892 2489 parochus
2925 2415 2991 2471 et

374 2503 481 2561 hac
526 2502 856 2578 reperimus
905 2500 1228 2585 periodoss).
1292 2506 1649 2581 Praecipuus
1708 2506 1762 2564 d.
1810 2505 2072 2564 Petronii
2122 2504 2439 2564 canonicus
2488 2505 2549 2562 et
2592 2502 2987 2578 primicerius,

371 2592 522 2651 forte
538 2592 1017 2668 hujustemporis
1050 2595 1650 2671 estAugustinus
1698 2595 1857 2670 juris
1906 2595 2224 2669 utriusque
2268 2593 2490 2663 doctor,
2542 2591 2984 2667 protonotarius

371 2682 563 2741 Bero
629 2677 920 2764 (Berojus,
972 2679 1221 2765 Berous)
1255 2685 1650 2745 Bononiensis
1707 2685 2071 2760 apostolicus
2094 2688 2153 2742 et
2168 2682 2403 2744 auditor
2417 2682 2662 2752 Rotae‚a
2684 2681 2866 2740 Paulo
2881 2680 2984 2738 111.

374 2790 429 2829 n.
489 2780 676 2840 1474,
729 2772 912 2830 laicus
963 2773 1221 2847 quidem,
1286 2774 1388 2832 sed
1449 2774 1654 2833 doctor
1708 2774 2043 2833 destinatus
2117 2773 2375 2831 nuncius
2453 2772 2528 2831 ad
2589 2770 2857 2831 carolum
2919 2769 2987 2829 V.

374 2861 690 2935 utriusque
732 2862 892 2936 juris
923 2864 1245 2938 tantaeque
1277 2863 1645 2934 eruditioniS,
1709 2859 1769 2943 (†
1788 2871 1888 2924 22.
1912 2863 2076 2921 Febr.
2105 2860 2317 2943 1543),
2335 2861 2607 2938 vulgavit
2635 2862 2991 2936 repetitiones

370 2952 441 3007 ut
472 2949 675 3008 habita
709 2950 942 3026 ingenti
974 2969 1106 3009 cum
1137 2952 1355 3027 plausu
1386 2952 1647 3028 disputa·
1709 2971 1887 3028 super
1902 2951 1999 3010 VI.
2033 2951 2447 3020 Decretalium‚
2470 2950 2773 3009 Bononiae
2800 2959 2985 3013 1506.

370 3038 532 3096 tione
550 3057 681 3095 mox
699 3039 1036 3097 cathedram
1053 3039 1459 3123 obtinuerit(1
1479 3038 1649 3122 504),
1708 3041 1958 3118 Collegit
2017 3060 2254 3116 quoque
2314 3041 2626 3100 decisiones
2685 3059 2729 3100 s.
2785 3039 2989 3113 Rotae,

372 3145 552 3199 quam
586 3127 722 3185 dein
754 3147 969 3202 magna
1001 3129 1304 3189 doctrinae
1324 3131 1477 3188 fama
1498 3133 1653 3189 rexit
1707 3129 2546 3206 quaeinaliiscollectionibus
2560 3123 2989 3208 p1·odierunt⁸).

372 1792 512 1850 boni
545 1792 609 1850 in
641 1793 769 1867 ejus
800 1797 1190 1868 reposuerant
1219 1794 1409 1853 zelum
1425 1788 1488 1875 ¹).

371 3234 418 3271 a.
458 3224 555 3277 50.
589 3214 754 3273 Inter
784 3216 1102 3291 discipulos
1134 3218 1347 3277 habuit
1379 3219 1470 3278 Jo.
1500 3222 1649 3296 Ang.

371 3303 443 3361 de
489 3303 700 3361 Medici
749 3308 810 3361 et
838 3305 1153 3382 Hugonem
1193 3308 1649 3384 Boncompagni‚

371 3392 475 3467 qui
496 3392 875 3467 postmodum
909 3393 1072 3453 fuere
1093 3396 1317 3454 romani
1340 3397 1652 3471 pontifices

374 3481 487 3539 sub
536 3481 775 3540 nomine
823 3482 908 3540 Pii
941 3481 1037 3546 1V.
1085 3487 1146 3541 et
1192 3485 1462 3561 Gregorii
1494 3485 1649 3543 XIII.

369 3570 567 3646 Magni
587 3570 776 3629 factus
806 3574 900 3629 est
919 3572 1094 3630 etiam
1117 3593 1150 3631 a
1168 3573 1207 3631 J
1210 3574 1331 3632 ulio
1352 3573 1424 3631 II.
1447 3577 1509 3633 et
1528 3575 1649 3643 ΙΙΙ.,

368 3659 635 3735 undique
652 3659 767 3718 fuit
788 3681 820 3717 a
839 3660 1207 3737 principibus
1247 3664 1559 3722 consultus
1593 3667 1652 3721 et

370 3748 553 3807 etiam
585 3749 650 3807 in
681 3750 921 3808 civitate
953 3770 1164 3827 magna
1182 3751 1496 3811 fruebatur
1513 3771 1651 3811 auc-

373 3838 639 3900 toritate.
660 3837 815 3896 Hinc
834 3839 1033 3908 titulo,
1070 3859 1188 3915 quo
1209 3841 1468 3899 celebres
1493 3842 1650 3917 juris

370 3928 627 3986 consulti
677 3928 936 3987 libenter
983 3928 1277 4006 nimisque
1327 3930 1653 3989 liberaliter

370 4015 647 4076 honorari
675 4017 961 4088 solebant,
995 4021 1057 4076 et
1071 4019 1197 4094 ipse
1212 4019 1653 4096 insigniebatur

369 4104 562 4163 dictus
582 4107 1144 4185 ,Monarchalegum
1160 4115 1205 4170 ἦ
1218 4108 1412 4170 Obiit}
1432 4108 1648 4185 3.Sept.

448 4351 482 4414 ¹)
511 4345 594 4402 Cf.
623 4345 932 4403 Caraccioli
960 4347 1029 4401 de
1056 4348 1175 4402 vita
1202 4347 1368 4404 Pauli
1395 4349 1506 4414 IV„
1553 4347 1650 4402 Co-

367 4418 556 4472 loniae
583 4423 722 4476 1612
743 4439 754 4476 ;
781 4418 1048 4472 Bromato
1077 4418 1261 4475 Storia
1277 4420 1335 4473 di
1353 4420 1523 4475 Paolo
1536 4418 1649 4484 Iv„

367 4488 674 4543 Ravennae
717 4493 1069 4547 1748—1753
1110 4492 1151 4545 t.
1191 4496 1254 4553 2;
1306 4491 1505 4545 Wurm
1537 4490 1650 4548 KL.

367 4561 457 4624 IX,
486 4564 856 4618 1639—1643.

440 4635 480 4702 ἱ1)
510 4632 640 4687 Chr.
682 4630 1219 4687 Phreislebius
1262 4633 1503 4701 reliquit
1544 4637 1650 4690 Pa-

365 4707 552 4758 ratitla
579 4721 677 4757 seu
721 4703 1123 4759 annotationes
1160 4704 1234 4758 ad
1268 4705 1418 4774 juris
1446 4703 1650 4758 utrius-

1706 3252 1795 3262 —
1828 3219 2253 3277 celeberrimus
2269 3218 2511 3294 quidem
2532 3221 2626 3276 est
2647 3219 2695 3275 A
2710 3237 2752 3276 n
2769 3217 2805 3275 d
2821 3236 2851 3274 r
2866 3237 2942 3275 ea
2959 3237 2989 3275 s

1707 3308 1759 3367 A
1776 3308 1798 3365 l
1814 3326 1844 3366 c
1865 3308 2011 3367 iati
2045 3309 2109 3366 in
2138 3325 2293 3385 pago
2314 3307 2517 3368 Alzate
2538 3325 2724 3382 prope
2746 3306 2989 3364 Comum

1708 3415 1763 3456 n.
1803 3405 1855 3459 8.
1890 3397 2027 3470 Maj.
2067 3405 2252 3465 1492,
2287 3413 2403 3454 non
2436 3399 2636 3453 tamen
2668 3414 2699 3451 a
2724 3395 2860 3469 jure
2892 3412 2987 3452 ca*

1708 3486 1936 3553 nonico‚
1969 3484 2031 3541 in
2064 3503 2182 3560 quo
2222 3502 2345 3542 non
2389 3484 2645 3541 multum
2679 3482 2988 3544 laboravit.

1707 3573 1914 3644 Ticini,
1961 3576 2164 3650 postea
2194 3573 2494 3631 Avenione
2533 3572 2635 3648 jus
2679 3571 2851 3629 civile
2882 3570 2986 3630 do·

1709 3662 1866 3733 cuit3
1901 3683 1948 3720 a.
1995 3671 2156 3726 1528
2209 3661 2495 3719 Bituricis
2547 3680 2760 3736 magna
2807 3659 2986 3719 disci-

1709 3752 1989 3826 pulorum
2064 3750 2386 3819 affluentia,
2464 3754 2644 3825 atque
2702 3750 2990 3826 temporis

1708 3840 1879 3914 lapsu
1911 3840 2042 3898 aliis
2086 3840 2149 3897 in
2190 3839 2520 3900 academiis
2584 3840 2635 3896 A
2670 3839 2849 3897 Paulo
2881 3838 2988 3896 ΙΙΙ.

1707 3929 1781 3988 ad
1815 3929 2239 3988 ecclesiasticos
2272 3929 2524 3987 honores
2557 3946 2732 4003 saepe
2763 3927 2984 3986 invita-

1706 4021 1809 4076 tus
1860 4017 2008 4079 fuit:
2063 4018 2164 4080 sed
2216 4038 2351 4076 cum
2401 4017 2720 4093 profitendi
2767 4034 2987 4080 munus

1787 4209 1823 4278 ¹)
1852 4204 1935 4260 Cf.
1961 4207 2235 4260 Fantuzzi
2262 4206 2328 4260 11.
2355 4209 2636 4266 96-1032
2661 4205 2889 4259 Schulte
2918 4205 2987 4271 11,

1705 4282 1843 4337 355:
1871 4276 2062 4331 Daller
2088 4276 2200 4332 KL.
2229 4282 2278 4341 2,
2304 4281 2428 4333 455.

1782 4357 1820 4414 ²)
1851 4347 1934 4403 Cf.
1964 4348 2235 4402 Fantuzzi
2268 4349 2385 4410 Vll,
2411 4352 2499 4405 30.

1780 4428 1821 4486 ⁸)
1851 4419 1934 4474 cf.
1966 4420 2238 4473 Fantuzzi
2264 4420 2331 4484 V,
2357 4424 2479 4476 257.
2534 4419 2829 4488 Ejusmodi
2854 4423 2986 4473 deci·

1705 4497 1877 4546 aiones
1922 4491 2158 4561 collegit
2201 4506 2432 4559 quoque
2474 4491 2721 4544 Joannes
2763 4490 2817 4543 M
2833 4509 2864 4545 o
2882 4491 2918 4543 h
2936 4507 2987 4543 e-

1706 4563 1744 4616 d
1761 4580 1794 4616 a
1811 4583 1849 4618 n
1865 4581 1902 4617 u
1921 4580 1945 4616 s
1972 4562 2033 4615 in
2060 4561 2407 4616 salmantina
2431 4561 2721 4615 academia
2738 4562 2889 4631 juris
2913 4562 2987 4615 ci·

1707 4634 1839 4688 vilis
1889 4635 2188 4704 professor.
2249 4649 2517 4688 romanae
2568 4632 2745 4686 Rotae
2788 4632 2986 4702 judex,

1706 4705 2009 4775 episcopus
2020 4705 2352 4759 ravellensis
2362 4705 2422 4757 in
2432 4720 2606 4774 regno
2619 4705 2987 4774 neapolitano

367 4792 478 4843 que
506 4775 728 4838 titulos,
755 4775 1025 4845 Lugduni
1057 4780 1222 4836 1544:
1264 4775 1359 4830 sed
1409 4776 1554 4830 nihil
1581 4777 1650 4830 de
1707 4781 1755 4848 (ψ
1783 4782 1921 4834 1549
1949 4818 1960 4836 .
2000 4775 2292 4830 Bononiae
2333 4780 2472 4833 1578
2516 4776 2649 4829 Ant.
2676 4775 2986 4846 Augustini

363 4846 473 4901 hoc
501 4850 731 4901 auctore
758 4847 942 4916 deque
969 4846 1095 4918 ipso
1123 4864 1291 4917 opere
1330 4847 1546 4901 alicubi
1571 4865 1650 4902 re-
1706 4865 1871 4908 cura:

364 4919 635 4988 perimus.

1951 4864 2112 4902 omae
2138 4851 2278 4904 1589
2303 4846 2364 4900 in
2382 4852 2419 4903 4
2445 4864 2575 4901 cum
2600 4846 2987 4901 additionibus

1709 4918 1878 4974 Pauli
1903 4919 2126 4975 Bonfi
2146 4919 2251 4986 lii,
2279 4918 2355 4975 ib.
2382 4923 2523 4976 1604
2548 4917 2608 4970 in
2632 4921 2685 4973 4.
