3475 5364
400 358 419 407 1
439 356 471 409 2
484 355 516 408 2
526 355 561 407 9
1292 340 1321 393 ‚J
1328 355 1539 393 oannes
1564 338 1888 393 Ludovicus
1914 339 2103 394 Vives.
2838 360 2864 412 1
2880 358 2913 411 2
2925 358 2958 412 3
2969 361 3004 413 0

390 525 722 602 Hamburgi
784 528 847 585 et
908 526 1279 584 Francofulti
1352 536 1538 588 1661.
1589 559 1659 570 -
1728 527 1928 583 mariti
1942 546 1971 596 ,·
2000 527 2068 582 de
2097 526 2456 585 subventione
2475 543 2815 600 pauperum
2844 526 2879 584 L
2912 528 3004 586 in-

388 614 605 690 Magna
635 633 774 673 vero
807 616 951 673 sunt
971 614 1230 673 auctoris
1248 616 1440 674 nostri
1456 615 1671 673 merita
1725 614 1984 689 scriptus
2035 614 2274 673 senatui
2319 620 2380 673 et
2442 615 2791 675 consulibus
2840 616 3008 674 urbis

387 702 462 763 de
500 705 891 781 paedayoqia,
955 707 1196 779 propter
1256 723 1408 779 quae
1467 707 1671 763 nostra
1725 702 2043 780 brugensis
2057 701 2137 784 1);
2183 704 2251 761 de
2281 707 2673 764 communione
2704 723 2903 763 reru-m
2933 704 3007 763 ad

387 792 741 869 praesertim
792 795 985 851 aetate
1036 793 1254 852 iterum
1302 793 1588 853 inclaruit
1603 789 1669 874 ¹).
1724 810 2037 869 germanos
2069 792 2395 864 inferiores,
2442 794 2661 870 Brugis
2714 802 2897 862 1535,
2944 794 3007 852 in

388 881 519 941 Huc
551 885 851 957 spectant:
897 882 985 940 De
1028 882 1381 941 institutione
1420 884 1672 955 feminae
1728 899 1846 955 quo
1893 881 2306 941 communismi
2352 881 2646 959 principia
2688 882 2908 958 repetit
2937 901 3005 941 ex

387 971 739 1029 christianae
772 970 847 1029 acl
878 970 1254 1029 catharinam
1285 971 1538 1047 Angliae
1575 990 1667 1030 re·
1723 970 2104 1029 innovatione
2134 970 2841 1047 lutherana.-Scripsit
2856 990 3007 1046 quo-

387 1059 589 1136 gi'nam
636 1079 743 1135 pro
775 1060 1156 1118 institutione
1188 1060 1341 1118 filiae
1374 1078 1515 1119 suae
1546 1060 1668 1119 Ma-
1724 1078 1844 1133 que
1873 1060 2154 1135 pulchros
2185 1059 2418 1118 libellos
2451 1062 2739 1135 asceticos,
2786 1060 3007 1136 quibus

384 1149 523 1218 riae,
553 1148 770 1231 Brugis
811 1157 997 1218 1523,
1050 1148 1087 1205 l.
1121 1148 1294 1208 modo
1323 1148 1517 1208 adhuc
1546 1150 1667 1208 uti·
1725 1147 1990 1207 animum
2035 1148 2236 1225 prodit
2279 1167 2417 1208 vere
2461 1150 2630 1225 pium
2667 1153 2731 1208 et
2759 1149 3008 1208 catholi-

385 1236 477 1307 lis,
512 1237 745 1314 saepius
778 1237 976 1297 editus
1005 1241 1070 1297 et
1096 1237 1164 1296 in
1199 1238 1391 1296 varias
1428 1237 1668 1315 linguas
1726 1255 1880 1307 cum,
1928 1256 2122 1313 neque
2167 1237 2328 1297 enim
2358 1238 2484 1297 ullo
2516 1238 2691 1297 modo
2729 1237 2883 1297 favit
2914 1257 3006 1295 er-

385 1345 621 1396 versus3
653 1327 942 1401 epistolae
977 1322 1069 1408 (2)
1116 1329 1187 1384 de
1229 1328 1454 1385 ratione
1489 1329 1670 1386 studii
1724 1326 1963 1385 roribus
1993 1327 2485 1402 protestantium:
2520 1327 2753 1386 collecti
2770 1326 3005 1403 prodie-

376 1417 666 1490 puerilis;
696 1416 1040 1474 introductio
1060 1416 1140 1474 ad
1156 1417 1520 1493 sapientiam,
1558 1416 1665 1475 Pa·
1724 1418 1871 1473 runt
1900 1415 2173 1490 inscripti
2197 1416 2297 1475 Ad
2327 1418 2513 1475 animi
2530 1418 2923 1475 excitationem
2941 1418 3006 1474 in

386 1504 540 1563 risiis
580 1512 777 1573 15:273
820 1512 982 1566 1548
1019 1508 1146 1575 ete„
1192 1504 1360 1563 brevi
1402 1509 1667 1581 tempore
1725 1504 1914 1562 Deum
1963 1506 2596 1576 commentatiunculae,
2643 1505 3006 1580 Antverpiae

386 1594 725 1669 saepissime
759 1593 922 1652 edita
942 1593 1165 1669 ubique
1184 1594 1306 1653 fere
1324 1594 1633 1671 regionum
1652 1615 1666 1664 3
1732 1601 1898 1656 1538
1918 1614 1932 1663 ς
1968 1593 2238 1652 Coloniae
2280 1603 2443 1657 1539
2463 1617 2477 1666 ;
2511 1594 2776 1653 Basileae
2803 1603 2969 1657 1540
2990 1615 3004 1664 ;

390 1684 458 1740 de
491 1684 687 1740 anima
721 1690 772 1740 et
804 1678 1001 1764 vitass),
1036 1684 1105 1740 de
1137 1683 1475 1756 disciplinis,
1509 1684 1665 1759 quod
1730 1690 1899 1744 1543
1925 1681 2506 1753 etc.;meditationes
2525 1685 2588 1742 in
2605 1691 2815 1757 septem
2835 1681 3002 1741 Psal-

385 1789 536 1846 opus
569 1790 709 1846 prae
739 1772 946 1847 primis
961 1772 1339 1842 aestimatum
1375 1793 1430 1847 p.
1460 1784 1510 1834 1.
1543 1772 1668 1849 agit
1722 1788 1847 1829 mos
1868 1814 1883 1829 .
1911 1815 1925 1828 .
1950 1815 1964 1828 .
2001 1773 2388 1846 poenitentiae
2418 1772 2557 1831 stilo
2589 1772 2832 1831 classico
2863 1789 3001 1830 con-

385 1860 444 1922 ll.
484 1871 515 1923 7
553 1861 625 1918 (16
657 1861 851 1919 causis
884 1865 1300 1935 corruptarum
1322 1861 1574 1933 artium;
1608 1881 1664 1936 p.
1723 1859 2009 1935 scriptae3
2082 1860 2487 1919 Genethliacon
2533 1860 2593 1918 J.
2645 1861 2897 1935 Christi;
2944 1860 3004 1919 J.

386 1950 573 2008 altera
602 1949 661 2006 ll.
699 1960 733 2011 6
770 1948 1167 2008 detrudendis
1200 1950 1527 2026 disciplinis
1560 1968 1666 2009 seu
1727 1940 1956 2006 Christi
1974 1950 2325 2025 triumphus,
2367 1959 2553 2013 1514.
2585 1949 2789 2008 Preces
2819 1956 3003 2008 etme-

384 2039 457 2097 de
520 2038 900 2097 institutione
964 2038 1358 2119 christiana⁸).
1445 2038 1665 2116 Brugis
1721 2038 2024 2096 ditationes
2043 2037 2293 2097 diurnae
2312 2044 2373 2097 et
2391 2039 2694 2116 generales
2712 2057 2845 2098 cum
2866 2039 3004 2113 pul·

391 2136 547 2191 153]
573 2127 963 2202 3Antverpiae
984 2137 1140 2191 1531
1163 2128 1498 2197 ;Coloniae1
1519 2136 1663 2198 5323
1722 2126 1861 2185 chro
1894 2127 2317 2186 commentario
2361 2128 2427 2186 in
2458 2128 2785 2188 orationem
2814 2127 3003 2186 domi·

392 2226 590 2284 15:363
639 2215 1078 2287 Oxonii15323
1137 2226 1335 2287 16123
1386 2217 1664 2293 Lugduni
1720 2214 1931 2285 nicam,
1975 2225 2160 2278 1535.
2193 2249 2279 2259 --
2314 2218 2522 2292 Neque
2566 2217 2780 2276 desunt
2829 2234 3005 2291 opera

393 2314 554 2367 1532
576 2326 589 2374 3
614 2314 774 2367 4551
805 2304 1123 2382 3Lugduni
1144 2306 1209 2363 B.
1239 2315 1437 2376 15363
1466 2315 1662 2377 16363
1711 2305 2131 2379 philosophica,
2167 2304 2326 2364 inter
2359 2324 2509 2381 quae
2530 2306 2617 2364 De
2647 2307 2851 2377 initiis,
2886 2324 3003 2364 sec-

383 2394 629 2471 Dialoyi,
662 2394 996 2471 germanice
1015 2397 1221 2453 nostra
1252 2397 1444 2453 aetate
1474 2394 1663 2453 inter·
1721 2395 1797 2451 tis
1844 2400 1896 2450 et
1955 2394 2228 2452 laudibus
2265 2396 2686 2470 philosophiae,
2741 2394 3002 2469 primum

382 2486 550 2558 prete
622 2482 749 2541 Jul.
813 2483 1206 2559 Broering
1226 2527 1239 2551 ‚
1321 2482 1665 2560 oldenburg
1721 2481 2022 2557 specimen
2083 2482 2368 2541 historiae
2428 2482 2872 2560 philosophiae;
2935 2484 3004 2541 de

393 2579 507 2635 189
521 2583 574 2640 7,
597 2571 801 2648 magni
820 2572 1107 2630 momenti
1136 2590 1243 2648 pro
1265 2571 1516 2632 historia
1536 2573 1663 2631 cul·
1719 2589 1965 2629 censura
1996 2573 2136 2646 veri,
2178 2591 2328 2647 quae
2373 2575 2466 2630 est
2495 2572 2782 2648 quaedam
2814 2572 3005 2648 logica

380 2664 550 2720 turae
583 2664 642 2720 et
660 2661 925 2721 methodi
945 2660 1300 2721 indiscendo
1322 2663 1384 2720 et
1404 2662 1662 2723 docendo
1719 2658 2066 2732 reformata3
2100 2679 2344 2721 censura
2378 2662 2447 2720 de
2460 2662 2791 2721 Aristotelis
2819 2663 3003 2738 operi-

381 2751 774 2827 regendisque
794 2751 1104 2828 discipulis
1123 2751 1187 2809 in
1206 2751 1423 2810 scholis
1444 2756 1505 2810 et
1523 2771 1660 2811 con·
1719 2749 1823 2807 bus
1877 2751 2204 2809 secundum
2264 2751 2578 2810 materiam
2626 2755 2688 2810 et
2736 2750 3001 2820 formam,

381 2840 641 2898 victibus
687 2844 939 2899 exeunte
985 2858 1096 2902 sec.
1145 2840 1264 2899 XV.
1311 2844 1374 2899 et
1417 2840 1663 2900 ineunte
1718 2837 1953 2914 aliaque
1986 2840 2332 2915 praesertim
2372 2839 2446 2898 ad
2491 2840 2693 2899 literas
2729 2840 3002 2898 humani-

382 2946 493 2990 sec.
526 2929 674 2988 XVI.
726 2929 814 2987 De
844 2931 1068 2990 ratione
1097 2931 1339 2998 dicendi,
1390 2929 1662 2989 Coloniae
1718 2945 1848 2986 ores
1879 2929 2209 3003 spectantia
2223 2931 2285 2987 et
2305 2929 2580 3004 juridica,
2613 2948 2767 3004 quae
2787 2929 3002 2987 merito

390 3028 588 3088 15373
634 3020 980 3077 introductio
1032 3020 1111 3077 ad
1159 3015 1522 3093 sapientiam.
1574 3053 1663 3064 —
1717 3017 2189 3092 praetermittere
2250 3036 2580 3094 possumus.
2672 3017 3003 3077 Fatendum

382 3107 682 3164 Mentione
714 3107 889 3164 etiam
923 3107 1105 3183 digna
1136 3113 1309 3166 sunt:
1356 3108 1445 3166 De
1476 3109 1661 3182 officio
1718 3124 1854 3163 eum
1887 3125 2028 3180 prae
2049 3107 2234 3166 nimio
2252 3106 2561 3166 literarum
2584 3107 3001 3166 humaniorum

853 3256 863 3266 ,
1199 3257 1209 3267 ,
1718 3213 1914 3252 amore
1945 3200 2283 3254 aversatum
2302 3213 2431 3255 esse
2447 3196 2857 3255 scholasticam
2877 3214 3001 3255 non

382 3324 437 3378 d.
461 3259 495 3320 ¹)
524 3255 606 3307 Cf·
635 3255 822 3325 Lange
848 3274 909 3308 ¹¹¹
935 3256 1003 3309 Κ·
1025 3255 1255 3340 §chnud
1275 3257 1662 3336 Encyklopae-
1719 3283 1912 3340 solum
1946 3284 2272 3343 secundum
2303 3303 2518 3343 naevos
2578 3285 2798 3359 quibus
2831 3303 2998 3359 prae-

422 3343 473 3379 16
500 3325 598 3378 des
624 3329 971 3396 gesammten
1003 3327 1377 3397 hrzrehungs·
1409 3329 1527 3382 und
1554 3331 1662 3382 Un-
1848 3371 1859 3382 .
2069 3372 2079 3383 .
2370 3373 2381 3385 .
2524 3328 2536 3353 '
2939 3373 2949 3384 .
2985 3372 2997 3384 .

380 3397 862 3451 terrichtswesens
904 3399 1091 3452 sothai
1117 3399 1659 3461 18731Χ,737-814;
1720 3374 1926 3429 seram
1971 3374 2198 3431 ratmne
2248 3372 2456 3431 h⁸b¹¹³²
2505 3372 2723 3432 formae
2770 3375 2830 3430 et
2875 3373 3002 3431 ³⁸¹¹

380 3467 643 3538 Kuypers
666 3469 716 3521 J.
734 3469 793 3523 L.
810 3469 873 3522 in
890 3468 1238 3538 padagogik,
1262 3469 1487 3539 Lipsiae
1505 3475 1660 3535 1897,
1718 3462 1864 3517 tunc
1894 3460 2183 3535 temporis
2229 3460 2620 3529 inficiebatur,
2668 3461 2769 3519 sed
2809 3461 3000 3536 ipsam

381 3539 483 3606 qui
510 3539 717 3620 nititur
757 3541 1006 3622 auctoris
1045 3539 1223 3595 nostri
1263 3544 1566 3610 praecepta
1605 3544 1665 3598 et
1718 3566 1841 3605 rem
1853 3541 1924 3628 ²),
1945 3546 2190 3607 maxime
2210 3549 2422 3607 {nstin
2438 3548 2999 3622 Pseudodialectioeg,

380 3613 598 3665 monita
622 3611 1012 3681 paedagogica
1028 3611 1096 3664 ad
1119 3614 1364 3679 systema
1381 3629 1660 3668 revocare.

380 3681 552 3735 Plura
578 3699 643 3735 ex
670 3683 793 3750 ejus
820 3682 1046 3752 scriptis
1086 3683 1407 3763 germanice
1444 3684 1661 3753 prodie-

379 3756 519 3807 runt
558 3753 969 3823 interpretibus
996 3754 1177 3807 Heme
1216 3754 1277 3807 in
1306 3754 1538 3809 Richter
1564 3754 1661 3809 Pa·
1799 3759 1833 3826 ¹)
1861 3752 1963 3807 Die
1990 3757 2135 3808 erste
2160 3753 2549 3808 durchdachte
2570 3754 2688 3807 und
2711 3753 2998 3808 11111νό111-

380 3824 1300 3896 dagogischeBibliothekLipsiac
1318 3830 1453 3883 1861
1469 3826 1659 3886 t.XVI;
1716 3841 1819 3896 ger
1860 3825 2125 3879 Klarheit
2167 3825 2523 3879 entwickelte
2560 3825 2796 3879 Theorie
2841 3825 2998 3880 einer

378 3895 728 3964 Wychgram
803 3897 864 3950 in
925 3896 1178 3950 Lindner
1238 3896 1660 3967 Padagogische
1717 3896 2056 3950 staatlichen
2116 3896 2524 3966 Armenpflege.
2570 3896 2670 3950 Ka
2679 3917 2716 3967 y
2734 3913 2846 3950 ser
2871 3897 2907 3951 l.
2948 3914 2998 3953 c.

378 3967 670 4022 Klassiker
732 3967 900 4022 Wien
952 3968 1071 4022 und
1123 3967 1356 4039 Leipzig
1408 3972 1447 4024 t.
1498 3969 1658 4029 XIV:
1717 3985 1776 4037 p.
1804 3972 1962 4024 1029.

379 4040 708 4107 praesertim
749 4039 1059 4108 interprete
1098 4038 1314 4107 Kayser
1352 4040 1413 4092 in
1451 4039 1661 4094 Biblio·
1791 4042 1832 4163 Ἴ
1860 4037 1983 4104 Qua
2009 4039 2078 4092 de
2094 4055 2153 4091 re
2171 4039 2541 4106 conqueritur
2556 4038 2755 4094 Melch.
2775 4038 2995 4093 Canus

378 4110 513 4162 thek
541 4111 641 4163 der
660 4111 819 4164 kath.
848 4110 1180 4180 Padagogik
1218 4109 1494 4181 Freiburg
1521 4116 1657 4168 1897
1716 4110 1787 4164 (16
1837 4109 1950 4166 ocis
1977 4107 2151 4163 theol.
2177 4110 2215 4166 1.
2243 4116 2313 4167 10
2337 4127 2381 4165 6.
2408 4115 2470 4167 9;
2503 4109 2670 4172 „Plus
2698 4110 2796 4164 ille
2820 4110 2997 4166 nimio

376 4183 416 4233 t.
443 4184 492 4236 8.
521 4183 625 4236 etc.
1714 4182 2007 4235 interdum
2048 4181 2159 4235 sibi
2202 4181 2483 4250 indulget,
2523 4181 2658 4235 dum
2698 4184 2998 4250 corruptas

451 4262 491 4308 ἱ1
520 4252 601 4305 Cf.
644 4253 709 4307 G.
751 4252 954 4322 Hoppe
1002 4252 1104 4306 Die
1151 4251 1517 4322 Psychologie
1562 4253 1660 4306 des
1715 4252 2049 4321 disciplinas
2075 4253 2453 4322 persequitur.
2494 4253 2614 4306 Nec
2639 4252 2888 4306 novitios
2914 4270 2996 4307 so-

382 4323 438 4377 L.
465 4323 516 4376 J.
544 4322 612 4377 V.
641 4324 788 4377 nach
815 4324 923 4377 den
952 4323 1156 4377 beiden
1183 4325 1372 4377 ersten
1403 4322 1659 4377 Bucheru
1715 4324 1837 4377 lum
1864 4340 2095 4388 errores,
2138 4323 2240 4392 qui
2281 4324 2372 4378 vel
2410 4324 2764 4393 irrepserunt
2798 4324 2889 4378 vel
2913 4325 2996 4379 in·

380 4413 419 4453 s,
450 4392 666 4448 Schrift
704 4395 773 4449 de
814 4394 1005 4448 anima
1031 4398 1089 4448 et
1114 4392 1252 4459 vita,
1278 4394 1473 4448 Berlin
1501 4400 1657 4453 1901.
1715 4398 2003 4457 vaserunt,
2032 4412 2354 4465 coarguere,
2395 4395 2489 4449 sed
2519 4395 2888 4462 antiquorum
2915 4412 2996 4449 re·

450 4473 490 4516 31
520 4464 709 4518 Durch
740 4465 919 4519 dieses
935 4465 1111 4526 Buch,
1130 4465 1324 4533 inquit
1340 4468 1426 4520 Fr.
1446 4466 1659 4535 Kayser
1714 4469 1880 4535 cepta.
1907 4465 2122 4536 placita
2147 4466 2466 4520 convellere
2507 4469 2711 4528 tentat,
2751 4467 2995 4521 maximo

376 4535 422 4588 K
431 4536 488 4588 L.
506 4537 801 4598 x[1‚10·26‚
827 4536 977 4590 ister
994 4553 1093 4590 vor
1109 4537 1293 4591 Allem
1310 4537 1410 4591 der
1423 4536 1658 4607 Reigen·
1715 4538 1948 4605 quidem
1975 4553 2190 4607 semper
2222 4538 2521 4591 verborum
2548 4537 2784 4602 ambitu,
2814 4539 2910 4590 sed
2940 4537 2996 4590 vi

378 4608 570 4660 siihrer
620 4609 712 4660 fiir
762 4609 855 4662 die
908 4625 1113 4664 neuere
1165 4607 1497 4678 Padagogik
1560 4609 1659 4663 der
1715 4608 2063 4676 quandoque
2079 4612 2548 4678 argumentorum
2570 4608 2822 4663 minima..
2841 4608 2999 4661 Dixit

378 4678 533 4733 kath.
562 4679 768 4733 Kirche
796 4681 1116 4748 geworden.
1163 4679 1215 4732 N
1220 4680 1326 4734 och
1353 4681 1524 4734 heute
1553 4681 1658 4734 wie
1712 4679 1810 4733 ille
1839 4679 2071 4746 quidem
2115 4681 2176 4733 in
2206 4679 2266 4733 ll.
2292 4683 2355 4734 de
2393 4686 2662 4748 corruptis
2703 4683 2997 4746 discipztnis

374 4750 591 4803 damals
634 4751 710 4804 ist
755 4751 876 4805 sein
904 4750 1063 4804 Buch
1110 4751 1352 4804 uberans
1377 4751 1656 4805 lehrreich
1714 4751 1896 4804 multa
1916 4767 2061 4814 vere,
2085 4752 2268 4804 multa
2289 4752 2605 4820 praeclare:
2631 4753 2806 4818 atque
2823 4750 2995 4802 fideu-

376 4823 466 4874 t'iir
511 4822 746 4875 Schssler
790 4823 908 4875 und
951 4822 1157 4876 Lehrer
1199 4822 1259 4874 in
1295 4822 1458 4890 jeder
1498 4822 1656 4876 Rich·
1714 4825 1801 4875 ter
1826 4822 2231 4892 pronunciavit
2269 4822 2583 4890 aliquando
2624 4824 2920 4888 tamquam
2965 4837 2994 4872 6

372 4896 536 4963 tung.
1713 4893 1978 4947 divorum
2004 4894 2245 4949 concilio
2271 4893 2656 4948 descendisset
2680 4895 2817 4946 etc.·⁴
