3475 5364
649 361 774 414 339
1187 348 1559 400 1251—1275.
1586 341 1939 412 Disciplinae
1966 342 2038 394 ad
2067 358 2137 396 ss.
2165 341 2360 395 literas
2385 343 2724 411 spectantes.
3223 351 3355 403 340

899 737 1009 837 ΙΙ.
1075 737 1644 858 Disciplinae
1709 736 1827 836 ad
1889 764 2006 838 ss,
2071 736 2400 835 literas
2464 738 3040 856 spectantes.

748 983 884 1039 182.
918 975 1163 1032 Praeter
1195 994 1238 1032 S.
1271 974 1635 1042 Thomam‚
1671 975 1774 1049 qui
1808 993 1930 1031 me·
1956 972 1960 1017 ¹
1985 978 2186 1031 tarum
2246 973 2471 1049 regula,
2534 973 2597 1029 in
2658 972 2930 1031 examine
3009 971 3124 1029 sic
3199 968 3356 1027 dien·

648 1065 763 1123 rito
795 1067 857 1122 et
887 1064 980 1121 hic
1000 1068 1090 1121 est
1110 1063 1458 1129 laudandus,
1492 1063 1604 1121 alio
1637 1044 1960 1140 gloriaturi
1989 1063 2338 1138 ,Evangelii
2371 1061 2595 1120 aeterni
2629 1057 2726 1142 (cf.
2759 1081 2817 1135 p.
2855 1058 3031 1138 257)
3052 1068 3118 1127 ‘‚
3163 1060 3241 1117 in
3262 1060 3355 1115 di-

649 1153 789 1212 ordo
824 1153 1319 1214 Praedicatorum.
1354 1153 1458 1227 qui
1489 1152 1552 1209 in
1572 1153 1784 1210 studiis
1801 1152 1930 1210 bib·
1956 1151 2321 1227 judicandis
2384 1151 2812 1213 controversiis.
2866 1168 3044 1224 quas
3111 1154 3353 1206 eontra

649 1243 774 1300 licis
806 1242 962 1300 haud
994 1242 1285 1300 incelebre
1306 1260 1520 1300 nomen
1541 1246 1634 1299 est
1652 1260 1930 1301 consecu·
1956 1222 1961 1331 i
1986 1241 2220 1299 ordines
2250 1240 2651 1298 mendicantes
2685 1239 3019 1298 suscitavit
3087 1238 3349 1297 Guilel-

647 1335 762 1389 tus.
801 1332 1016 1408 Hugo
1048 1331 1120 1389 de
1142 1331 1198 1393 S.
1232 1331 1420 1390 Caro
1453 1327 1550 1410 (de
1572 1330 1743 1389 Saint
1759 1326 1929 1411 Cher)
1956 1344 1961 1425 1.
1986 1349 2117 1388 mus
2152 1350 2186 1388 a
2218 1330 2429 1389 Sancto
2461 1331 2677 1388 Amore
2709 1325 2807 1409 (cf.
2830 1348 2885 1403 p.
2915 1328 3120 1405 309).
3166 1327 3349 1386 Obiit

650 1442 684 1478 a
727 1421 851 1479 loco
896 1421 1086 1479 natali
1134 1420 1395 1479 Viennae
1426 1420 1814 1497 Allobrogum
1847 1421 1932 1478 ita
1956 1432 1961 1489 1,
1989 1419 2146 1495 apud
2192 1418 2411 1477 Urbem
2462 1422 2724 1477 veterem
2763 1428 2859 1481 19.
2893 1418 3096 1476 Mart.
3154 1425 3340 1478 1263

646 1510 999 1585 appellatus.
1035 1510 1210 1567 etiam
1245 1509 1439 1567 dictus
1472 1529 1506 1567 a
1538 1528 1580 1566 s,
1603 1510 1929 1568 Theuderio
1957 1502 1961 1579 ἵ
1986 1504 2147 1588 (stilo
2180 1507 2366 1565 veteri
2394 1508 2767 1584 1262,juxta
2796 1507 3067 1565 Eubel
3122 1518 3149 1567 1
3174 1504 3342 1575 264)

648 1599 821 1678 (salso
841 1598 912 1655 de
934 1618 976 1656 s.
998 1593 1396 1679 Theoderico),
1431 1598 1573 1672 quia
1604 1603 1664 1656 et
1695 1600 1805 1657 hoc
1824 1617 1929 1656 no·
1957 1588 1961 1647 ‘t
1987 1598 2376 1673 sepultusque
2417 1596 2535 1654 fuit
2565 1600 2876 1672 praesente
2908 1596 3197 1654 Urbano
3232 1594 3333 1653 lv.
3444 1634 3445 1707 1

651 1707 787 1745 men
818 1688 931 1746 loci
964 1688 1090 1763 ejus
1123 1687 1354 1748 natalis.
1403 1687 1658 1747 Parisios
1692 1687 1931 1763 juvenis
1957 1682 1961 1723 ²
1986 1704 2121 1744 cum
2153 1686 2428 1745 universo
2463 1686 2854 1744 cardinalium
2888 1685 3186 1762 collegio
3210 1704 3332 1742 nu·
3444 1712 3445 1773 1

649 1777 812 1835 venit
843 1776 1208 1850 emensisque
1240 1776 1648 1852 philosophiae
1678 1798 1745 1836 ac
1764 1777 1930 1834 theo-
1957 1754 1961 1829 i
1986 1794 2331 1850 merosoque
2392 1774 2654 1834 omnium
2716 1775 2781 1832 in
2844 1775 2988 1833 aula
3042 1792 3331 1833 romana

649 1866 835 1942 logiae
868 1866 1081 1924 studiis
1122 1866 1185 1923 in
1217 1883 1381 1923 sacra
1411 1866 1693 1924 facultate
1725 1866 1931 1924 bacca·
1958 1842 1961 1877 ⁸
1986 1865 2388 1940 praelatorum
2420 1864 2823 1940 praesentium
2856 1869 3060 1922 coetu.
3140 1863 3328 1922 Inter
3444 1892 3445 1945 5

650 1955 887 2012 laureus
918 1958 1010 2013 est
1033 1954 1339 2021 admissus,
1374 1959 1505 2012 tum
1538 1960 1598 2013 et
1621 1957 1748 2030 juri
1780 1956 1930 2012 uui·
1958 1958 1961 2005 ἱ
1987 1956 2114 2029 ejus
2146 1972 2326 2030 opera
2370 1953 2593 2012 eminet
2637 1953 2697 2014 S.
2733 1951 2933 2011 Biblia
2986 1955 3323 2031 recognita

650 2063 764 2118 que
797 2062 1033 2119 operam
1065 2043 1244 2109 dedit,
1279 2044 1437 2118 quod
1470 2049 1531 2101 et
1562 2043 1794 2120 publice
1828 2043 1930 2102 do·
1957 2048 1961 2119 Ι
1987 2050 2037 2101 et
2068 2044 2370 2101 emendata
2401 2043 2435 2099 i.
2471 2062 2519 2100 e.
2552 2061 2587 2100 a
2618 2043 2983 2118 scriptorum
3002 2043 3191 2101 vitiis
3209 2061 3313 2099 ex-

650 2133 787 2191 cuit.
823 2132 1104 2191 Ordinem
1135 2151 1177 2189 S.
1205 2133 1489 2191 Dominici
1524 2137 1613 2191 est
1631 2134 1932 2210 ingressus
1958 2136 1962 2213 ι
1987 2136 2259 2209 purgata,
2311 2131 2527 2190 additis
2591 2131 2665 2190 ad
2717 2132 3060 2208 marginem
3118 2132 3316 2189 variis
3444 2158 3448 2211 Ι

653 2231 752 2284 22.
787 2222 954 2280 Febr.
1001 2231 1183 2285 1225.
1203 2226 1264 2280 et
1279 2222 1370 2279 vix
1389 2223 1680 2297 tyrocinio
1696 2241 1931 2281 emenso
1958 2218 1962 2293 i
1990 2221 2344 2280 lectionibus
2408 2221 2571 2279 codd.
2637 2238 2809 2279 mser.
2864 2220 3305 2285 hebraeorum.

652 2332 700 2369 a.
746 2319 929 2374 1227.
964 2311 1106 2385 quia
1138 2311 1211 2369 ad
1242 2311 1505 2387 regimen
1539 2316 1670 2370 erat
1700 2312 1931 2387 aptissi-
1960 2328 1961 2371 1
1988 2328 2334 2386 graecorum
2366 2313 2429 2367 et
2447 2313 2716 2368 veterum
2738 2311 3075 2368 latinorum
3094 2315 3306 2369 aetate
3445 2320 3447 2389 1

649 2418 800 2459 mus.
849 2400 1124 2457 Franciae
1165 2400 1534 2476 provincialis
1581 2405 1670 2458 est
1717 2401 1931 2459 dietus.
1960 2410 1963 2455 Ξ
1988 2400 2179 2458 Caroli
2210 2399 2284 2457 M.
2319 2399 2691 2474 scriptorum.
2756 2400 2881 2457 Hoc
2914 2416 3078 2474 opus
3111 2398 3301 2458 colla-
3444 2394 3445 2397 ’

653 2490 789 2547 Post
820 2489 1143 2547 triennium
1185 2489 1375 2547 officio
1409 2490 1643 2548 solutus
1675 2508 1833 2548 unus
1866 2510 1933 2547 ex
1960 2500 1963 2555 1
1988 2489 2340 2546 borantibus
2389 2507 2529 2546 sane
2560 2488 2859 2548 sodalibus
2893 2494 2955 2546 et
2988 2488 3069 2546 de
3101 2489 3207 2546 die
3240 2488 3301 2544 in
3442 2512 3447 2575 1

652 2579 857 2654 primis
891 2577 1021 2647 suit,
1055 2578 1161 2652 qui
1193 2598 1370 2653 super
1396 2579 1576 2637 libros
1608 2579 1934 2638 sententia·
1960 2584 1965 2651 1
1989 2577 2142 2635 diem
2176 2577 2617 2653 perficientibus
2666 2578 2753 2636 ita
2798 2584 3181 2641 accuratum,
3216 2578 3297 2634 ita
3440 2582 3445 2595 ‘

655 2688 786 2726 rum
822 2666 1052 2742 publice
1105 2668 1266 2744 legit,
1314 2668 1680 2744 expletisque
1732 2668 1932 2727 condi·
1990 2668 2252 2726 numeris
2284 2667 2561 2726 omnibus
2595 2667 2960 2736 absolutum.
2998 2671 3185 2727 tanta
3206 2686 3296 2724 sa·

653 2757 915 2815 tionibus
948 2757 1307 2826 licentiatus
1342 2762 1472 2816 tum
1494 2759 1672 2816 etiam
1703 2759 1934 2817 laurea·
1991 2757 2212 2832 pientia
2274 2757 2693 2816 concinnatum
2752 2758 3029 2833 agnoscit
3084 2759 3148 2815 R.
3206 2756 3295 2814 Si·

653 2851 754 2904 tus
786 2851 890 2903 est.
955 2846 1105 2904 Hinc
1153 2845 1227 2904 ab
1273 2847 1524 2905 Henrico
1574 2848 1935 2924 gandavensi
1962 2859 1965 2892 Ι
1990 2865 2146 2907 mon.
2211 2849 2282 2904 ut
2330 2846 2505 2921 quale
2554 2849 2645 2904 est
2693 2847 2855 2922 typis
2905 2845 3003 2904 edi
3061 2867 3130 2905 ac
3182 2846 3291 2903 sub

655 2936 727 2992 de
782 2935 976 3011 script.
1024 2936 1160 2993 eccl.
1208 2954 1253 2992 c.
1291 2947 1371 2997 40
1421 2937 1641 2994 dieitur
1685 2938 1934 3012 primus,
1962 2949 1966 2994 1
1993 2935 2154 3010 prelo
2188 2935 2397 2994 sudare
2429 2954 2462 2994 e
2493 2955 2556 2993 re
2588 2935 2879 2993 Ecclesiae
2930 2953 3068 2994 esse
3101 2936 3289 2995 fatea-
3444 2967 3447 2974 ν

656 3025 759 3098 qui
791 3043 857 3081 ex
889 3024 989 3081 illo
1024 3025 1226 3082 ordine
1248 3025 1582 3084 cathedram
1604 3026 1937 3102 theologiae
1962 3019 1967 3094 i,
1992 3028 2111 3086 tur.
2147 3025 2263 3083 imo
2295 3030 2355 3082 et
2385 3024 2707 3083 dolendum
2738 3024 2935 3090 addat,
2969 3026 3143 3099 quod
3164 3044 3286 3083 cor·
3430 2977 3445 3102 i

656 3113 1053 3190 magistralem
1118 3115 1336 3170 meruit
1399 3115 1722 3173 ascendere.
1806 3116 1937 3190 Ipse
1963 3119 1967 3192 ξ
1994 3117 2249 3172 rectores
2281 3114 2526 3183 romani,
2560 3114 2666 3189 qui
2683 3114 2870 3172 biblia
2888 3114 3150 3190 vulgata
3168 3114 3287 3172 edi·
3434 3137 3447 3188 J

655 3221 891 3277 quoque
943 3221 1099 3259 unus
1149 3222 1217 3260 ex
1269 3203 1493 3261 ultimis
1526 3204 1657 3271 fuit,
1710 3205 1810 3278 qui
1846 3206 1935 3262 usi
1964 3207 1967 3260 k
1993 3202 2229 3272 derunt,
2263 3202 2413 3261 illud
2446 3222 2564 3262 von
2595 3202 2854 3261 viderint-
2872 3203 3148 3278 alioquin
3170 3203 3283 3260 uti·
3438 3193 3439 3196 ¹

656 3292 778 3349 sint
828 3291 1116 3359 ,materia
1176 3310 1352 3367 super
1398 3293 1433 3350 1.
1483 3283 1934 3352 sententiarum.
1964 3323 1967 3342 ι
1993 3292 2286 3350 lissimum
2346 3292 2465 3350 illis
2538 3291 2827 3350 futurum.
2923 3294 3288 3351 Asservatur

655 3400 830 3454 quam
867 3381 1003 3438 fecit
1035 3382 1316 3456 magister
1350 3382 1588 3440 Petru
1608 3401 1640 3439 s
1686 3382 1936 3441 Mandu·
1996 3381 2168 3439 modo
2201 3381 2392 3439 adhuc
2425 3381 2663 3440 Parisiis
2696 3382 2986 3458 originale
3019 3383 3284 3457 ejusdem

657 3470 941 3546 cator¹).‘
976 3471 1201 3528 lterum
1236 3471 1509 3546 regimini
1544 3472 1818 3529 admotus
1851 3479 1939 3529 est
1966 3495 1967 3510 ¹
1995 3471 2307 3546 exemplar.
2372 3471 2530 3529 Haec
2590 3490 2731 3529 vero
2782 3471 3283 3546 Sanjacobeorum

656 3560 916 3634 dumque
949 3559 1269 3617 leodienses
1302 3559 1530 3618 sodales
1550 3560 1841 3620 visitaret..
1865 3562 1938 3618 ab
1966 3565 1969 3588 ²
1996 3559 2284 3617 sodalium
2318 3558 2429 3640 (ita
2453 3560 2854 3635 cognominati
2888 3579 2922 3617 a
2955 3565 3283 3618 conventus

656 3650 922 3724 episcopo
955 3649 1016 3707 in
1038 3649 1348 3707 consilium
1372 3666 1504 3706 cum
1527 3650 1657 3706 aliis
1679 3650 1939 3708 adscitus
1995 3645 2257 3726 nomine)
2306 3646 2653 3727 eorrecti01)
2699 3649 2841 3707 viris
2887 3649 3144 3708 eruditis
3179 3666 3282 3708 sec.

659 3742 764 3808 est,
800 3739 1155 3813 quibuscum
1187 3757 1407 3795 novum
1429 3740 1642 3796 festum
1668 3739 1969 3815 Corporis·
1996 3736 2150 3795 XIII.
2200 3738 2284 3796 ita
2336 3738 2553 3804 arrisit,
2607 3742 2678 3796 ut
2725 3738 3026 3797 variantes
3076 3739 3281 3797 saltem

657 3827 869 3884 Christi
904 3828 1178 3901 probavit
1220 3828 1595 3902 multumque
1629 3829 1937 3903 promovit.
1966 3821 1970 3876 i
1996 3826 2273 3885 lectiones
2306 3827 2662 3903 marginales
2695 3828 2876 3886 multi
2922 3828 3038 3886 sibi
3070 3827 3281 3886 descri-

662 3917 796 3974 Post
830 3916 1263 3974 abdicationem
1287 3934 1328 3973 s.
1350 3917 1686 3992 Raymundi
1705 3918 1939 3994 integro
1995 3915 2219 3973 bendos
2252 3916 2517 3974 curarint
2560 3916 2817 3991 hincque
2867 3915 3282 3993 depromptum

657 4022 810 4062 anno
843 4006 1180 4080 generalem
1212 4005 1432 4063 ordinis
1483 4006 1608 4082 egit
1637 4007 1940 4065 vicarium.
1997 4008 2088 4062 est
2136 4006 2363 4063 celebre
2414 4007 2835 4064 correctorium
2885 4006 3279 4072 sorbonicum,

658 4093 1036 4152 Innocentius
1070 4093 1162 4150 lV.
1199 4112 1331 4151 eum
1361 4096 1619 4169 primum
1651 4115 1718 4152 ex
1741 4096 1937 4154 Domi·
1966 4129 1971 4172 2
1996 4098 2057 4152 et
2087 4113 2121 4151 a
2154 4094 2413 4169 capitulo
2445 4094 2709 4170 generali
2729 4095 2953 4153 ordinis
2972 4095 3281 4170 parisiensi

657 4182 1000 4241 nicenorum
1081 4182 1284 4241 ordine
1360 4184 1714 4243 cardinalem
1792 4185 1941 4243 dixit
2007 4192 2167 4245 1256
2216 4183 2565 4242 mandatum
2618 4185 2817 4259 ‚quod
2868 4184 3086 4242 fratres
3128 4184 3281 4241 inni·

660 4281 759 4334 28.
795 4272 927 4346 Maj.
971 4280 1079 4333 124
1098 4282 1152 4334 4.
1189 4292 1373 4348 eoque
1406 4279 1476 4331 ut
1495 4274 1620 4332 viro
1642 4273 1939 4332 industrio
1997 4275 2204 4330 tantur
2234 4272 2326 4330 illi
2359 4273 2770 4332 correctioni‘.
2833 4272 2911 4331 Et
2942 4292 3151 4331 revera
3180 4273 3280 4330 Al-

657 4367 716 4418 et¹
765 4361 1062 4437 intrepido
1114 4360 1178 4418 in
1224 4363 1598 4437 gravioribus
1645 4363 1940 4422 Ecclesiae
1996 4363 2207 4420 bertus
2255 4362 2347 4430 M..
2396 4380 2438 4420 s.
2472 4362 2723 4420 Thomas
2768 4367 2875 4421 etc.
2923 4363 2987 4420 in
3038 4361 3280 4421 citandis

657 4451 909 4527 negotiis
931 4469 1074 4508 usus
1095 4453 1213 4519 est3
1253 4452 1384 4509 hine
1406 4472 1675 4528 magnam
1708 4457 1938 4528 partem
1998 4451 2321 4526 Scripturis
2374 4455 2712 4527 sequuntur
2759 4453 2909 4510 hanc
2957 4455 3159 4510 textus
3190 4470 3278 4508 re-

657 4540 869 4598 habuit
918 4541 979 4598 in
1033 4559 1192 4599 conc.
1244 4540 1620 4614 lugdunensi.
1686 4541 1940 4616 Operam
1998 4541 2345 4599 censionem.
2414 4573 2484 4582 -
2561 4540 2743 4598 Aliud
2819 4559 2972 4617 opus
3036 4556 3278 4616 magnae

657 4649 822 4687 suam
857 4630 1114 4689 contulit
1157 4631 1220 4687 in
1261 4631 1631 4688 reformanda
1663 4631 1939 4689 Carmeli·
1967 4669 1970 4702 ὀ
1998 4627 2276 4688 utilitatis
2327 4633 2418 4688 est
2452 4630 2580 4705 ejus
2626 4648 2934 4689 sacrorum
2981 4630 3275 4688 bibliorum

1967 4749 2099 4780 1„-

737 4847 768 4896 ῑι
801 4838 882 4892 Cf.
913 4836 1130 4890 Denifle
1159 4836 1573 4890 chartularium
1591 4836 1748 4889 univ.
1770 4838 1939 4907 paris.
1966 4821 1970 4866 ¹
2076 4841 2112 4892 ¹⁸}
2142 4837 2226 4888 Cf.
2254 4834 2533 4903 quaedam
2579 4852 2644 4888 ex
2692 4850 2758 4890 eo
2800 4834 2956 4888 edita
2995 4852 3029 4887 a
3069 4830 3273 4886 Denisse

658 4911 693 4965 Ι.
727 4915 827 4965 158
848 4914 1041 4962 annot.
1073 4915 1118 4967 1.
1998 4907 2202 4960 Archiv
2229 4912 2280 4970 4,
2308 4910 2573 4964 546—52.
