<?xml version="1.0" encoding="UTF-8"?>
<!DOCTYPE html PUBLIC "-//W3C//DTD XHTML 1.0 Transitional//EN"
    "http://www.w3.org/TR/xhtml1/DTD/xhtml1-transitional.dtd">
<html xmlns="http://www.w3.org/1999/xhtml" xml:lang="en" lang="en">
 <head>
  <title>
</title>
<meta http-equiv="Content-Type" content="text/html;charset=utf-8" />
  <meta name='ocr-system' content='tesseract 3.04.00' />
  <meta name='ocr-capabilities' content='ocr_page ocr_carea ocr_par ocr_line ocrx_word'/>
</head>
<body>
  <div class='ocr_page' id='page_1' title='image "./nomenclatorlite10hurtgoog_0058.png"; bbox 0 0 3475 5364; ppageno 0'>
   <div class='ocr_carea' id='block_1_1' title="bbox 640 342 3271 455">
    <p class='ocr_par' dir='ltr' id='par_1_1' title="bbox 640 342 3271 455">
     <span class='ocr_line' id='line_1_1' title="bbox 640 342 3271 455; baseline -0.003 -15"><span class='ocrx_word' id='word_1_1' title='bbox 640 405 717 455; x_wconf 62' lang='lat'><strong>91</strong></span> <span class='ocrx_word' id='word_1_2' title='bbox 1002 342 1007 346; x_wconf 33' lang='lat'>⁴</span> <span class='ocrx_word' id='word_1_3' title='bbox 1191 385 1561 438; x_wconf 74' lang='lat'>1142—1170.</span> <span class='ocrx_word' id='word_1_4' title='bbox 1590 379 1904 451; x_wconf 78' lang='lat' dir='ltr'><strong>Theologia</strong></span> <span class='ocrx_word' id='word_1_5' title='bbox 1928 379 2266 450; x_wconf 75' lang='lat' dir='ltr'><strong>dogmatica.</strong></span> <span class='ocrx_word' id='word_1_6' title='bbox 2296 379 2350 433; x_wconf 79' lang='lat' dir='ltr'><strong>s,</strong></span> <span class='ocrx_word' id='word_1_7' title='bbox 2379 378 2717 443; x_wconf 81' lang='lat' dir='ltr'><strong>Bernardus,</strong></span> <span class='ocrx_word' id='word_1_8' title='bbox 3178 395 3271 449; x_wconf 79' lang='lat'><strong>92</strong></span> 
     </span>
    </p>
   </div>
   <div class='ocr_carea' id='block_1_2' title="bbox 640 563 3271 4222">
    <p class='ocr_par' dir='ltr' id='par_1_2' title="bbox 640 563 3271 3579">
     <span class='ocr_line' id='line_1_2' title="bbox 653 563 3271 643; baseline -0.001 -18"><span class='ocrx_word' id='word_1_9' title='bbox 653 579 837 633; x_wconf 61' lang='lat'><strong>1888,</strong></span> <span class='ocrx_word' id='word_1_10' title='bbox 869 568 937 625; x_wconf 87' lang='lat' dir='ltr'><strong>In</strong></span> <span class='ocrx_word' id='word_1_11' title='bbox 972 566 1062 625; x_wconf 89' lang='lat' dir='ltr'><strong>his</strong></span> <span class='ocrx_word' id='word_1_12' title='bbox 1096 571 1356 625; x_wconf 89' lang='lat' dir='ltr'><strong>nontam</strong></span> <span class='ocrx_word' id='word_1_13' title='bbox 1377 563 1743 643; x_wconf 76' lang='lat' dir='ltr'><strong>exegetam1)</strong></span> <span class='ocrx_word' id='word_1_14' title='bbox 1776 563 1919 641; x_wconf 62' lang='lat' dir='ltr'><strong>agit,</strong></span> <span class='ocrx_word' id='word_1_15' title='bbox 1975 564 2152 622; x_wconf 88' lang='lat' dir='ltr'><strong>mello</strong></span> <span class='ocrx_word' id='word_1_16' title='bbox 2185 564 2399 639; x_wconf 90' lang='lat' dir='ltr'><strong>oppido</strong></span> <span class='ocrx_word' id='word_1_17' title='bbox 2445 583 2629 640; x_wconf 89' lang='lat' dir='ltr'><strong>prope</strong></span> <span class='ocrx_word' id='word_1_18' title='bbox 2661 563 2955 624; x_wconf 81' lang='lat' dir='ltr'><strong>Novaram</strong></span> <span class='ocrx_word' id='word_1_19' title='bbox 3008 563 3271 624; x_wconf 88' lang='lat' dir='ltr'><strong>ditionis</strong></span> 
     </span>
     <span class='ocr_line' id='line_1_3' title="bbox 644 652 3270 733; baseline -0.002 -17"><span class='ocrx_word' id='word_1_20' title='bbox 644 677 823 733; x_wconf 85' lang='lat' dir='ltr'><strong>quam</strong></span> <span class='ocrx_word' id='word_1_21' title='bbox 886 656 1186 716; x_wconf 86' lang='lat' dir='ltr'><strong>doctorem</strong></span> <span class='ocrx_word' id='word_1_22' title='bbox 1236 654 1569 732; x_wconf 80' lang='lat' dir='ltr'>theologiae</span> <span class='ocrx_word' id='word_1_23' title='bbox 1618 653 1918 730; x_wconf 74' lang='lat' dir='ltr'><strong>mysticae.</strong></span> <span class='ocrx_word' id='word_1_24' title='bbox 1974 657 2121 712; x_wconf 87' lang='lat' dir='ltr'><strong>tunc</strong></span> <span class='ocrx_word' id='word_1_25' title='bbox 2151 652 2547 712; x_wconf 87' lang='lat' dir='ltr'><strong>lombardicae</strong></span> <span class='ocrx_word' id='word_1_26' title='bbox 2568 654 2721 712; x_wconf 80' lang='lat' dir='ltr'><strong>forte</strong></span> <span class='ocrx_word' id='word_1_27' title='bbox 2742 653 2990 713; x_wconf 87' lang='lat' dir='ltr'><strong>ineunte</strong></span> <span class='ocrx_word' id='word_1_28' title='bbox 3023 654 3135 713; x_wconf 88' lang='lat' dir='ltr'><strong>hoc</strong></span> <span class='ocrx_word' id='word_1_29' title='bbox 3166 672 3270 712; x_wconf 85' lang='lat' dir='ltr'><strong>se·</strong></span> 
     </span>
     <span class='ocr_line' id='line_1_4' title="bbox 642 742 3271 821; baseline -0.002 -16"><span class='ocrx_word' id='word_1_30' title='bbox 642 748 1038 821; x_wconf 80' lang='lat' dir='ltr'><strong>Quaecunque</strong></span> <span class='ocrx_word' id='word_1_31' title='bbox 1087 744 1245 803; x_wconf 90' lang='lat' dir='ltr'><strong>enim</strong></span> <span class='ocrx_word' id='word_1_32' title='bbox 1287 744 1358 802; x_wconf 90' lang='lat' dir='ltr'><strong>de</strong></span> <span class='ocrx_word' id='word_1_33' title='bbox 1390 743 1553 803; x_wconf 84' lang='lat' dir='ltr'><strong>vitiis</strong></span> <span class='ocrx_word' id='word_1_34' title='bbox 1585 746 1646 801; x_wconf 92' lang='lat' dir='ltr'><strong>et</strong></span> <span class='ocrx_word' id='word_1_35' title='bbox 1676 742 1917 801; x_wconf 82' lang='lat' dir='ltr'><strong>virtuti·</strong></span> <span class='ocrx_word' id='word_1_36' title='bbox 1974 743 2107 801; x_wconf 91' lang='lat' dir='ltr'><strong>culo</strong></span> <span class='ocrx_word' id='word_1_37' title='bbox 2167 745 2346 800; x_wconf 73' lang='lat' dir='ltr'><strong>natus</strong></span> <span class='ocrx_word' id='word_1_38' title='bbox 2406 746 2512 812; x_wconf 87' lang='lat' dir='ltr'><strong>est,</strong></span> <span class='ocrx_word' id='word_1_39' title='bbox 2576 760 2754 819; x_wconf 87' lang='lat' dir='ltr'><strong>quem</strong></span> <span class='ocrx_word' id='word_1_40' title='bbox 2817 759 3025 802; x_wconf 88' lang='lat' dir='ltr'><strong>omnes</strong></span> <span class='ocrx_word' id='word_1_41' title='bbox 3079 742 3271 801; x_wconf 88' lang='lat' dir='ltr'><strong>titulo</strong></span> 
     </span>
     <span class='ocr_line' id='line_1_5' title="bbox 645 830 3271 910; baseline -0.001 -17"><span class='ocrx_word' id='word_1_42' title='bbox 645 837 761 894; x_wconf 86' lang='lat' dir='ltr'><strong>bus</strong></span> <span class='ocrx_word' id='word_1_43' title='bbox 813 835 1003 910; x_wconf 84' lang='lat' dir='ltr'><strong>deque</strong></span> <span class='ocrx_word' id='word_1_44' title='bbox 1053 837 1182 893; x_wconf 90' lang='lat' dir='ltr'><strong>tota</strong></span> <span class='ocrx_word' id='word_1_45' title='bbox 1242 833 1367 891; x_wconf 82' lang='lat' dir='ltr'><strong>vita</strong></span> <span class='ocrx_word' id='word_1_46' title='bbox 1426 831 1727 908; x_wconf 76' lang='lat' dir='ltr'><strong>spirituali</strong></span> <span class='ocrx_word' id='word_1_47' title='bbox 1778 830 1922 890; x_wconf 92' lang='lat' dir='ltr'><strong>alibi</strong></span> <span class='ocrx_word' id='word_1_48' title='bbox 1977 830 2249 910; x_wconf 69' lang='lat' dir='ltr'><strong>Maqistri</strong></span> <span class='ocrx_word' id='word_1_49' title='bbox 2276 834 2690 890; x_wconf 70' lang='lat' dir='ltr'><strong>sentemiarum</strong></span> <span class='ocrx_word' id='word_1_50' title='bbox 2720 831 3002 890; x_wconf 85' lang='lat' dir='ltr'><strong>salutant.</strong></span> <span class='ocrx_word' id='word_1_51' title='bbox 3048 832 3110 890; x_wconf 89' lang='lat' dir='ltr'><strong>Is</strong></span> <span class='ocrx_word' id='word_1_52' title='bbox 3140 832 3271 908; x_wconf 86' lang='lat' dir='ltr'><strong>pri-</strong></span> 
     </span>
     <span class='ocr_line' id='line_1_6' title="bbox 640 920 3268 1001; baseline -0.002 -18"><span class='ocrx_word' id='word_1_53' title='bbox 640 925 910 1001; x_wconf 83' lang='lat' dir='ltr'><strong>dispersa</strong></span> <span class='ocrx_word' id='word_1_54' title='bbox 927 926 1086 994; x_wconf 88' lang='lat' dir='ltr'><strong>sunt,</strong></span> <span class='ocrx_word' id='word_1_55' title='bbox 1100 922 1504 981; x_wconf 89' lang='lat' dir='ltr'><strong>haecsolidius</strong></span> <span class='ocrx_word' id='word_1_56' title='bbox 1524 924 1584 980; x_wconf 90' lang='lat' dir='ltr'><strong>et</strong></span> <span class='ocrx_word' id='word_1_57' title='bbox 1604 920 1921 980; x_wconf 83' lang='lat' dir='ltr'><strong>sublimius</strong></span> <span class='ocrx_word' id='word_1_58' title='bbox 1975 939 2140 979; x_wconf 91' lang='lat' dir='ltr'><strong>mum</strong></span> <span class='ocrx_word' id='word_1_59' title='bbox 2188 920 2490 980; x_wconf 81' lang='lat' dir='ltr'><strong>Bononiae</strong></span> <span class='ocrx_word' id='word_1_60' title='bbox 2534 920 2758 980; x_wconf 89' lang='lat' dir='ltr'><strong>studiis</strong></span> <span class='ocrx_word' id='word_1_61' title='bbox 2793 939 3029 997; x_wconf 81' lang='lat' dir='ltr'><strong>operam</strong></span> <span class='ocrx_word' id='word_1_62' title='bbox 3076 920 3268 990; x_wconf 80' lang='lat' dir='ltr'><strong>dedit,</strong></span> 
     </span>
     <span class='ocr_line' id='line_1_7' title="bbox 644 1009 3266 1090; baseline -0.001 -19"><span class='ocrx_word' id='word_1_63' title='bbox 644 1017 969 1090; x_wconf 86' lang='lat' dir='ltr'><strong>pertractat</strong></span> <span class='ocrx_word' id='word_1_64' title='bbox 999 1015 1061 1071; x_wconf 91' lang='lat' dir='ltr'><strong>et</strong></span> <span class='ocrx_word' id='word_1_65' title='bbox 1089 1031 1157 1070; x_wconf 85' lang='lat' dir='ltr'><strong>ex</strong></span> <span class='ocrx_word' id='word_1_66' title='bbox 1190 1012 1574 1089; x_wconf 82' lang='lat' dir='ltr'><strong>mysticarum</strong></span> <span class='ocrx_word' id='word_1_67' title='bbox 1608 1009 1916 1086; x_wconf 87' lang='lat' dir='ltr'><strong>allegoria·</strong></span> <span class='ocrx_word' id='word_1_68' title='bbox 1975 1012 2104 1068; x_wconf 90' lang='lat' dir='ltr'><strong>tum</strong></span> <span class='ocrx_word' id='word_1_69' title='bbox 2121 1028 2319 1068; x_wconf 88' lang='lat' dir='ltr'><strong>amore</strong></span> <span class='ocrx_word' id='word_1_70' title='bbox 2335 1009 2600 1069; x_wconf 87' lang='lat' dir='ltr'><strong>discendi</strong></span> <span class='ocrx_word' id='word_1_71' title='bbox 2616 1009 2897 1069; x_wconf 89' lang='lat' dir='ltr'><strong>incensus</strong></span> <span class='ocrx_word' id='word_1_72' title='bbox 2922 1009 2989 1068; x_wconf 87' lang='lat' dir='ltr'><strong>in</strong></span> <span class='ocrx_word' id='word_1_73' title='bbox 3005 1009 3266 1068; x_wconf 83' lang='lat' dir='ltr'><strong>Galliam</strong></span> 
     </span>
     <span class='ocr_line' id='line_1_8' title="bbox 641 1094 3267 1180; baseline -0.002 -19"><span class='ocrx_word' id='word_1_74' title='bbox 641 1122 780 1161; x_wconf 91' lang='lat' dir='ltr'><strong>rum</strong></span> <span class='ocrx_word' id='word_1_75' title='bbox 826 1100 1151 1160; x_wconf 83' lang='lat' dir='ltr'><strong>involucris</strong></span> <span class='ocrx_word' id='word_1_76' title='bbox 1197 1119 1263 1158; x_wconf 87' lang='lat' dir='ltr'><strong>ac</strong></span> <span class='ocrx_word' id='word_1_77' title='bbox 1309 1099 1512 1177; x_wconf 86' lang='lat' dir='ltr'><strong>figuris</strong></span> <span class='ocrx_word' id='word_1_78' title='bbox 1558 1100 1745 1158; x_wconf 86' lang='lat' dir='ltr'><strong>totius</strong></span> <span class='ocrx_word' id='word_1_79' title='bbox 1788 1116 1921 1174; x_wconf 87' lang='lat' dir='ltr'><strong>per·</strong></span> <span class='ocrx_word' id='word_1_80' title='bbox 1976 1098 2146 1157; x_wconf 61' lang='lat' dir='ltr'><strong>xenit</strong></span> <span class='ocrx_word' id='word_1_81' title='bbox 2193 1098 2457 1174; x_wconf 75' lang='lat' dir='ltr'><strong>episcopi</strong></span> <span class='ocrx_word' id='word_1_82' title='bbox 2506 1097 2768 1157; x_wconf 87' lang='lat' dir='ltr'><strong>lucensis</strong></span> <span class='ocrx_word' id='word_1_83' title='bbox 2829 1098 3021 1157; x_wconf 88' lang='lat' dir='ltr'><strong>literis</strong></span> <span class='ocrx_word' id='word_1_84' title='bbox 3074 1094 3267 1180; x_wconf 84' lang='grc'><strong>(160)</strong></span> 
     </span>
     <span class='ocr_line' id='line_1_9' title="bbox 641 1186 3269 1262; baseline -0.002 -12"><span class='ocrx_word' id='word_1_85' title='bbox 641 1191 917 1250; x_wconf 86' lang='lat' dir='ltr'><strong>fectionis</strong></span> <span class='ocrx_word' id='word_1_86' title='bbox 947 1190 1108 1249; x_wconf 89' lang='lat' dir='ltr'><strong>eruit</strong></span> <span class='ocrx_word' id='word_1_87' title='bbox 1137 1209 1364 1248; x_wconf 89' lang='lat' dir='ltr'><strong>arcana.</strong></span> <span class='ocrx_word' id='word_1_88' title='bbox 1396 1189 1517 1247; x_wconf 89' lang='lat' dir='ltr'><strong>Hos</strong></span> <span class='ocrx_word' id='word_1_89' title='bbox 1550 1186 1924 1247; x_wconf 67' lang='lat' dir='ltr'><strong>continuavit</strong></span> <span class='ocrx_word' id='word_1_90' title='bbox 1979 1206 2024 1245; x_wconf 91' lang='lat' dir='ltr'><strong>s.</strong></span> <span class='ocrx_word' id='word_1_91' title='bbox 2056 1188 2358 1247; x_wconf 86' lang='lat' dir='ltr'><strong>Bernardo</strong></span> <span class='ocrx_word' id='word_1_92' title='bbox 2390 1187 2867 1246; x_wconf 87' lang='lat' dir='ltr'><strong>commendatus:</strong></span> <span class='ocrx_word' id='word_1_93' title='bbox 2919 1186 3023 1262; x_wconf 91' lang='lat' dir='ltr'><strong>qui</strong></span> <span class='ocrx_word' id='word_1_94' title='bbox 3055 1187 3269 1262; x_wconf 83' lang='lat' dir='ltr'><strong>ipsum</strong></span> 
     </span>
     <span class='ocr_line' id='line_1_10' title="bbox 645 1271 3266 1358; baseline -0.002 -19"><span class='ocrx_word' id='word_1_95' title='bbox 645 1281 719 1339; x_wconf 90' lang='lat' dir='ltr'><strong>ad</strong></span> <span class='ocrx_word' id='word_1_96' title='bbox 740 1292 793 1350; x_wconf 87' lang='lat'><strong>5,</strong></span> <span class='ocrx_word' id='word_1_97' title='bbox 821 1292 895 1343; x_wconf 83' lang='lat'><strong>10</strong></span> <span class='ocrx_word' id='word_1_98' title='bbox 921 1279 1331 1338; x_wconf 87' lang='lat' dir='ltr'><strong>Gilbertus</strong></span> <span class='ocrx_word' id='word_1_99' title='bbox 1363 1275 1769 1358; x_wconf 86' lang='lat' dir='ltr'><strong>(Gillebertus,</strong></span> <span class='ocrx_word' id='word_1_100' title='bbox 1792 1276 1922 1334; x_wconf 85' lang='lat' dir='ltr'><strong>Gis·</strong></span> <span class='ocrx_word' id='word_1_101' title='bbox 1981 1271 2098 1358; x_wconf 87' lang='lat' dir='ltr'><strong>(ep.</strong></span> <span class='ocrx_word' id='word_1_102' title='bbox 2163 1271 2319 1358; x_wconf 80' lang='lat'>410)</span> <span class='ocrx_word' id='word_1_103' title='bbox 2385 1276 2819 1335; x_wconf 85' lang='lat' dir='ltr'><strong>commendavit</strong></span> <span class='ocrx_word' id='word_1_104' title='bbox 2879 1275 3166 1335; x_wconf 83' lang='lat' dir='ltr'><strong>Gilduino</strong></span> <span class='ocrx_word' id='word_1_105' title='bbox 3216 1295 3266 1335; x_wconf 90' lang='grc'><strong>8.</strong></span> 
     </span>
     <span class='ocr_line' id='line_1_11' title="bbox 645 1364 3265 1450; baseline -0.002 -23"><span class='ocrx_word' id='word_1_106' title='bbox 645 1364 955 1450; x_wconf 86' lang='lat' dir='ltr'><strong>lebertus),</strong></span> <span class='ocrx_word' id='word_1_107' title='bbox 988 1368 1237 1445; x_wconf 77' lang='lat' dir='ltr'><strong>AngluS,</strong></span> <span class='ocrx_word' id='word_1_108' title='bbox 1271 1386 1313 1426; x_wconf 78' lang='lat' dir='ltr'><strong>a.</strong></span> <span class='ocrx_word' id='word_1_109' title='bbox 1344 1366 1630 1426; x_wconf 87' lang='lat' dir='ltr'><strong>Bernardi</strong></span> <span class='ocrx_word' id='word_1_110' title='bbox 1663 1364 1922 1439; x_wconf 87' lang='lat' dir='ltr'><strong>discipu·</strong></span> <span class='ocrx_word' id='word_1_111' title='bbox 1981 1364 2232 1425; x_wconf 80' lang='lat' dir='ltr'><strong>Victoris</strong></span> <span class='ocrx_word' id='word_1_112' title='bbox 2265 1364 2486 1425; x_wconf 89' lang='lat' dir='ltr'><strong>abbati.</strong></span> <span class='ocrx_word' id='word_1_113' title='bbox 2519 1365 2776 1424; x_wconf 85' lang='lat' dir='ltr'><strong>Tantum</strong></span> <span class='ocrx_word' id='word_1_114' title='bbox 2811 1365 3065 1442; x_wconf 82' lang='lat' dir='ltr'><strong>profecit</strong></span> <span class='ocrx_word' id='word_1_115' title='bbox 3097 1366 3265 1423; x_wconf 88' lang='lat' dir='ltr'><strong>Pari-</strong></span> 
     </span>
     <span class='ocr_line' id='line_1_12' title="bbox 644 1453 3263 1539; baseline -0.002 -22"><span class='ocrx_word' id='word_1_116' title='bbox 644 1454 829 1539; x_wconf 76' lang='lat' dir='ltr'><strong>1us2),</strong></span> <span class='ocrx_word' id='word_1_117' title='bbox 893 1460 1094 1533; x_wconf 88' lang='lat' dir='ltr'><strong>postea</strong></span> <span class='ocrx_word' id='word_1_118' title='bbox 1158 1456 1339 1515; x_wconf 87' lang='lat' dir='ltr'><strong>abbas</strong></span> <span class='ocrx_word' id='word_1_119' title='bbox 1391 1454 1801 1514; x_wconf 80' lang='lat' dir='ltr'><strong>swinhetensis</strong></span> <span class='ocrx_word' id='word_1_120' title='bbox 1859 1453 1926 1510; x_wconf 84' lang='lat' dir='ltr'><strong>iu</strong></span> <span class='ocrx_word' id='word_1_121' title='bbox 1981 1454 2103 1526; x_wconf 87' lang='lat' dir='ltr'><strong>siis,</strong></span> <span class='ocrx_word' id='word_1_122' title='bbox 2138 1454 2245 1513; x_wconf 89' lang='lat' dir='ltr'><strong>ubi</strong></span> <span class='ocrx_word' id='word_1_123' title='bbox 2273 1453 2643 1530; x_wconf 86' lang='lat' dir='ltr'><strong>aliquamdiu</strong></span> <span class='ocrx_word' id='word_1_124' title='bbox 2675 1455 2793 1512; x_wconf 61' lang='lat' dir='ltr'><strong>fuit</strong></span> <span class='ocrx_word' id='word_1_125' title='bbox 2812 1453 3129 1513; x_wconf 85' lang='lat' dir='ltr'><strong>Abaelardi</strong></span> <span class='ocrx_word' id='word_1_126' title='bbox 3149 1473 3263 1513; x_wconf 89' lang='lat' dir='ltr'><strong>au·</strong></span> 
     </span>
     <span class='ocr_line' id='line_1_13' title="bbox 650 1539 3258 1625; baseline -0.002 -19"><span class='ocrx_word' id='word_1_127' title='bbox 650 1548 876 1606; x_wconf 84' lang='lat' dir='ltr'><strong>Scotiae</strong></span> <span class='ocrx_word' id='word_1_128' title='bbox 896 1546 1097 1605; x_wconf 87' lang='lat' dir='ltr'><strong>insula</strong></span> <span class='ocrx_word' id='word_1_129' title='bbox 1115 1545 1426 1604; x_wconf 88' lang='lat' dir='ltr'><strong>Hoilandia</strong></span> <span class='ocrx_word' id='word_1_130' title='bbox 1446 1540 1508 1625; x_wconf 85' lang='lat'><strong>(†</strong></span> <span class='ocrx_word' id='word_1_131' title='bbox 1538 1554 1653 1606; x_wconf 81' lang='lat'><strong>117</strong></span> <span class='ocrx_word' id='word_1_132' title='bbox 1666 1539 1749 1623; x_wconf 84' lang='lat'><strong>2).</strong></span> <span class='ocrx_word' id='word_1_133' title='bbox 1783 1542 1926 1617; x_wconf 88' lang='lat' dir='ltr'><strong>Ejus</strong></span> <span class='ocrx_word' id='word_1_134' title='bbox 1980 1542 2155 1614; x_wconf 88' lang='lat' dir='ltr'><strong>ditor,</strong></span> <span class='ocrx_word' id='word_1_135' title='bbox 2202 1546 2272 1601; x_wconf 89' lang='lat' dir='ltr'><strong>ut</strong></span> <span class='ocrx_word' id='word_1_136' title='bbox 2319 1562 2439 1602; x_wconf 89' lang='lat' dir='ltr'><strong>non</strong></span> <span class='ocrx_word' id='word_1_137' title='bbox 2486 1543 2680 1603; x_wconf 90' lang='lat' dir='ltr'><strong>solum</strong></span> <span class='ocrx_word' id='word_1_138' title='bbox 2724 1543 2808 1601; x_wconf 88' lang='lat' dir='ltr'><strong>ibi</strong></span> <span class='ocrx_word' id='word_1_139' title='bbox 2843 1543 3258 1618; x_wconf 83' lang='lat' dir='ltr'><strong>permanserit,</strong></span> 
     </span>
     <span class='ocr_line' id='line_1_14' title="bbox 642 1632 3257 1709; baseline -0.002 -14"><span class='ocrx_word' id='word_1_140' title='bbox 642 1655 932 1695; x_wconf 80' lang='lat' dir='ltr'><strong>sermones</strong></span> <span class='ocrx_word' id='word_1_141' title='bbox 976 1634 1143 1693; x_wconf 83' lang='lat' dir='ltr'><strong>valde</strong></span> <span class='ocrx_word' id='word_1_142' title='bbox 1188 1634 1546 1709; x_wconf 83' lang='lat' dir='ltr'><strong>spirituales,</strong></span> <span class='ocrx_word' id='word_1_143' title='bbox 1593 1632 1694 1691; x_wconf 89' lang='lat' dir='ltr'><strong>sed</strong></span> <span class='ocrx_word' id='word_1_144' title='bbox 1725 1635 1925 1689; x_wconf 87' lang='lat' dir='ltr'><strong>tamen</strong></span> <span class='ocrx_word' id='word_1_145' title='bbox 1981 1632 2085 1691; x_wconf 88' lang='lat' dir='ltr'><strong>sed</strong></span> <span class='ocrx_word' id='word_1_146' title='bbox 2135 1636 2195 1690; x_wconf 92' lang='lat' dir='ltr'><strong>et</strong></span> <span class='ocrx_word' id='word_1_147' title='bbox 2243 1632 2491 1691; x_wconf 87' lang='lat' dir='ltr'><strong>docendi</strong></span> <span class='ocrx_word' id='word_1_148' title='bbox 2540 1632 2951 1709; x_wconf 88' lang='lat' dir='ltr'><strong>magisterium</strong></span> <span class='ocrx_word' id='word_1_149' title='bbox 3018 1632 3257 1702; x_wconf 87' lang='lat' dir='ltr'><strong>obierit,</strong></span> 
     </span>
     <span class='ocr_line' id='line_1_15' title="bbox 648 1721 3265 1796; baseline -0.002 -13"><span class='ocrx_word' id='word_1_150' title='bbox 648 1724 1018 1783; x_wconf 79' lang='lat' dir='ltr'><strong>sermonibus</strong></span> <span class='ocrx_word' id='word_1_151' title='bbox 1067 1740 1112 1785; x_wconf 90' lang='lat' dir='ltr'><strong>s.</strong></span> <span class='ocrx_word' id='word_1_152' title='bbox 1133 1723 1403 1781; x_wconf 85' lang='lat' dir='ltr'><strong>doctoris</strong></span> <span class='ocrx_word' id='word_1_153' title='bbox 1447 1721 1757 1780; x_wconf 84' lang='lat' dir='ltr'><strong>inferiores</strong></span> <span class='ocrx_word' id='word_1_154' title='bbox 1786 1738 1923 1795; x_wconf 89' lang='lat' dir='ltr'><strong>pro·</strong></span> <span class='ocrx_word' id='word_1_155' title='bbox 1979 1739 2098 1796; x_wconf 90' lang='lat' dir='ltr'><strong>quo</strong></span> <span class='ocrx_word' id='word_1_156' title='bbox 2162 1722 2222 1779; x_wconf 90' lang='lat' dir='ltr'><strong>in</strong></span> <span class='ocrx_word' id='word_1_157' title='bbox 2285 1739 2530 1780; x_wconf 89' lang='lat' dir='ltr'><strong>munere</strong></span> <span class='ocrx_word' id='word_1_158' title='bbox 2605 1721 2864 1780; x_wconf 88' lang='lat' dir='ltr'><strong>multum</strong></span> <span class='ocrx_word' id='word_1_159' title='bbox 2933 1721 3265 1796; x_wconf 76' lang='lat' dir='ltr'><strong>insumpsit</strong></span> 
     </span>
     <span class='ocr_line' id='line_1_16' title="bbox 648 1809 3263 1889; baseline -0.001 -18"><span class='ocrx_word' id='word_1_160' title='bbox 648 1815 891 1873; x_wconf 86' lang='lat' dir='ltr'><strong>dierunt</strong></span> <span class='ocrx_word' id='word_1_161' title='bbox 942 1812 1322 1889; x_wconf 84' lang='lat' dir='ltr'><strong>Argentorati</strong></span> <span class='ocrx_word' id='word_1_162' title='bbox 1365 1822 1559 1875; x_wconf 82' lang='lat'>1497:</span> <span class='ocrx_word' id='word_1_163' title='bbox 1591 1809 1925 1869; x_wconf 81' lang='lat' dir='ltr'><strong>Florentiae</strong></span> <span class='ocrx_word' id='word_1_164' title='bbox 1980 1813 2217 1885; x_wconf 88' lang='lat' dir='ltr'><strong>tempus</strong></span> <span class='ocrx_word' id='word_1_165' title='bbox 2263 1828 2656 1887; x_wconf 88' lang='lat' dir='ltr'><strong>magnamque</strong></span> <span class='ocrx_word' id='word_1_166' title='bbox 2698 1809 2975 1869; x_wconf 82' lang='lat' dir='ltr'><strong>scientiae</strong></span> <span class='ocrx_word' id='word_1_167' title='bbox 3022 1809 3263 1869; x_wconf 86' lang='lat' dir='ltr'><strong>laudem</strong></span> 
     </span>
     <span class='ocr_line' id='line_1_17' title="bbox 656 1897 3257 1979; baseline -0.002 -13"><span class='ocrx_word' id='word_1_168' title='bbox 656 1912 855 1979; x_wconf 80' lang='lat'>14853</span> <span class='ocrx_word' id='word_1_169' title='bbox 908 1921 1042 1960; x_wconf 87' lang='lat' dir='ltr'><strong>cum</strong></span> <span class='ocrx_word' id='word_1_170' title='bbox 1088 1899 1441 1976; x_wconf 89' lang='lat' dir='ltr'><strong>quibusdam</strong></span> <span class='ocrx_word' id='word_1_171' title='bbox 1486 1899 1618 1958; x_wconf 85' lang='lat' dir='ltr'><strong>aliis</strong></span> <span class='ocrx_word' id='word_1_172' title='bbox 1658 1897 1926 1974; x_wconf 88' lang='lat' dir='ltr'><strong>ejusdem</strong></span> <span class='ocrx_word' id='word_1_173' title='bbox 1980 1902 2074 1957; x_wconf 91' lang='lat' dir='ltr'><strong>est</strong></span> <span class='ocrx_word' id='word_1_174' title='bbox 2122 1903 2496 1962; x_wconf 86' lang='lat' dir='ltr'><strong>consecutus.</strong></span> <span class='ocrx_word' id='word_1_175' title='bbox 2558 1899 2798 1957; x_wconf 80' lang='lat' dir='ltr'><strong>Electus</strong></span> <span class='ocrx_word' id='word_1_176' title='bbox 2849 1901 2941 1958; x_wconf 86' lang='lat' dir='ltr'><strong>est</strong></span> <span class='ocrx_word' id='word_1_177' title='bbox 2987 1918 3037 1961; x_wconf 90' lang='lat' dir='ltr'><strong>a.</strong></span> <span class='ocrx_word' id='word_1_178' title='bbox 3095 1908 3257 1963; x_wconf 82' lang='grc'><strong>1159</strong></span> 
     </span>
     <span class='ocr_line' id='line_1_18' title="bbox 642 1982 3261 2069; baseline -0.003 -15"><span class='ocrx_word' id='word_1_179' title='bbox 642 1992 953 2067; x_wconf 83' lang='lat' dir='ltr'><strong>opusculis</strong></span> <span class='ocrx_word' id='word_1_180' title='bbox 998 1990 1260 2049; x_wconf 78' lang='lat' dir='ltr'><strong>asceticis</strong></span> <span class='ocrx_word' id='word_1_181' title='bbox 1310 1989 1372 2048; x_wconf 87' lang='lat' dir='ltr'><strong>in</strong></span> <span class='ocrx_word' id='word_1_182' title='bbox 1407 2008 1544 2065; x_wconf 65' lang='lat' dir='ltr'><strong>apl).</strong></span> <span class='ocrx_word' id='word_1_183' title='bbox 1576 2007 1667 2064; x_wconf 85' lang='lat' dir='ltr'><strong>op.</strong></span> <span class='ocrx_word' id='word_1_184' title='bbox 1701 2006 1748 2049; x_wconf 82' lang='lat' dir='ltr'><strong>s,</strong></span> <span class='ocrx_word' id='word_1_185' title='bbox 1782 1988 1923 2044; x_wconf 91' lang='lat' dir='ltr'><strong>Ber·</strong></span> <span class='ocrx_word' id='word_1_186' title='bbox 1979 1982 2207 2069; x_wconf 85' lang='lat'>(1158)</span> <span class='ocrx_word' id='word_1_187' title='bbox 2251 1988 2566 2064; x_wconf 83' lang='lat' dir='ltr'><strong>episcopus</strong></span> <span class='ocrx_word' id='word_1_188' title='bbox 2598 1987 2965 2062; x_wconf 86' lang='lat' dir='ltr'><strong>parisiensis,</strong></span> <span class='ocrx_word' id='word_1_189' title='bbox 3001 1987 3108 2047; x_wconf 91' lang='lat' dir='ltr'><strong>sed</strong></span> <span class='ocrx_word' id='word_1_190' title='bbox 3140 2006 3261 2046; x_wconf 86' lang='lat' dir='ltr'><strong>non</strong></span> 
     </span>
     <span class='ocr_line' id='line_1_19' title="bbox 646 2076 3263 2156; baseline -0.002 -17"><span class='ocrx_word' id='word_1_191' title='bbox 646 2080 818 2139; x_wconf 86' lang='lat' dir='ltr'><strong>nardi</strong></span> <span class='ocrx_word' id='word_1_192' title='bbox 853 2081 1050 2156; x_wconf 85' lang='lat' dir='ltr'><strong>Migne</strong></span> <span class='ocrx_word' id='word_1_193' title='bbox 1083 2078 1426 2149; x_wconf 83' lang='lat' dir='ltr'>CLXXXIV,</span> <span class='ocrx_word' id='word_1_194' title='bbox 1462 2086 1682 2141; x_wconf 84' lang='lat'><strong>9·298.</strong></span> <span class='ocrx_word' id='word_1_195' title='bbox 1709 2077 1926 2145; x_wconf 83' lang='lat' dir='ltr'><strong>Quam·</strong></span> <span class='ocrx_word' id='word_1_196' title='bbox 1980 2077 2087 2135; x_wconf 87' lang='lat' dir='ltr'><strong>diu</strong></span> <span class='ocrx_word' id='word_1_197' title='bbox 2116 2077 2318 2135; x_wconf 86' lang='lat' dir='ltr'><strong>tenuit</strong></span> <span class='ocrx_word' id='word_1_198' title='bbox 2348 2076 2498 2135; x_wconf 89' lang='lat' dir='ltr'><strong>hanc</strong></span> <span class='ocrx_word' id='word_1_199' title='bbox 2528 2076 2884 2148; x_wconf 75' lang='lat' dir='ltr'><strong>cathedram,</strong></span> <span class='ocrx_word' id='word_1_200' title='bbox 2916 2095 3055 2135; x_wconf 91' lang='lat' dir='ltr'><strong>nam</strong></span> <span class='ocrx_word' id='word_1_201' title='bbox 3069 2077 3263 2152; x_wconf 86' lang='lat' dir='ltr'><strong>jama.</strong></span> 
     </span>
     <span class='ocr_line' id='line_1_20' title="bbox 650 2164 3264 2243; baseline -0.002 -16"><span class='ocrx_word' id='word_1_202' title='bbox 650 2169 741 2227; x_wconf 86' lang='lat' dir='ltr'><strong>vis</strong></span> <span class='ocrx_word' id='word_1_203' title='bbox 812 2170 909 2227; x_wconf 78' lang='lat' dir='ltr'><strong>vix</strong></span> <span class='ocrx_word' id='word_1_204' title='bbox 972 2167 1239 2227; x_wconf 82' lang='lat' dir='ltr'><strong>dubitari</strong></span> <span class='ocrx_word' id='word_1_205' title='bbox 1301 2167 1491 2243; x_wconf 83' lang='lat' dir='ltr'><strong>possit</strong></span> <span class='ocrx_word' id='word_1_206' title='bbox 1553 2164 1925 2224; x_wconf 87' lang='lat' dir='ltr'><strong>Bernardum</strong></span> <span class='ocrx_word' id='word_1_207' title='bbox 1982 2167 2255 2241; x_wconf 90' lang='lat' dir='ltr'><strong>sequenti</strong></span> <span class='ocrx_word' id='word_1_208' title='bbox 2269 2167 2568 2241; x_wconf 86' lang='lat' dir='ltr'><strong>comparet</strong></span> <span class='ocrx_word' id='word_1_209' title='bbox 2581 2167 2712 2241; x_wconf 88' lang='lat' dir='ltr'><strong>ejus</strong></span> <span class='ocrx_word' id='word_1_210' title='bbox 2725 2183 3048 2225; x_wconf 85' lang='lat' dir='ltr'><strong>successor.</strong></span> <span class='ocrx_word' id='word_1_211' title='bbox 3071 2165 3264 2235; x_wconf 87' lang='lat' dir='ltr'><strong>Quare</strong></span> 
     </span>
     <span class='ocr_line' id='line_1_21' title="bbox 642 2254 3257 2330; baseline -0.001 -14"><span class='ocrx_word' id='word_1_212' title='bbox 642 2258 977 2317; x_wconf 84' lang='lat' dir='ltr'><strong>condidisse</strong></span> <span class='ocrx_word' id='word_1_213' title='bbox 1009 2260 1070 2316; x_wconf 92' lang='lat' dir='ltr'><strong>et</strong></span> <span class='ocrx_word' id='word_1_214' title='bbox 1101 2256 1381 2326; x_wconf 87' lang='lat' dir='ltr'><strong>carmina,</strong></span> <span class='ocrx_word' id='word_1_215' title='bbox 1414 2260 1614 2314; x_wconf 86' lang='lat' dir='ltr'><strong>tamen</strong></span> <span class='ocrx_word' id='word_1_216' title='bbox 1627 2254 1832 2330; x_wconf 88' lang='lat' dir='ltr'><strong>judice</strong></span> <span class='ocrx_word' id='word_1_217' title='bbox 1859 2254 1924 2315; x_wconf 92' lang='lat' dir='ltr'><strong>B.</strong></span> <span class='ocrx_word' id='word_1_218' title='bbox 1981 2274 2032 2312; x_wconf 88' lang='lat' dir='ltr'><strong>a.</strong></span> <span class='ocrx_word' id='word_1_219' title='bbox 2077 2264 2094 2314; x_wconf 88' lang='lat'>1</span> <span class='ocrx_word' id='word_1_220' title='bbox 2121 2265 2236 2318; x_wconf 87' lang='grc'><strong>160</strong></span> <span class='ocrx_word' id='word_1_221' title='bbox 2263 2255 2439 2329; x_wconf 88' lang='lat' dir='ltr'><strong>juxta</strong></span> <span class='ocrx_word' id='word_1_222' title='bbox 2458 2254 2658 2330; x_wconf 87' lang='lat' dir='ltr'><strong>plures</strong></span> <span class='ocrx_word' id='word_1_223' title='bbox 2679 2255 2847 2325; x_wconf 90' lang='lat' dir='ltr'><strong>obiit,</strong></span> <span class='ocrx_word' id='word_1_224' title='bbox 2881 2255 2977 2313; x_wconf 81' lang='lat' dir='ltr'><strong>vel</strong></span> <span class='ocrx_word' id='word_1_225' title='bbox 3008 2273 3257 2313; x_wconf 88' lang='lat' dir='ltr'><strong>munere</strong></span> 
     </span>
     <span class='ocr_line' id='line_1_22' title="bbox 650 2342 3262 2421; baseline -0.002 -16"><span class='ocrx_word' id='word_1_226' title='bbox 650 2347 1027 2416; x_wconf 89' lang='lat' dir='ltr'><strong>Haureau,</strong></span> <span class='ocrx_word' id='word_1_227' title='bbox 1057 2346 1341 2404; x_wconf 85' lang='lat' dir='ltr'><strong>instituto</strong></span> <span class='ocrx_word' id='word_1_228' title='bbox 1361 2343 1638 2421; x_wconf 84' lang='lat' dir='ltr'><strong>diligenti</strong></span> <span class='ocrx_word' id='word_1_229' title='bbox 1662 2342 1927 2401; x_wconf 86' lang='lat' dir='ltr'><strong>examine</strong></span> <span class='ocrx_word' id='word_1_230' title='bbox 1981 2362 2041 2401; x_wconf 88' lang='lat' dir='ltr'><strong>se</strong></span> <span class='ocrx_word' id='word_1_231' title='bbox 2103 2343 2402 2402; x_wconf 87' lang='lat' dir='ltr'><strong>abdicavit</strong></span> <span class='ocrx_word' id='word_1_232' title='bbox 2462 2344 2833 2419; x_wconf 85' lang='lat' dir='ltr'><strong>decessitque</strong></span> <span class='ocrx_word' id='word_1_233' title='bbox 2874 2344 3054 2419; x_wconf 84' lang='lat' dir='ltr'><strong>juxta</strong></span> <span class='ocrx_word' id='word_1_234' title='bbox 3114 2344 3262 2402; x_wconf 85' lang='lat' dir='ltr'><strong>alios</strong></span> 
     </span>
     <span class='ocr_line' id='line_1_23' title="bbox 650 2430 3261 2509; baseline -0.002 -15"><span class='ocrx_word' id='word_1_235' title='bbox 650 2438 713 2494; x_wconf 90' lang='lat' dir='ltr'><strong>in</strong></span> <span class='ocrx_word' id='word_1_236' title='bbox 744 2436 783 2493; x_wconf 91' lang='lat' dir='ltr'><strong>l.</strong></span> <span class='ocrx_word' id='word_1_237' title='bbox 817 2436 923 2493; x_wconf 89' lang='lat' dir='ltr'><strong>Les</strong></span> <span class='ocrx_word' id='word_1_238' title='bbox 956 2436 1198 2493; x_wconf 79' lang='lat' dir='ltr'><strong>Poemes</strong></span> <span class='ocrx_word' id='word_1_239' title='bbox 1232 2434 1415 2492; x_wconf 88' lang='lat' dir='ltr'><strong>latins</strong></span> <span class='ocrx_word' id='word_1_240' title='bbox 1464 2432 1759 2491; x_wconf 76' lang='lat' dir='ltr'><strong>attribues</strong></span> <span class='ocrx_word' id='word_1_241' title='bbox 1799 2450 1832 2489; x_wconf 91' lang='lat' dir='ltr'><strong>a</strong></span> <span class='ocrx_word' id='word_1_242' title='bbox 1871 2430 1927 2492; x_wconf 91' lang='lat' dir='ltr'><strong>S.</strong></span> <span class='ocrx_word' id='word_1_243' title='bbox 1984 2441 2084 2495; x_wconf 84' lang='lat'><strong>20.</strong></span> <span class='ocrx_word' id='word_1_244' title='bbox 2134 2432 2258 2490; x_wconf 85' lang='lat' dir='ltr'><strong>Jul.</strong></span> <span class='ocrx_word' id='word_1_245' title='bbox 2318 2442 2500 2495; x_wconf 80' lang='grc'><strong>1164.</strong></span> <span class='ocrx_word' id='word_1_246' title='bbox 2543 2467 2626 2476; x_wconf 89' lang='grc'><strong>-</strong></span> <span class='ocrx_word' id='word_1_247' title='bbox 2660 2433 2807 2509; x_wconf 89' lang='lat' dir='ltr'><strong>Ejus</strong></span> <span class='ocrx_word' id='word_1_248' title='bbox 2857 2451 3038 2508; x_wconf 85' lang='lat' dir='ltr'><strong>opera</strong></span> <span class='ocrx_word' id='word_1_249' title='bbox 3087 2435 3261 2491; x_wconf 85' lang='lat' dir='ltr'><strong>sunt:</strong></span> 
     </span>
     <span class='ocr_line' id='line_1_24' title="bbox 650 2521 3261 2597; baseline -0.002 -14"><span class='ocrx_word' id='word_1_250' title='bbox 650 2524 913 2583; x_wconf 85' lang='lat' dir='ltr'><strong>Bernard</strong></span> <span class='ocrx_word' id='word_1_251' title='bbox 945 2523 1160 2593; x_wconf 87' lang='lat' dir='ltr'><strong>omnia,</strong></span> <span class='ocrx_word' id='word_1_252' title='bbox 1208 2523 1279 2580; x_wconf 91' lang='lat' dir='ltr'><strong>de</strong></span> <span class='ocrx_word' id='word_1_253' title='bbox 1328 2522 1548 2597; x_wconf 89' lang='lat' dir='ltr'><strong>quibus</strong></span> <span class='ocrx_word' id='word_1_254' title='bbox 1580 2521 1929 2579; x_wconf 81' lang='lat' dir='ltr'><strong>instituerat</strong></span> <span class='ocrx_word' id='word_1_255' title='bbox 1983 2521 2055 2580; x_wconf 85' lang='lat' dir='ltr'><strong>In</strong></span> <span class='ocrx_word' id='word_1_256' title='bbox 2108 2522 2369 2594; x_wconf 80' lang='lat' dir='ltr'><strong>psalmos</strong></span> <span class='ocrx_word' id='word_1_257' title='bbox 2428 2522 2721 2581; x_wconf 76' lang='lat' dir='ltr'><strong>davidicos</strong></span> <span class='ocrx_word' id='word_1_258' title='bbox 2778 2522 3261 2593; x_wconf 79' lang='lat' dir='ltr'><strong>commentariuS,</strong></span> 
     </span>
     <span class='ocr_line' id='line_1_25' title="bbox 650 2606 3261 2695; baseline -0.001 -25"><span class='ocrx_word' id='word_1_259' title='bbox 650 2613 1098 2689; x_wconf 83' lang='lat' dir='ltr'><strong>inquisitionem</strong></span> <span class='ocrx_word' id='word_1_260' title='bbox 1140 2607 1330 2695; x_wconf 82' lang='lat' dir='ltr'><strong>(ultra</strong></span> <span class='ocrx_word' id='word_1_261' title='bbox 1372 2606 1502 2694; x_wconf 88' lang='lat'><strong>50),</strong></span> <span class='ocrx_word' id='word_1_262' title='bbox 1551 2610 1732 2668; x_wconf 82' lang='lat' dir='ltr'><strong>etiam</strong></span> <span class='ocrx_word' id='word_1_263' title='bbox 1777 2607 1927 2667; x_wconf 90' lang='lat' dir='ltr'><strong>illud</strong></span> <span class='ocrx_word' id='word_1_264' title='bbox 1982 2609 2088 2687; x_wconf 89' lang='lat' dir='ltr'><strong>qui</strong></span> <span class='ocrx_word' id='word_1_265' title='bbox 2121 2611 2191 2668; x_wconf 88' lang='lat' dir='ltr'><strong>ad</strong></span> <span class='ocrx_word' id='word_1_266' title='bbox 2225 2615 2565 2669; x_wconf 88' lang='lat' dir='ltr'><strong>catenarum</strong></span> <span class='ocrx_word' id='word_1_267' title='bbox 2610 2630 2801 2689; x_wconf 90' lang='lat' dir='ltr'><strong>genus</strong></span> <span class='ocrx_word' id='word_1_268' title='bbox 2846 2611 3074 2670; x_wconf 82' lang='lat' dir='ltr'><strong>accedit</strong></span> <span class='ocrx_word' id='word_1_269' title='bbox 3103 2612 3261 2690; x_wconf 89' lang='lat' dir='ltr'><strong>glos-</strong></span> 
     </span>
     <span class='ocr_line' id='line_1_26' title="bbox 650 2699 3264 2775; baseline -0.001 -14"><span class='ocrx_word' id='word_1_270' title='bbox 650 2703 879 2761; x_wconf 82' lang='lat' dir='ltr'><strong>celebre</strong></span> <span class='ocrx_word' id='word_1_271' title='bbox 926 2701 1146 2770; x_wconf 69' lang='lat' dir='ltr'><strong>,Jesus</strong></span> <span class='ocrx_word' id='word_1_272' title='bbox 1194 2700 1386 2759; x_wconf 88' lang='lat' dir='ltr'><strong>dulcis</strong></span> <span class='ocrx_word' id='word_1_273' title='bbox 1416 2699 1760 2770; x_wconf 80' lang='lat' dir='ltr'><strong>memoria‘,</strong></span> <span class='ocrx_word' id='word_1_274' title='bbox 1793 2716 1926 2774; x_wconf 90' lang='lat' dir='ltr'><strong>pro·</strong></span> <span class='ocrx_word' id='word_1_275' title='bbox 1983 2718 2227 2775; x_wconf 90' lang='lat' dir='ltr'><strong>samque</strong></span> <span class='ocrx_word' id='word_1_276' title='bbox 2259 2699 2702 2762; x_wconf 86' lang='lat' dir='ltr'><strong>interlinearem</strong></span> <span class='ocrx_word' id='word_1_277' title='bbox 2736 2701 3095 2760; x_wconf 85' lang='lat' dir='ltr'><strong>Anselmi</strong></span> <span class='ocrx_word' id='word_1_278' title='bbox 3138 2701 3264 2759; x_wconf 88' lang='lat' dir='ltr'><strong>lau-</strong></span> 
     </span>
     <span class='ocr_line' id='line_1_27' title="bbox 650 2787 3262 2866; baseline -0.001 -15"><span class='ocrx_word' id='word_1_279' title='bbox 650 2792 896 2851; x_wconf 88' lang='lat' dir='ltr'><strong>nunciat</strong></span> <span class='ocrx_word' id='word_1_280' title='bbox 910 2791 1235 2866; x_wconf 87' lang='lat' dir='ltr'><strong>supposita.</strong></span> <span class='ocrx_word' id='word_1_281' title='bbox 1268 2791 1485 2848; x_wconf 86' lang='lat' dir='ltr'><strong>Dreves</strong></span> <span class='ocrx_word' id='word_1_282' title='bbox 1502 2788 1800 2864; x_wconf 86' lang='lat' dir='ltr'><strong>judicium</strong></span> <span class='ocrx_word' id='word_1_283' title='bbox 1821 2787 1929 2846; x_wconf 91' lang='lat' dir='ltr'><strong>hoc</strong></span> <span class='ocrx_word' id='word_1_284' title='bbox 1983 2788 2271 2847; x_wconf 86' lang='lat' dir='ltr'><strong>dunensis</strong></span> <span class='ocrx_word' id='word_1_285' title='bbox 2302 2789 2495 2848; x_wconf 82' lang='lat' dir='ltr'><strong>fusius</strong></span> <span class='ocrx_word' id='word_1_286' title='bbox 2528 2789 2753 2848; x_wconf 81' lang='lat' dir='ltr'><strong>evolvit</strong></span> <span class='ocrx_word' id='word_1_287' title='bbox 2779 2789 2999 2848; x_wconf 87' lang='lat' dir='ltr'><strong>additis</strong></span> <span class='ocrx_word' id='word_1_288' title='bbox 3030 2793 3262 2848; x_wconf 89' lang='lat' dir='ltr'><strong>sancto-</strong></span> 
     </span>
     <span class='ocr_line' id='line_1_28' title="bbox 643 2877 3265 2958; baseline -0 -20"><span class='ocrx_word' id='word_1_289' title='bbox 643 2880 978 2958; x_wconf 84' lang='lat' dir='ltr'><strong>generatim</strong></span> <span class='ocrx_word' id='word_1_290' title='bbox 1022 2879 1237 2955; x_wconf 88' lang='lat' dir='ltr'><strong>probat</strong></span> <span class='ocrx_word' id='word_1_291' title='bbox 1288 2879 1353 2937; x_wconf 91' lang='lat' dir='ltr'><strong>in</strong></span> <span class='ocrx_word' id='word_1_292' title='bbox 1400 2877 1676 2937; x_wconf 87' lang='lat' dir='ltr'><strong>Zeitschr.</strong></span> <span class='ocrx_word' id='word_1_293' title='bbox 1725 2877 1825 2935; x_wconf 79' lang='lat' dir='ltr'><strong>fiir</strong></span> <span class='ocrx_word' id='word_1_294' title='bbox 1872 2877 1927 2939; x_wconf 89' lang='lat' dir='ltr'><strong>k.</strong></span> <span class='ocrx_word' id='word_1_295' title='bbox 1982 2897 2116 2936; x_wconf 91' lang='lat' dir='ltr'><strong>rum</strong></span> <span class='ocrx_word' id='word_1_296' title='bbox 2177 2878 2373 2949; x_wconf 78' lang='lat' dir='ltr'><strong>dictis,</strong></span> <span class='ocrx_word' id='word_1_297' title='bbox 2436 2897 2621 2954; x_wconf 87' lang='lat' dir='ltr'><strong>qnare</strong></span> <span class='ocrx_word' id='word_1_298' title='bbox 2670 2878 2827 2937; x_wconf 88' lang='lat' dir='ltr'><strong>dicta</strong></span> <span class='ocrx_word' id='word_1_299' title='bbox 2873 2881 2964 2937; x_wconf 88' lang='lat' dir='ltr'><strong>est</strong></span> <span class='ocrx_word' id='word_1_300' title='bbox 3027 2918 3055 2948; x_wconf 81' lang='lat'>‚</span> <span class='ocrx_word' id='word_1_301' title='bbox 3068 2879 3265 2956; x_wconf 87' lang='lat' dir='ltr'><strong>glossa</strong></span> 
     </span>
     <span class='ocr_line' id='line_1_29' title="bbox 652 2967 3262 3045; baseline -0 -18"><span class='ocrx_word' id='word_1_302' title='bbox 652 2969 849 3028; x_wconf 82' lang='lat' dir='ltr'><strong>Theol.</strong></span> <span class='ocrx_word' id='word_1_303' title='bbox 892 2976 1052 3032; x_wconf 83' lang='lat'>1892</span> <span class='ocrx_word' id='word_1_304' title='bbox 1087 2988 1145 3044; x_wconf 90' lang='lat' dir='ltr'><strong>p.</strong></span> <span class='ocrx_word' id='word_1_305' title='bbox 1174 2977 1536 3038; x_wconf 84' lang='grc'><strong>119-129,</strong></span> <span class='ocrx_word' id='word_1_306' title='bbox 1559 2967 1707 3025; x_wconf 90' lang='lat' dir='ltr'><strong>duos</strong></span> <span class='ocrx_word' id='word_1_307' title='bbox 1728 2970 1928 3024; x_wconf 86' lang='lat' dir='ltr'><strong>tamen</strong></span> <span class='ocrx_word' id='word_1_308' title='bbox 1983 2967 2387 3043; x_wconf 82' lang='lat' dir='ltr'><strong>magistralis‘</strong></span> <span class='ocrx_word' id='word_1_309' title='bbox 2432 2985 2538 3025; x_wconf 90' lang='lat' dir='ltr'><strong>seu</strong></span> <span class='ocrx_word' id='word_1_310' title='bbox 2573 2987 2831 3045; x_wconf 82' lang='lat' dir='ltr'><strong>‚magna</strong></span> <span class='ocrx_word' id='word_1_311' title='bbox 2859 2968 3262 3045; x_wconf 80' lang='lat' dir='ltr'><strong>glossatura‘,</strong></span> 
     </span>
     <span class='ocr_line' id='line_1_30' title="bbox 650 3056 3262 3134; baseline -0 -19"><span class='ocrx_word' id='word_1_312' title='bbox 650 3058 921 3134; x_wconf 81' lang='lat' dir='ltr'><strong>hymnos,</strong></span> <span class='ocrx_word' id='word_1_313' title='bbox 975 3075 1125 3132; x_wconf 82' lang='lat' dir='ltr'><strong>quos</strong></span> <span class='ocrx_word' id='word_1_314' title='bbox 1175 3057 1455 3116; x_wconf 87' lang='lat' dir='ltr'><strong>Haureau</strong></span> <span class='ocrx_word' id='word_1_315' title='bbox 1503 3056 1759 3116; x_wconf 85' lang='lat' dir='ltr'><strong>examini</strong></span> <span class='ocrx_word' id='word_1_316' title='bbox 1808 3072 1927 3113; x_wconf 90' lang='lat' dir='ltr'><strong>non</strong></span> <span class='ocrx_word' id='word_1_317' title='bbox 1983 3056 2627 3133; x_wconf 82' lang='lat' dir='ltr'><strong>Norimbergae14783</strong></span> <span class='ocrx_word' id='word_1_318' title='bbox 2661 3056 2905 3115; x_wconf 88' lang='lat' dir='ltr'><strong>Parisiis</strong></span> <span class='ocrx_word' id='word_1_319' title='bbox 2934 3057 3262 3127; x_wconf 82' lang='lat' dir='ltr'><strong>1541inf.;</strong></span> 
     </span>
     <span class='ocr_line' id='line_1_31' title="bbox 650 3144 3267 3222; baseline -0 -17"><span class='ocrx_word' id='word_1_320' title='bbox 650 3147 1005 3222; x_wconf 86' lang='lat' dir='ltr'><strong>subjecerat,</strong></span> <span class='ocrx_word' id='word_1_321' title='bbox 1040 3166 1073 3204; x_wconf 91' lang='lat' dir='ltr'><strong>a</strong></span> <span class='ocrx_word' id='word_1_322' title='bbox 1100 3149 1223 3204; x_wconf 86' lang='lat' dir='ltr'><strong>tam</strong></span> <span class='ocrx_word' id='word_1_323' title='bbox 1269 3145 1438 3204; x_wconf 89' lang='lat' dir='ltr'><strong>fatali</strong></span> <span class='ocrx_word' id='word_1_324' title='bbox 1470 3144 1781 3221; x_wconf 86' lang='lat' dir='ltr'><strong>naufragio</strong></span> <span class='ocrx_word' id='word_1_325' title='bbox 1814 3144 1925 3202; x_wconf 90' lang='lat' dir='ltr'><strong>sal·</strong></span> <span class='ocrx_word' id='word_1_326' title='bbox 1984 3144 2183 3222; x_wconf 87' lang='lat' dir='ltr'><strong>Migne</strong></span> <span class='ocrx_word' id='word_1_327' title='bbox 2213 3149 2257 3202; x_wconf 88' lang='lat' dir='ltr'><strong>t.</strong></span> <span class='ocrx_word' id='word_1_328' title='bbox 2291 3145 2485 3215; x_wconf 85' lang='lat' dir='ltr'>CXCI;</span> <span class='ocrx_word' id='word_1_329' title='bbox 2539 3145 2908 3205; x_wconf 87' lang='lat' dir='ltr'><strong>Collectanea</strong></span> <span class='ocrx_word' id='word_1_330' title='bbox 2957 3148 3023 3203; x_wconf 77' lang='lat' dir='ltr'><strong>in</strong></span> <span class='ocrx_word' id='word_1_331' title='bbox 3074 3164 3267 3205; x_wconf 78' lang='lat' dir='ltr'><strong>omnes</strong></span> 
     </span>
     <span class='ocr_line' id='line_1_32' title="bbox 650 3232 3262 3312; baseline 0 -18"><span class='ocrx_word' id='word_1_332' title='bbox 650 3240 772 3307; x_wconf 82' lang='lat' dir='ltr'><strong>vat,</strong></span> <span class='ocrx_word' id='word_1_333' title='bbox 806 3237 1091 3312; x_wconf 82' lang='lat' dir='ltr'><strong>hymnum</strong></span> <span class='ocrx_word' id='word_1_334' title='bbox 1129 3235 1255 3298; x_wconf 85' lang='lat' dir='ltr'><strong>scil.</strong></span> <span class='ocrx_word' id='word_1_335' title='bbox 1286 3238 1348 3294; x_wconf 89' lang='lat' dir='ltr'><strong>in</strong></span> <span class='ocrx_word' id='word_1_336' title='bbox 1382 3252 1427 3293; x_wconf 92' lang='lat' dir='ltr'><strong>s.</strong></span> <span class='ocrx_word' id='word_1_337' title='bbox 1463 3234 1775 3304; x_wconf 88' lang='lat' dir='ltr'><strong>Victorem,</strong></span> <span class='ocrx_word' id='word_1_338' title='bbox 1828 3232 1932 3307; x_wconf 91' lang='lat' dir='ltr'><strong>qui</strong></span> <span class='ocrx_word' id='word_1_339' title='bbox 1985 3235 2039 3293; x_wconf 80' lang='lat' dir='ltr'><strong>d.</strong></span> <span class='ocrx_word' id='word_1_340' title='bbox 2061 3233 2234 3292; x_wconf 80' lang='lat' dir='ltr'><strong>Pauli</strong></span> <span class='ocrx_word' id='word_1_341' title='bbox 2264 3253 2357 3310; x_wconf 82' lang='lat' dir='ltr'><strong>ap.</strong></span> <span class='ocrx_word' id='word_1_342' title='bbox 2379 3236 2650 3309; x_wconf 72' lang='lat' dir='ltr'><strong>epistolas</strong></span> <span class='ocrx_word' id='word_1_343' title='bbox 2671 3254 2740 3293; x_wconf 91' lang='lat' dir='ltr'><strong>ex</strong></span> <span class='ocrx_word' id='word_1_344' title='bbox 2765 3235 3262 3312; x_wconf 85' lang='lat' dir='ltr'><strong>DD.Augustino,</strong></span> 
     </span>
     <span class='ocr_line' id='line_1_33' title="bbox 644 3321 3264 3400; baseline -0 -17"><span class='ocrx_word' id='word_1_345' title='bbox 644 3328 828 3395; x_wconf 86' lang='lat' dir='ltr'><strong>cert0‚</strong></span> <span class='ocrx_word' id='word_1_346' title='bbox 863 3331 923 3383; x_wconf 88' lang='lat' dir='ltr'><strong>et</strong></span> <span class='ocrx_word' id='word_1_347' title='bbox 956 3324 1242 3400; x_wconf 83' lang='lat' dir='ltr'><strong>hymnum</strong></span> <span class='ocrx_word' id='word_1_348' title='bbox 1288 3324 1360 3382; x_wconf 91' lang='lat' dir='ltr'><strong>de</strong></span> <span class='ocrx_word' id='word_1_349' title='bbox 1393 3342 1439 3388; x_wconf 82' lang='lat' dir='ltr'><strong>s.</strong></span> <span class='ocrx_word' id='word_1_350' title='bbox 1472 3322 1777 3393; x_wconf 84' lang='lat' dir='ltr'><strong>Malachia‚</strong></span> <span class='ocrx_word' id='word_1_351' title='bbox 1826 3321 1930 3396; x_wconf 91' lang='lat' dir='ltr'><strong>qui</strong></span> <span class='ocrx_word' id='word_1_352' title='bbox 1985 3322 2346 3400; x_wconf 86' lang='lat' dir='ltr'><strong>Hieronymo</strong></span> <span class='ocrx_word' id='word_1_353' title='bbox 2397 3323 2654 3400; x_wconf 78' lang='lat' dir='ltr'><strong>aliisque</strong></span> <span class='ocrx_word' id='word_1_354' title='bbox 2685 3323 2993 3383; x_wconf 87' lang='lat' dir='ltr'><strong>nonnullis</strong></span> <span class='ocrx_word' id='word_1_355' title='bbox 3026 3342 3073 3383; x_wconf 93' lang='grc'><strong>8.</strong></span> <span class='ocrx_word' id='word_1_356' title='bbox 3108 3324 3264 3382; x_wconf 88' lang='lat' dir='ltr'><strong>Scri·</strong></span> 
     </span>
     <span class='ocr_line' id='line_1_34' title="bbox 650 3412 3267 3490; baseline 0 -19"><span class='ocrx_word' id='word_1_357' title='bbox 650 3412 1040 3490; x_wconf 80' lang='lat' dir='ltr'><strong>probabiliter</strong></span> <span class='ocrx_word' id='word_1_358' title='bbox 1070 3413 1309 3472; x_wconf 82' lang='lat' dir='ltr'><strong>videtur</strong></span> <span class='ocrx_word' id='word_1_359' title='bbox 1341 3431 1385 3476; x_wconf 82' lang='lat' dir='ltr'><strong>s,</strong></span> <span class='ocrx_word' id='word_1_360' title='bbox 1419 3412 1721 3472; x_wconf 87' lang='lat' dir='ltr'><strong>Bernardi.</strong></span> <span class='ocrx_word' id='word_1_361' title='bbox 1986 3415 2199 3489; x_wconf 87' lang='lat' dir='ltr'><strong>pturae</strong></span> <span class='ocrx_word' id='word_1_362' title='bbox 2229 3412 2532 3486; x_wconf 88' lang='lat' dir='ltr'><strong>primariis</strong></span> <span class='ocrx_word' id='word_1_363' title='bbox 2564 3412 2998 3488; x_wconf 87' lang='lat' dir='ltr'><strong>interpretibus</strong></span> <span class='ocrx_word' id='word_1_364' title='bbox 3031 3430 3267 3472; x_wconf 89' lang='lat' dir='ltr'><strong>summa</strong></span> 
     </span>
     <span class='ocr_line' id='line_1_35' title="bbox 1986 3500 3265 3579; baseline 0.001 -21"><span class='ocrx_word' id='word_1_365' title='bbox 1986 3503 2112 3559; x_wconf 84' lang='lat' dir='ltr'><strong>arte</strong></span> <span class='ocrx_word' id='word_1_366' title='bbox 2173 3500 2607 3579; x_wconf 85' lang='lat' dir='ltr'><strong>diligentiaque</strong></span> <span class='ocrx_word' id='word_1_367' title='bbox 2683 3504 2973 3573; x_wconf 86' lang='lat' dir='ltr'><strong>contexta,</strong></span> <span class='ocrx_word' id='word_1_368' title='bbox 3039 3501 3265 3577; x_wconf 88' lang='lat' dir='ltr'><strong>quibus</strong></span> 
     </span>
    </p>

    <p class='ocr_par' dir='ltr' id='par_1_3' title="bbox 645 3588 3271 4222">
     <span class='ocr_line' id='line_1_36' title="bbox 746 3588 3263 3667; baseline -0.002 -13"><span class='ocrx_word' id='word_1_369' title='bbox 746 3601 846 3654; x_wconf 89' lang='lat'><strong>51.</strong></span> <span class='ocrx_word' id='word_1_370' title='bbox 881 3591 937 3654; x_wconf 87' lang='lat' dir='ltr'><strong>S.</strong></span> <span class='ocrx_word' id='word_1_371' title='bbox 988 3590 1290 3649; x_wconf 88' lang='lat' dir='ltr'><strong>Bernardo</strong></span> <span class='ocrx_word' id='word_1_372' title='bbox 1343 3590 1696 3665; x_wconf 85' lang='lat' dir='ltr'><strong>subjicimus</strong></span> <span class='ocrx_word' id='word_1_373' title='bbox 1748 3588 1934 3646; x_wconf 88' lang='lat' dir='ltr'><strong>alium</strong></span> <span class='ocrx_word' id='word_1_374' title='bbox 1987 3589 2283 3666; x_wconf 86' lang='lat' dir='ltr'><strong>longiores</strong></span> <span class='ocrx_word' id='word_1_375' title='bbox 2313 3591 2738 3665; x_wconf 87' lang='lat' dir='ltr'><strong>explicationes</strong></span> <span class='ocrx_word' id='word_1_376' title='bbox 2771 3590 3138 3667; x_wconf 86' lang='lat' dir='ltr'><strong>dogmaticas</strong></span> <span class='ocrx_word' id='word_1_377' title='bbox 3170 3591 3263 3650; x_wconf 90' lang='lat' dir='ltr'><strong>in-</strong></span> 
     </span>
     <span class='ocr_line' id='line_1_37' title="bbox 645 3678 3268 3755; baseline -0 -16"><span class='ocrx_word' id='word_1_378' title='bbox 645 3680 1102 3740; x_wconf 78' lang='lat' dir='ltr'><strong>celeberrimum</strong></span> <span class='ocrx_word' id='word_1_379' title='bbox 1125 3680 1306 3755; x_wconf 88' lang='lat' dir='ltr'><strong>hujus</strong></span> <span class='ocrx_word' id='word_1_380' title='bbox 1323 3679 1550 3755; x_wconf 87' lang='lat' dir='ltr'><strong>periodi</strong></span> <span class='ocrx_word' id='word_1_381' title='bbox 1566 3678 1930 3753; x_wconf 88' lang='lat' dir='ltr'><strong>theologum,</strong></span> <span class='ocrx_word' id='word_1_382' title='bbox 1988 3679 2152 3749; x_wconf 91' lang='lat' dir='ltr'><strong>serit,</strong></span> <span class='ocrx_word' id='word_1_383' title='bbox 2187 3678 2443 3739; x_wconf 88' lang='lat' dir='ltr'><strong>Parisiis·</strong></span> <span class='ocrx_word' id='word_1_384' title='bbox 2496 3688 2693 3750; x_wconf 82' lang='lat'>15353</span> <span class='ocrx_word' id='word_1_385' title='bbox 2747 3689 2951 3749; x_wconf 82' lang='lat'>1537;</span> <span class='ocrx_word' id='word_1_386' title='bbox 3006 3690 3169 3744; x_wconf 81' lang='lat'>1547</span> <span class='ocrx_word' id='word_1_387' title='bbox 3205 3681 3268 3739; x_wconf 91' lang='lat' dir='ltr'><strong>in</strong></span> 
     </span>
     <span class='ocr_line' id='line_1_38' title="bbox 652 3767 3268 3845; baseline -0 -17"><span class='ocrx_word' id='word_1_388' title='bbox 652 3769 981 3845; x_wconf 83' lang='lat' dir='ltr'><strong>theologiae</strong></span> <span class='ocrx_word' id='word_1_389' title='bbox 1044 3769 1427 3828; x_wconf 75' lang='lat' dir='ltr'><strong>scholasticae</strong></span> <span class='ocrx_word' id='word_1_390' title='bbox 1476 3767 1933 3845; x_wconf 87' lang='lat' dir='ltr'><strong>antesignanum</strong></span> <span class='ocrx_word' id='word_1_391' title='bbox 1986 3768 2024 3827; x_wconf 85' lang='lat' dir='ltr'><strong>f.</strong></span> <span class='ocrx_word' id='word_1_392' title='bbox 2058 3771 2187 3838; x_wconf 67' lang='lat' dir='ltr'><strong>etc„</strong></span> <span class='ocrx_word' id='word_1_393' title='bbox 2221 3768 2420 3844; x_wconf 84' lang='lat' dir='ltr'><strong>Migne</strong></span> <span class='ocrx_word' id='word_1_394' title='bbox 2453 3772 2497 3831; x_wconf 90' lang='lat' dir='ltr'><strong>t.</strong></span> <span class='ocrx_word' id='word_1_395' title='bbox 2540 3778 2675 3831; x_wconf 85' lang='lat'><strong>191.</strong></span> <span class='ocrx_word' id='word_1_396' title='bbox 2717 3777 2859 3831; x_wconf 83' lang='lat'><strong>192.</strong></span> <span class='ocrx_word' id='word_1_397' title='bbox 2894 3768 3181 3844; x_wconf 89' lang='lat' dir='ltr'><strong>Lipenius</strong></span> <span class='ocrx_word' id='word_1_398' title='bbox 3212 3769 3268 3829; x_wconf 92' lang='lat' dir='ltr'><strong>ei</strong></span> 
     </span>
     <span class='ocr_line' id='line_1_39' title="bbox 653 3856 3265 3934; baseline -0.001 -16"><span class='ocrx_word' id='word_1_399' title='bbox 653 3864 831 3934; x_wconf 84' lang='lat' dir='ltr'><strong>atque</strong></span> <span class='ocrx_word' id='word_1_400' title='bbox 878 3875 1016 3914; x_wconf 77' lang='lat' dir='ltr'><strong>vere</strong></span> <span class='ocrx_word' id='word_1_401' title='bbox 1058 3861 1382 3933; x_wconf 88' lang='lat' dir='ltr'><strong>parentem,</strong></span> <span class='ocrx_word' id='word_1_402' title='bbox 1427 3858 1670 3915; x_wconf 86' lang='lat' dir='ltr'><strong>Petrum</strong></span> <span class='ocrx_word' id='word_1_403' title='bbox 1717 3874 1931 3932; x_wconf 86' lang='lat' dir='ltr'><strong>cogno·</strong></span> <span class='ocrx_word' id='word_1_404' title='bbox 1987 3856 2209 3915; x_wconf 90' lang='lat' dir='ltr'><strong>tribuit</strong></span> <span class='ocrx_word' id='word_1_405' title='bbox 2239 3857 2418 3916; x_wconf 87' lang='lat' dir='ltr'><strong>etiam</strong></span> <span class='ocrx_word' id='word_1_406' title='bbox 2446 3856 2833 3916; x_wconf 81' lang='lat' dir='ltr'><strong>Concordiam</strong></span> <span class='ocrx_word' id='word_1_407' title='bbox 2861 3859 3265 3934; x_wconf 74' lang='lat' dir='ltr'><strong>evanyelicam,</strong></span> 
     </span>
     <span class='ocr_line' id='line_1_40' title="bbox 654 3943 3271 4027; baseline 0 -22"><span class='ocrx_word' id='word_1_408' title='bbox 654 3948 812 4005; x_wconf 90' lang='lat' dir='ltr'><strong>mine</strong></span> <span class='ocrx_word' id='word_1_409' title='bbox 863 3943 1446 4027; x_wconf 77' lang='lat' dir='ltr'><strong>Lombardnm3)‚</strong></span> <span class='ocrx_word' id='word_1_410' title='bbox 1510 3946 1652 4021; x_wconf 91' lang='lat' dir='ltr'><strong>quia</strong></span> <span class='ocrx_word' id='word_1_411' title='bbox 1701 3945 1765 4003; x_wconf 90' lang='lat' dir='ltr'><strong>in</strong></span> <span class='ocrx_word' id='word_1_412' title='bbox 1814 3946 1930 4003; x_wconf 86' lang='lat' dir='ltr'><strong>Lu·</strong></span> <span class='ocrx_word' id='word_1_413' title='bbox 1987 3965 2161 4022; x_wconf 92' lang='lat' dir='ltr'><strong>quam</strong></span> <span class='ocrx_word' id='word_1_414' title='bbox 2210 3945 2303 4005; x_wconf 89' lang='lat' dir='ltr'><strong>bis</strong></span> <span class='ocrx_word' id='word_1_415' title='bbox 2349 3945 2569 4005; x_wconf 88' lang='lat' dir='ltr'><strong>editam</strong></span> <span class='ocrx_word' id='word_1_416' title='bbox 2615 3946 2812 4024; x_wconf 88' lang='lat' dir='ltr'><strong>signat</strong></span> <span class='ocrx_word' id='word_1_417' title='bbox 2841 3946 2966 4005; x_wconf 90' lang='lat' dir='ltr'><strong>scil.</strong></span> <span class='ocrx_word' id='word_1_418' title='bbox 3011 3955 3176 4010; x_wconf 83' lang='lat'>1483</span> <span class='ocrx_word' id='word_1_419' title='bbox 3211 3953 3271 4006; x_wconf 90' lang='lat' dir='ltr'><strong>et</strong></span> 
     </span>
     <span class='ocr_line' id='line_1_41' title="bbox 1996 4033 3270 4112; baseline 0.002 -14"><span class='ocrx_word' id='word_1_420' title='bbox 1996 4046 2069 4098; x_wconf 92' lang='lat'><strong>15</strong></span> <span class='ocrx_word' id='word_1_421' title='bbox 2082 4045 2181 4097; x_wconf 88' lang='lat'><strong>61.</strong></span> <span class='ocrx_word' id='word_1_422' title='bbox 2213 4035 2479 4093; x_wconf 87' lang='lat' dir='ltr'><strong>Ineditae</strong></span> <span class='ocrx_word' id='word_1_423' title='bbox 2494 4039 2638 4094; x_wconf 90' lang='lat' dir='ltr'><strong>sunt</strong></span> <span class='ocrx_word' id='word_1_424' title='bbox 2652 4036 2887 4112; x_wconf 87' lang='lat' dir='ltr'><strong>glossae</strong></span> <span class='ocrx_word' id='word_1_425' title='bbox 2907 4038 2970 4094; x_wconf 79' lang='lat' dir='ltr'><strong>in</strong></span> <span class='ocrx_word' id='word_1_426' title='bbox 2983 4033 3021 4096; x_wconf 89' lang='lat' dir='ltr'><strong>l.</strong></span> <span class='ocrx_word' id='word_1_427' title='bbox 3037 4036 3169 4100; x_wconf 81' lang='lat' dir='ltr'><strong>Job.</strong></span> <span class='ocrx_word' id='word_1_428' title='bbox 3183 4070 3270 4080; x_wconf 94' lang='lat'><strong>--</strong></span> 
     </span>
     <span class='ocr_line' id='line_1_42' title="bbox 733 4123 3266 4222; baseline 0.001 -41"><span class='ocrx_word' id='word_1_429' title='bbox 733 4156 768 4222; x_wconf 59' lang='grc' dir='ltr'><strong>ι)</strong></span> <span class='ocrx_word' id='word_1_430' title='bbox 797 4150 936 4207; x_wconf 48' lang='lat' dir='ltr'><strong>Dav·</strong></span> <span class='ocrx_word' id='word_1_431' title='bbox 976 4150 1323 4204; x_wconf 45' lang='lat' dir='ltr'><strong>Lenfant·</strong></span> <span class='ocrx_word' id='word_1_432' title='bbox 1366 4150 1503 4204; x_wconf 43' lang='lat' dir='ltr'><strong>Opl..</strong></span> <span class='ocrx_word' id='word_1_433' title='bbox 1544 4152 1636 4222; x_wconf 43' lang='lat' dir='ltr'><strong>(cf.</strong></span> <span class='ocrx_word' id='word_1_434' title='bbox 1676 4151 1773 4216; x_wconf 72' lang='lat'><strong>11³,</strong></span> <span class='ocrx_word' id='word_1_435' title='bbox 1805 4154 1932 4220; x_wconf 73' lang='lat'>493)</span> <span class='ocrx_word' id='word_1_436' title='bbox 1986 4123 2194 4182; x_wconf 90' lang='lat' dir='ltr'><strong>Eidem</strong></span> <span class='ocrx_word' id='word_1_437' title='bbox 2238 4128 2589 4183; x_wconf 87' lang='lat' dir='ltr'><strong>asseruntur</strong></span> <span class='ocrx_word' id='word_1_438' title='bbox 2634 4144 2668 4182; x_wconf 90' lang='lat' dir='ltr'><strong>a</strong></span> <span class='ocrx_word' id='word_1_439' title='bbox 2698 4124 3057 4184; x_wconf 89' lang='lat' dir='ltr'><strong>nonnemine</strong></span> <span class='ocrx_word' id='word_1_440' title='bbox 3089 4129 3153 4184; x_wconf 92' lang='lat' dir='ltr'><strong>et</strong></span> <span class='ocrx_word' id='word_1_441' title='bbox 3189 4135 3266 4190; x_wconf 87' lang='grc'><strong>26</strong></span> 
     </span>
    </p>
   </div>
   <div class='ocr_carea' id='block_1_3' title="bbox 646 4208 3265 4295">
    <p class='ocr_par' dir='ltr' id='par_1_4' title="bbox 646 4208 3265 4295">
     <span class='ocr_line' id='line_1_43' title="bbox 646 4208 3265 4295; baseline -0.002 -17"><span class='ocrx_word' id='word_1_442' title='bbox 646 4221 985 4294; x_wconf 81' lang='lat' dir='ltr'><strong>compilavit</strong></span> <span class='ocrx_word' id='word_1_443' title='bbox 1022 4226 1199 4277; x_wconf 71' lang='lat' dir='ltr'><strong>Biblr&#39;a</strong></span> <span class='ocrx_word' id='word_1_444' title='bbox 1225 4241 1266 4278; x_wconf 83' lang='lat' dir='ltr'><strong>s.</strong></span> <span class='ocrx_word' id='word_1_445' title='bbox 1294 4225 1569 4278; x_wconf 75' lang='lat' dir='ltr'><strong>Rerum-di</strong></span> <span class='ocrx_word' id='word_1_446' title='bbox 1609 4239 1705 4276; x_wconf 87' lang='lat' dir='ltr'><strong>seu</strong></span> <span class='ocrx_word' id='word_1_447' title='bbox 1734 4222 1932 4276; x_wconf 87' lang='lat' dir='ltr'><strong>collee-</strong></span> <span class='ocrx_word' id='word_1_448' title='bbox 1987 4230 2273 4271; x_wconf 75' lang='lat' dir='ltr'><strong>sermones</strong></span> <span class='ocrx_word' id='word_1_449' title='bbox 2287 4208 2335 4295; x_wconf 83' lang='lat'><strong>¹)</strong></span> <span class='ocrx_word' id='word_1_450' title='bbox 2371 4212 2650 4289; x_wconf 83' lang='lat' dir='ltr'><strong>operibus</strong></span> <span class='ocrx_word' id='word_1_451' title='bbox 2684 4213 2734 4271; x_wconf 88' lang='lat' dir='ltr'>H</span> <span class='ocrx_word' id='word_1_452' title='bbox 2752 4214 2865 4272; x_wconf 86' lang='lat' dir='ltr'><strong>ild</strong></span> <span class='ocrx_word' id='word_1_453' title='bbox 2881 4214 2963 4272; x_wconf 88' lang='lat' dir='ltr'><strong>eb</strong></span> <span class='ocrx_word' id='word_1_454' title='bbox 2979 4232 3011 4273; x_wconf 90' lang='lat' dir='ltr'><strong>e</strong></span> <span class='ocrx_word' id='word_1_455' title='bbox 3028 4234 3060 4272; x_wconf 89' lang='lat' dir='ltr'><strong>r</strong></span> <span class='ocrx_word' id='word_1_456' title='bbox 3075 4215 3141 4274; x_wconf 86' lang='lat' dir='ltr'><strong>ti</strong></span> <span class='ocrx_word' id='word_1_457' title='bbox 3173 4232 3265 4274; x_wconf 77' lang='lat' dir='ltr'><strong>ce-</strong></span> 
     </span>
    </p>
   </div>
   <div class='ocr_carea' id='block_1_4' title="bbox 650 4292 3268 4489">
    <p class='ocr_par' dir='ltr' id='par_1_5' title="bbox 650 4292 3268 4489">
     <span class='ocr_line' id='line_1_44' title="bbox 654 4292 3268 4385; baseline -0.001 -37"><span class='ocrx_word' id='word_1_458' title='bbox 654 4295 868 4349; x_wconf 85' lang='lat' dir='ltr'><strong>tionem</strong></span> <span class='ocrx_word' id='word_1_459' title='bbox 912 4297 970 4347; x_wconf 90' lang='lat' dir='ltr'><strong>et</strong></span> <span class='ocrx_word' id='word_1_460' title='bbox 1007 4294 1445 4376; x_wconf 79' lang='lat' dir='ltr'><strong>explicationem</strong></span> <span class='ocrx_word' id='word_1_461' title='bbox 1486 4295 1741 4350; x_wconf 91' lang='lat' dir='ltr'><strong>omnium</strong></span> <span class='ocrx_word' id='word_1_462' title='bbox 1785 4292 1928 4375; x_wconf 77' lang='lat' dir='ltr'><strong>loco·</strong></span> <span class='ocrx_word' id='word_1_463' title='bbox 1987 4302 2366 4360; x_wconf 64' lang='lat' dir='ltr'><strong>nomanengig</strong></span> <span class='ocrx_word' id='word_1_464' title='bbox 2413 4301 2627 4361; x_wconf 68' lang='lat' dir='ltr'><strong>inserti</strong></span> <span class='ocrx_word' id='word_1_465' title='bbox 2675 4297 2773 4384; x_wconf 67' lang='lat' dir='ltr'><strong>(cf,</strong></span> <span class='ocrx_word' id='word_1_466' title='bbox 2820 4321 2999 4378; x_wconf 63' lang='lat' dir='ltr'><strong>supra</strong></span> <span class='ocrx_word' id='word_1_467' title='bbox 3045 4322 3102 4379; x_wconf 62' lang='lat' dir='ltr'><strong>p,</strong></span> <span class='ocrx_word' id='word_1_468' title='bbox 3143 4298 3268 4385; x_wconf 58' lang='lat'><strong>19),</strong></span> 
     </span>
     <span class='ocr_line' id='line_1_45' title="bbox 650 4366 1933 4489; baseline -0.001 -70"><span class='ocrx_word' id='word_1_469' title='bbox 650 4384 779 4419; x_wconf 88' lang='lat' dir='ltr'><strong>rum</strong></span> <span class='ocrx_word' id='word_1_470' title='bbox 833 4384 875 4421; x_wconf 80' lang='grc'><strong>8.</strong></span> <span class='ocrx_word' id='word_1_471' title='bbox 923 4366 1266 4436; x_wconf 74' lang='lat' dir='ltr'><strong>Scripturas,</strong></span> <span class='ocrx_word' id='word_1_472' title='bbox 1330 4383 1475 4435; x_wconf 85' lang='lat' dir='ltr'><strong>quae</strong></span> <span class='ocrx_word' id='word_1_473' title='bbox 1539 4366 1600 4419; x_wconf 90' lang='lat' dir='ltr'><strong>in</strong></span> <span class='ocrx_word' id='word_1_474' title='bbox 1663 4366 1933 4489; x_wconf 59' lang='lat' dir='ltr'><strong>operibus</strong></span> 
     </span>
    </p>
   </div>
   <div class='ocr_carea' id='block_1_5' title="bbox 653 4391 3270 4946">
    <p class='ocr_par' dir='ltr' id='par_1_6' title="bbox 654 4391 3269 4566">
     <span class='ocr_line' id='line_1_46' title="bbox 654 4391 3269 4508; baseline 0.001 -17"><span class='ocrx_word' id='word_1_475' title='bbox 654 4457 697 4491; x_wconf 88' lang='lat' dir='ltr'><strong>s.</strong></span> <span class='ocrx_word' id='word_1_476' title='bbox 724 4436 996 4491; x_wconf 77' lang='lat' dir='ltr'><strong>Ber-nardi</strong></span> <span class='ocrx_word' id='word_1_477' title='bbox 1017 4436 1259 4508; x_wconf 77' lang='lat' dir='ltr'><strong>sparsim</strong></span> <span class='ocrx_word' id='word_1_478' title='bbox 1285 4437 1670 4508; x_wconf 86' lang='lat' dir='ltr'><strong>reperiuntur,</strong></span> <span class='ocrx_word' id='word_1_479' title='bbox 1745 4435 1933 4490; x_wconf 84' lang='lat' dir='ltr'><strong>arisiis</strong></span> <span class='ocrx_word' id='word_1_480' title='bbox 1987 4391 2219 4450; x_wconf 65' lang='lat' dir='ltr'><strong>Pmtms</strong></span> <span class='ocrx_word' id='word_1_481' title='bbox 2253 4411 2343 4467; x_wconf 61' lang='lat'><strong>⁰1³⁸</strong></span> <span class='ocrx_word' id='word_1_482' title='bbox 2375 4391 2530 4494; x_wconf 40' lang='lat' dir='ltr'><strong>mira</strong></span> <span class='ocrx_word' id='word_1_483' title='bbox 2560 4396 2658 4492; x_wconf 48' lang='lat' dir='ltr'><strong>cit‘</strong></span> <span class='ocrx_word' id='word_1_484' title='bbox 2680 4410 3002 4493; x_wconf 47' lang='lat' dir='ltr'><strong>Speqlmuia</strong></span> <span class='ocrx_word' id='word_1_485' title='bbox 3032 4392 3269 4451; x_wconf 62' lang='lat' dir='ltr'>e¹h¹bet</span> 
     </span>
     <span class='ocr_line' id='line_1_47' title="bbox 655 4480 3265 4566; baseline 0 -28"><span class='ocrx_word' id='word_1_486' title='bbox 655 4514 809 4566; x_wconf 65' lang='lat'><strong>1555.</strong></span> <span class='ocrx_word' id='word_1_487' title='bbox 1989 4498 2055 4538; x_wconf 90' lang='lat' dir='ltr'><strong>ex</strong></span> <span class='ocrx_word' id='word_1_488' title='bbox 2093 4489 2172 4543; x_wconf 86' lang='lat'><strong>25</strong></span> <span class='ocrx_word' id='word_1_489' title='bbox 2207 4480 2566 4539; x_wconf 72' lang='lat' dir='ltr'><strong>sermombus</strong></span> <span class='ocrx_word' id='word_1_490' title='bbox 2597 4499 2662 4539; x_wconf 85' lang='lat' dir='ltr'><strong>m</strong></span> <span class='ocrx_word' id='word_1_491' title='bbox 2693 4498 2889 4540; x_wconf 79' lang='lat' dir='ltr'><strong>varios</strong></span> <span class='ocrx_word' id='word_1_492' title='bbox 2910 4481 3038 4540; x_wconf 79' lang='lat' dir='ltr'><strong>dies</strong></span> <span class='ocrx_word' id='word_1_493' title='bbox 3064 4482 3265 4550; x_wconf 81' lang='lat' dir='ltr'><strong>festos,</strong></span> 
     </span>
    </p>

    <p class='ocr_par' dir='ltr' id='par_1_7' title="bbox 726 4566 3268 4654">
     <span class='ocr_line' id='line_1_48' title="bbox 726 4566 3268 4654; baseline 0.001 -22"><span class='ocrx_word' id='word_1_494' title='bbox 726 4585 768 4646; x_wconf 71' lang='grc' dir='ltr'><strong>ε)</strong></span> <span class='ocrx_word' id='word_1_495' title='bbox 798 4579 879 4634; x_wconf 81' lang='lat' dir='ltr'><strong>cf.</strong></span> <span class='ocrx_word' id='word_1_496' title='bbox 908 4580 1052 4633; x_wconf 72' lang='lat' dir='ltr'><strong>nist.</strong></span> <span class='ocrx_word' id='word_1_497' title='bbox 1080 4578 1167 4633; x_wconf 81' lang='lat' dir='ltr'><strong>lit.</strong></span> <span class='ocrx_word' id='word_1_498' title='bbox 1194 4579 1668 4644; x_wconf 76' lang='lat' dir='ltr'><strong>X111,461-469.</strong></span> <span class='ocrx_word' id='word_1_499' title='bbox 1782 4573 1792 4582; x_wconf 87' lang='grc'><em>·</em></span> <span class='ocrx_word' id='word_1_500' title='bbox 1988 4569 2095 4646; x_wconf 88' lang='lat' dir='ltr'><strong>qui</strong></span> <span class='ocrx_word' id='word_1_501' title='bbox 2127 4569 2277 4628; x_wconf 82' lang='lat' dir='ltr'><strong>forte</strong></span> <span class='ocrx_word' id='word_1_502' title='bbox 2324 4569 2514 4646; x_wconf 82' lang='lat' dir='ltr'><strong>ipsius</strong></span> <span class='ocrx_word' id='word_1_503' title='bbox 2561 4572 2706 4628; x_wconf 80' lang='lat' dir='ltr'><strong>sunt</strong></span> <span class='ocrx_word' id='word_1_504' title='bbox 2757 4566 2842 4652; x_wconf 85' lang='lat' dir='ltr'><strong>(p.</strong></span> <span class='ocrx_word' id='word_1_505' title='bbox 2884 4567 3268 4654; x_wconf 83' lang='lat'>126—147).</span> 
     </span>
    </p>

    <p class='ocr_par' dir='ltr' id='par_1_8' title="bbox 653 4650 3270 4946">
     <span class='ocr_line' id='line_1_49' title="bbox 729 4650 1934 4722; baseline 0 -18"><span class='ocrx_word' id='word_1_506' title='bbox 729 4659 769 4722; x_wconf 51' lang='grc' dir='ltr'><strong>ὃ)</strong></span> <span class='ocrx_word' id='word_1_507' title='bbox 798 4652 963 4706; x_wconf 88' lang='lat' dir='ltr'><strong>Alius</strong></span> <span class='ocrx_word' id='word_1_508' title='bbox 990 4667 1024 4704; x_wconf 89' lang='lat' dir='ltr'><strong>a</strong></span> <span class='ocrx_word' id='word_1_509' title='bbox 1043 4650 1086 4704; x_wconf 92' lang='lat' dir='ltr'>L</span> <span class='ocrx_word' id='word_1_510' title='bbox 1106 4669 1136 4705; x_wconf 94' lang='lat' dir='ltr'><strong>o</strong></span> <span class='ocrx_word' id='word_1_511' title='bbox 1156 4670 1210 4704; x_wconf 89' lang='lat' dir='ltr'><strong>m</strong></span> <span class='ocrx_word' id='word_1_512' title='bbox 1229 4652 1265 4705; x_wconf 86' lang='lat' dir='ltr'><strong>b</strong></span> <span class='ocrx_word' id='word_1_513' title='bbox 1280 4668 1313 4704; x_wconf 88' lang='lat' dir='ltr'><strong>a</strong></span> <span class='ocrx_word' id='word_1_514' title='bbox 1329 4669 1357 4704; x_wconf 89' lang='lat' dir='ltr'><strong>r</strong></span> <span class='ocrx_word' id='word_1_515' title='bbox 1372 4651 1408 4705; x_wconf 91' lang='lat' dir='ltr'><strong>d</strong></span> <span class='ocrx_word' id='word_1_516' title='bbox 1426 4669 1457 4706; x_wconf 95' lang='lat' dir='ltr'><strong>o</strong></span> <span class='ocrx_word' id='word_1_517' title='bbox 1496 4650 1822 4720; x_wconf 85' lang='lat' dir='ltr'><strong>placentino</strong></span> <span class='ocrx_word' id='word_1_518' title='bbox 1849 4666 1934 4704; x_wconf 90' lang='lat' dir='ltr'><strong>ro-</strong></span> 
     </span>
     <span class='ocr_line' id='line_1_50' title="bbox 653 4722 1933 4778; baseline -0.001 -1"><span class='ocrx_word' id='word_1_519' title='bbox 653 4740 855 4777; x_wconf 83' lang='lat' dir='ltr'><strong>manae</strong></span> <span class='ocrx_word' id='word_1_520' title='bbox 884 4722 1167 4777; x_wconf 84' lang='lat' dir='ltr'><strong>Ecclesiae</strong></span> <span class='ocrx_word' id='word_1_521' title='bbox 1183 4722 1530 4778; x_wconf 86' lang='lat' dir='ltr'><strong>subdiacono</strong></span> <span class='ocrx_word' id='word_1_522' title='bbox 1549 4726 1607 4777; x_wconf 90' lang='lat' dir='ltr'><strong>et</strong></span> <span class='ocrx_word' id='word_1_523' title='bbox 1621 4722 1933 4777; x_wconf 85' lang='lat' dir='ltr'><strong>domestico</strong></span> 
     </span>
     <span class='ocr_line' id='line_1_51' title="bbox 654 4793 3270 4867; baseline -0.001 -18"><span class='ocrx_word' id='word_1_524' title='bbox 654 4795 954 4862; x_wconf 85' lang='lat' dir='ltr'><strong>exsiliique</strong></span> <span class='ocrx_word' id='word_1_525' title='bbox 982 4794 1135 4848; x_wconf 89' lang='lat' dir='ltr'><strong>socio</strong></span> <span class='ocrx_word' id='word_1_526' title='bbox 1158 4812 1198 4849; x_wconf 89' lang='lat' dir='ltr'><strong>s.</strong></span> <span class='ocrx_word' id='word_1_527' title='bbox 1216 4794 1465 4848; x_wconf 77' lang='lat' dir='ltr'><strong>&#39;rhomae</strong></span> <span class='ocrx_word' id='word_1_528' title='bbox 1483 4797 1649 4860; x_wconf 74' lang='lat' dir='ltr'><strong>cant..</strong></span> <span class='ocrx_word' id='word_1_529' title='bbox 1676 4793 1933 4861; x_wconf 86' lang='lat' dir='ltr'><strong>quivero</strong></span> <span class='ocrx_word' id='word_1_530' title='bbox 2069 4799 2104 4864; x_wconf 85' lang='lat'><strong>¹)</strong></span> <span class='ocrx_word' id='word_1_531' title='bbox 2134 4794 2212 4847; x_wconf 90' lang='lat' dir='ltr'><strong>De</strong></span> <span class='ocrx_word' id='word_1_532' title='bbox 2252 4793 2559 4850; x_wconf 88' lang='lat' dir='ltr'><strong>Lombardi</strong></span> <span class='ocrx_word' id='word_1_533' title='bbox 2600 4794 2959 4851; x_wconf 85' lang='lat' dir='ltr'><strong>sermonibus</strong></span> <span class='ocrx_word' id='word_1_534' title='bbox 3006 4811 3174 4867; x_wconf 86' lang='lat' dir='ltr'><strong>saepe</strong></span> <span class='ocrx_word' id='word_1_535' title='bbox 3215 4800 3270 4848; x_wconf 90' lang='lat' dir='ltr'><strong>et</strong></span> 
     </span>
     <span class='ocr_line' id='line_1_52' title="bbox 654 4864 3268 4946; baseline 0 -26"><span class='ocrx_word' id='word_1_536' title='bbox 654 4866 884 4921; x_wconf 86' lang='lat' dir='ltr'><strong>nomine</strong></span> <span class='ocrx_word' id='word_1_537' title='bbox 943 4864 1273 4946; x_wconf 33' lang='lat' dir='ltr'><strong>‘appellatur</strong></span> <span class='ocrx_word' id='word_1_538' title='bbox 1349 4865 1803 4920; x_wconf 75' lang='lat' dir='ltr'><strong>Hei-ibertus</strong></span> <span class='ocrx_word' id='word_1_539' title='bbox 1865 4865 1934 4918; x_wconf 90' lang='lat' dir='ltr'><strong>de</strong></span> <span class='ocrx_word' id='word_1_540' title='bbox 1989 4868 2253 4920; x_wconf 85' lang='lat' dir='ltr'><strong>accurate</strong></span> <span class='ocrx_word' id='word_1_541' title='bbox 2280 4865 2507 4920; x_wconf 87' lang='lat' dir='ltr'><strong>disserit</strong></span> <span class='ocrx_word' id='word_1_542' title='bbox 2546 4867 2815 4921; x_wconf 76' lang='lat' dir='ltr'><strong>Haureau</strong></span> <span class='ocrx_word' id='word_1_543' title='bbox 2860 4882 2952 4937; x_wconf 88' lang='lat' dir='ltr'><strong>op.</strong></span> <span class='ocrx_word' id='word_1_544' title='bbox 2991 4866 3088 4920; x_wconf 86' lang='lat' dir='ltr'><strong>cit.</strong></span> <span class='ocrx_word' id='word_1_545' title='bbox 3117 4882 3268 4937; x_wconf 87' lang='lat' dir='ltr'><strong>prae·</strong></span> 
     </span>
    </p>
   </div>
   <div class='ocr_carea' id='block_1_6' title="bbox 652 4936 2545 4994">
    <p class='ocr_par' dir='ltr' id='par_1_9' title="bbox 652 4936 2545 4994">
     <span class='ocr_line' id='line_1_53' title="bbox 652 4936 2545 4994; baseline 0 -3"><span class='ocrx_word' id='word_1_546' title='bbox 652 4938 882 4992; x_wconf 79' lang='lat' dir='ltr'><strong>Boshan</strong></span> <span class='ocrx_word' id='word_1_547' title='bbox 910 4953 1029 4990; x_wconf 79' lang='lat' dir='ltr'><strong>sive</strong></span> <span class='ocrx_word' id='word_1_548' title='bbox 1057 4936 1435 4991; x_wconf 87' lang='lat' dir='ltr'><strong>Bosianensis.</strong></span> <span class='ocrx_word' id='word_1_549' title='bbox 1992 4938 2184 4992; x_wconf 86' lang='lat' dir='ltr'><strong>sertim</strong></span> <span class='ocrx_word' id='word_1_550' title='bbox 2213 4937 2253 4992; x_wconf 86' lang='lat'><strong>1.</strong></span> <span class='ocrx_word' id='word_1_551' title='bbox 2281 4941 2545 4994; x_wconf 71' lang='lat' dir='ltr'><strong>sle-23.</strong></span> 
     </span>
    </p>
   </div>
   <div class='ocr_carea' id='block_1_7' title="bbox 648 4084 971 4095">
    <p class='ocr_par' dir='ltr' id='par_1_10' title="bbox 648 4084 971 4095">
     <span class='ocr_line' id='line_1_54' title="bbox 648 4084 971 4095; baseline 0 1269"><span class='ocrx_word' id='word_1_552' title='bbox 648 4084 971 4095; x_wconf 95' lang='lat' dir='ltr'><strong> </strong></span> 
     </span>
    </p>
   </div>
   <div class='ocr_carea' id='block_1_8' title="bbox 1987 4709 2308 4719">
    <p class='ocr_par' dir='ltr' id='par_1_11' title="bbox 1987 4709 2308 4719">
     <span class='ocr_line' id='line_1_55' title="bbox 1987 4709 2308 4719; baseline 0 0"><span class='ocrx_word' id='word_1_553' title='bbox 1987 4709 2308 4719; x_wconf 95' lang='lat' dir='ltr'><strong> </strong></span> 
     </span>
    </p>
   </div>
  </div>
 </body>
</html>
