3475 5364
661 348 781 402 547
895 334 1035 387 1326
1054 334 1267 387 --1350.
1297 330 1490 385 Theol.
1519 331 1695 385 schol.
1728 330 2087 397 Carmentae,
2119 328 2320 383 Petrus
2346 329 2414 382 de
2444 328 2601 392 Casa,
2628 327 2716 381 Jo.
2745 328 2814 379 de
2833 325 3047 380 ALetc.
3156 342 3257 395 543

655 517 767 574 rite
799 521 861 576 et
891 516 1166 581 canonice
1198 516 1447 595 eligitur
1478 514 1587 597 (13
1608 531 1619 575 Ι
1641 515 1734 594 8);
1772 519 1935 593 post·
1995 515 2152 577 enim
2185 518 2313 575 erat
2344 517 2617 594 acceptor
2662 531 3000 581 munerum,
3054 528 3159 570 nec
3185 530 3262 570 sc-
3369 572 3376 581 ,

654 605 892 667 modum
928 623 1067 666 vero
1098 624 1202 681 per
1232 605 1429 669 sedem
1460 606 1843 683 apostolicam
1874 606 1938 667 in
1993 608 2199 678 ceptor
2229 604 2514 681 diguatus
2559 606 2650 661 est
2699 620 2829 661 esse
2861 618 3263 677 personarum:
3365 590 3378 627 ξ

656 695 993 775 episcopum
1056 694 1496 771 majoricensem
1554 690 1782 776 (1321)
1835 714 1939 753 seu
1994 697 2121 757 erat
2151 693 2314 759 onim
2344 693 2409 755 in
2433 691 2660 768 judicio
2691 694 2910 760 rectus,
2943 690 3011 748 in
3044 688 3265 765 dispen-

660 780 886 864 (1232)
922 802 1241 849 cunensem
1275 781 1338 864 (i.
1362 802 1409 842 e.
1431 784 1503 848 ad
1524 785 1826 849 elnensem
1847 787 1941 847 est
1995 782 2222 848 satione
2244 782 2600 851 industriae,
2621 781 2685 845 in
2706 779 3049 855 recipiendo
3067 777 3266 837 discre-

657 870 1030 951 translatus),
1078 873 1281 951 sicque
1330 873 1391 935 in
1426 873 1718 939 Avinioue
1755 868 1938 955 (recte
1993 876 2112 934 tus.
2146 873 2267 937 Iste
2298 874 2392 937 est
2421 870 2582 935 enim
2615 870 2719 947 qui
2753 869 2984 929 ordinis
3019 867 3267 944 regulam

655 957 924 1042 Parisiis)
946 980 1080 1021 cum
1099 961 1420 1037 pontificali
1442 962 1660 1027 honore
1679 963 1940 1040 glorioso
1994 964 2058 1021 et
2088 960 2543 1022 caeremonialia
2580 958 2655 1019 ad
2687 976 2952 1035 unguem
2984 956 3268 1017 observari

656 1050 773 1108 fine
822 1051 1055 1126 quievit
1102 1051 1165 1108 in
1216 1068 1354 1127 pace
1408 1048 1534 1131 (21.
1571 1047 1748 1132 Aug.)
1787 1072 1835 1113 a.
1874 1052 1937 1111 D.
1995 1050 2263 1121 faciebat,
2286 1066 2572 1125 expensas
2593 1066 2995 1123 supervacuas
3014 1064 3269 1121 supreme

664 1148 887 1202 1342<
908 1139 1734 1216 Reliquitetiamquodlibeta,
1755 1160 1934 1216 quae·
1996 1139 2243 1209 vitabat,
2290 1138 2477 1197 bonos
2526 1137 2824 1197 exaltabat
2862 1139 2926 1195 et
2956 1136 3145 1194 malos
3176 1135 3270 1193 mi·

656 1228 897 1297 stioneS,
946 1228 1370 1293 commentaria
1414 1230 1477 1293 in
1522 1230 1752 1304 aliquot
1801 1229 1858 1289 ll.
1894 1248 1938 1288 s.
1996 1227 2370 1291 sericorditer
2401 1226 2705 1302 puniebat.
2743 1225 2852 1284 Hic
2870 1224 3030 1285 enim
3050 1227 3270 1286 tantum

656 1319 1013 1393 Scripturae‚
1049 1318 1472 1381 commentaria
1523 1314 1844 1400 (accurata)
1877 1319 1942 1377 in

657 1407 856 1482 plures
889 1408 948 1464 11.
982 1406 1329 1470 Aristotelis
1352 1403 1648 1489 (inedita),
1672 1427 1937 1484 praeser-

654 1496 765 1557 tim
798 1497 860 1555 in
896 1504 931 1560 8
966 1496 1025 1554 ll.
1060 1495 1420 1561 Ethicorum.

749 1682 890 1739 282.
922 1674 1031 1733 His
1063 1693 1133 1739 ex
1165 1673 1366 1733 eadem
1388 1674 1782 1741 familiaadde
1818 1676 1939 1733 Pe-

656 1767 859 1822 trum
892 1762 965 1825 de
997 1763 1179 1823 Casa
1212 1759 1311 1843 (de
1327 1763 1700 1834 Casis‚Cesis‚
1726 1765 1939 1832 Caesis,

657 1852 872 1920 Cassia,
920 1852 1324 1918 Des—Maisons
1369 1847 1506 1936 etc.)
1565 1853 1942 1919 Lemovicen-

657 1960 798 2012 sem,
833 1940 937 2016 qui
974 1940 1286 2009 ,doctrina
1317 1945 1376 2001 et
1409 1943 1703 2020 sapientia
1755 1942 1942 2020 insig-

1997 1316 2208 1377 dilexit
2238 1317 2426 1379 vitam
2458 1315 3002 1393 contemplativam,
3025 1314 3186 1390 quod
3215 1318 3270 1372 ut

1996 1406 2245 1469 liberius
2297 1405 2535 1467 lectioni
2585 1408 2692 1466 aut
2739 1404 2974 1468 divinae
3026 1407 3271 1465 contem·

1996 1495 2247 1570 plationi
2309 1497 2547 1560 vacaret
2598 1494 2660 1552 in
2710 1493 2976 1573 capitulo
3025 1493 3271 1569 generali

1997 1584 2290 1648 celebrato
2313 1582 2700 1649 valenchenis
2730 1583 3065 1661 resignavit
3096 1581 3272 1641 officio

1997 1674 2394 1750 generalatus.
2446 1671 2834 1735 Postmodum
2880 1690 3024 1730 vero
3069 1672 3132 1729 in
3182 1672 3273 1729 Dei

1998 1763 2209 1822 timore
2238 1766 2301 1821 et
2321 1761 2602 1823 laudibus
2637 1779 3027 1836 perseverans
3046 1761 3272 1820 Tolosae

2000 1851 2537 1917 incontaminatum
2570 1849 2834 1910 reddidit
2867 1850 3150 1929 spiritum
3172 1850 3271 1913 Do·

1998 1941 2161 2003 mino
2177 1940 2470 2021 (23.Nov.
2510 1934 2765 2018 1342).‹
2795 1940 2890 1998 Ita
2918 1939 2957 1996 l.
2993 1958 3041 1998 c.
3062 1959 3118 2017 p.
3144 1948 3272 2003 379.

656 2030 748 2093 nis
783 2028 974 2105 fuit1).
1022 2029 1188 2091 Unde
1219 2050 1400 2106 quam
1434 2032 1692 2106 plurima
1724 2031 1945 2108 scripta
1998 2030 2308 2093 Tribuitur
2353 2029 2465 2106 ipsi
2510 2028 2691 2087 etiam
2742 2029 2974 2089 lectura
3004 2027 3272 2087 notabilis

659 2138 840 2197 super
890 2128 929 2182 4
979 2118 1040 2181 ll.
1104 2119 1537 2184 sententiarum
1569 2121 1940 2196 conscripsit.
1995 2119 2059 2178 in
2091 2118 2588 2181 Ecclesiasticum.
2620 2150 2705 2161 -
2742 2118 3184 2181 Guilelmus
3213 2117 3273 2173 de

657 2216 836 2283 alque
867 2207 1294 2283 pulcherrimas
1327 2209 1665 2273 collationes
1711 2210 1785 2268 ad
1819 2213 1942 2272 sta-
2002 2209 2232 2272 Sanvi
2253 2208 2451 2267 liaco
2483 2206 2808 2267 Tolosanus
2843 2203 2904 2288 (†
2945 2208 3158 2287 1348),
3190 2208 3271 2269 cui

656 2300 757 2359 tus
790 2296 993 2362 edidit.
1057 2297 1168 2361 Hic
1218 2300 1279 2356 in
1312 2298 1572 2373 priorem
1604 2300 1940 2375 generalem
1997 2297 2354 2361 tribuuntur
2413 2296 2478 2354 ll.
2535 2306 2568 2363 2
2623 2314 2804 2371 super
2856 2305 2893 2358 4
2943 2295 3271 2355 decretalae.

657 2387 767 2444 rite
788 2392 850 2445 et
869 2386 1147 2451 canonice
1167 2387 1413 2464 eligitur
1434 2384 1653 2470 (1330,
1682 2388 1946 2463 praefuit
1998 2386 2287 2464 expositio
2319 2385 2554 2455 missae,
2607 2389 2669 2447 et
2718 2385 3056 2445 secundum
3086 2384 3272 2446 Fabri-

658 2497 707 2535 a.
769 2470 979 2555 11²l2).
1045 2476 1432 2539 Postmodum
1482 2496 1622 2536 vero
1675 2480 1944 2553 tempore
2000 2476 2157 2536 cium
2211 2472 2342 2558 (III,
2400 2471 2548 2555 154)
2615 2473 2940 2537 chronicon
2997 2475 3156 2533 breve
3213 2473 3272 2531 de

656 2583 840 2641 papae
873 2564 1119 2629 Joaunis
1156 2562 1383 2642 (XXII.)
1429 2584 1538 2641 pro
1588 2565 1700 2625 fide
1745 2567 1942 2625 catho-

656 2654 767 2714 lica
797 2652 1100 2733 granditer
1133 2654 1427 2732 affligitur
1462 2650 1562 2734 (ob
1595 2660 1937 2715 controver-

658 2744 809 2802 siam
855 2743 926 2801 de
974 2743 1197 2803 visione
1233 2745 1337 2804 Dei
1369 2748 1507 2806 ante
1554 2745 1941 2810 resurrectio·

656 2828 835 2911 nem),
871 2832 972 2890 sed
1001 2833 1248 2894 Domino
1270 2833 1593 2909 adjuvante
1623 2834 1942 2896 tribulatio

658 2921 816 2979 illico
852 2922 1109 2980 vertitur
1157 2922 1221 2979 in
1253 2922 1557 2999 gaudium,
1613 2942 1756 2984 nam
1798 2924 1862 2981 D.
1899 2924 1943 2979 P

657 3008 1017 3070 Benedictus
1051 3009 1145 3068 XI.
1182 3007 1406 3092 (polius
1438 3006 1591 3091 XII.)
1628 3011 1942 3077 attendens

657 3099 723 3160 in
753 3117 819 3158 eo
853 3098 1157 3161 doctrinae
1187 3100 1509 3162 catholicae
1529 3101 1941 3170 constantiam,

656 3206 791 3252 eum
855 3188 1199 3264 episcopum
1251 3189 1657 3254 vasionensem
1722 3190 1944 3250 creavit

657 3272 730 3358 (a.
774 3272 987 3356 1341),
1022 3278 1397 3356 postmodum
1432 3274 1658 3358 (1342)
1706 3298 1845 3342 vero
1878 3280 1941 3344 P.

660 3366 923 3431 Clemens
960 3363 1050 3425 VI.
1085 3366 1148 3427 in
1179 3367 1635 3446 patriarchalem
1679 3366 1940 3443 dignita-

656 3458 771 3516 tem
803 3455 1363 3534 Jerosolymitanam
1396 3456 1716 3518 salubriter
1750 3457 1936 3520 subli-

656 3546 841 3608 mavit
890 3542 950 3624 (†
999 3554 1052 3610 3.
1103 3547 1195 3604 vel
1239 3556 1292 3607 4.
1340 3546 1493 3622 Aug.
1552 3541 1808 3626 1348).‘
1859 3581 1941 3589 —

658 3634 1021 3696 Sibertus
1069 3633 1141 3695 de
1191 3635 1392 3699 Beka
1439 3636 1739 3711 (corrupte
1784 3634 1940 3693 Bel-

657 3728 728 3781 te
746 3743 785 3782 u
804 3719 855 3802 s)
893 3722 1252 3784 Geldriensis
1277 3744 1332 3786 n.
1353 3742 1399 3781 c.
1426 3733 1587 3790 1270
1611 3720 1670 3804 (†
1689 3734 1788 3790 29.
1813 3725 1942 3783 Dec.

666 3810 877 3893 1333),
912 3812 1246 3888 provinciae
1276 3815 1649 3888 praepositus
1674 3832 1722 3870 a.
1759 3823 1942 3883 1327,

656 3901 1032 3965 concinnavit
1078 3902 1261 3966 etiam
1311 3903 1611 3962 Summam
1662 3920 1939 3966 censura·

2000 2566 2314 2627 amissione
2360 2564 2859 2623 monasteriorum
2906 2566 3103 2622 terrae
3152 2582 3195 2621 s.
3224 2566 3274 2619 et

2000 2654 2072 2715 de
2105 2653 2608 2730 multiplicatione
2641 2653 2705 2713 Ο.
2729 2654 2914 2714 Carm.
2947 2671 3055 2732 per
3087 2652 3273 2730 Syriae

1999 2744 2338 2819 provincias
2370 2760 2435 2806 ac
2466 2743 2727 2808 adventu
2748 2742 3197 2802 carmelitarum
3222 2742 3270 2804 in

2000 2834 2317 2908 Europam,
2366 2830 2662 2894 insertum
2698 2832 2732 2889 l.
2767 2832 2864 2890 IX.
2901 2832 3053 2896 Phil.
3089 2831 3271 2891 Riboti

1999 2923 2070 2980 de
2085 2922 2253 2982 rebus
2272 2917 2668 2984 carmelitanis
2700 2922 2762 2980 in
2783 2921 2930 2980 Dan.
2962 2941 2997 2979 a
3021 2920 3086 2980 V.
3105 2919 3276 2979 Maria

1998 3010 2453 3071 armamentario
2463 3010 2723 3081 Carmel„
2737 3011 3120 3087 Antverpiael
3137 3019 3174 3071 6
3185 3019 3273 3073 80:

2000 3104 2061 3162 et
2122 3119 2257 3164 cum
2309 3099 2470 3162 notis
2521 3099 2908 3159 Pabebrochii
2960 3100 3024 3159 in
3067 3099 3274 3176 proleg.

2000 3189 2073 3247 ad
2106 3193 2234 3250 acta
2267 3189 2364 3248 SS.
2414 3191 2455 3248 t.
2508 3198 2562 3254 3.
2598 3188 2740 3263 Maji
2772 3207 2828 3263 p.
2861 3187 3142 3247 Lx-Iv,
3173 3189 3272 3245 etc.

2001 3277 2308 3339 Fabricius
2354 3297 2493 3336 eum
2539 3278 2805 3355 assignat
2851 3296 2965 3337 sec.
3013 3276 3162 3337 XIII.
3197 3309 3272 3322 -

2003 3367 2049 3425 Ο
2068 3368 2150 3425 sb
2169 3370 2345 3427 ertu
2362 3385 2389 3426 s
2439 3361 2780 3449 (Otbertus)
2819 3367 3273 3444 Pickenghamus

1999 3456 2251 3534 Anglus‚
2274 3457 2590 3533 theologus
2610 3456 2963 3532 parisiensis
2988 3452 3050 3537 (†
3079 3451 3272 3533 1330),

1999 3545 2095 3608 cui
2126 3545 2487 3609 tribuuntur
2516 3550 2823 3623 praeterea
2854 3545 3129 3621 postillae
3157 3544 3218 3606 in
3236 3562 3271 3600 s

1999 3634 2208 3704 Biblini,
2259 3634 2746 3710 quodlibetorum
2791 3635 2852 3694 11.
2905 3643 2962 3702 2,
3009 3638 3084 3693 tr.
3132 3642 3165 3698 2
3209 3632 3272 3690 de

2000 3722 2388 3800 conceptione
2417 3723 2474 3782 b.
2512 3724 2584 3782 M.
2623 3722 2684 3786 V.
2720 3723 2945 3783 Tantae
2995 3724 3111 3786 suit
3140 3723 3271 3781 cele-

1999 3812 2240 3872 britatis
2277 3852 2304 3881 ,
2318 3816 2390 3876 ut
2408 3812 2620 3889 ingens
2641 3812 2988 3876 auditorum
3011 3829 3271 3874 numerus

1999 3902 2072 3960 ad
2135 3903 2265 3977 ejus
2328 3901 2756 3978 praelectiones
2833 3906 3140 3978 tamquam
3211 3899 3269 3963 ad

657 4009 790 4049 rum
821 3990 959 4054 novi
987 3991 1143 4064 juris
1190 3994 1249 4049 et
1295 3991 1531 4068 scripsit
1581 3991 1644 4049 in
1676 3991 1940 4068 regulam
2001 3994 2445 4049 sacrosanctum
2464 3991 2770 4049 oraculum
2785 3992 3270 4050 convolaret‘--

656 4079 884 4137 ordinis
917 4080 1028 4148 sui,
1063 4079 1166 4156 qui
1199 4081 1235 4136 1.
1268 4083 1463 4144 exstat
1508 4084 1846 4156 postremus
1879 4080 1944 4140 in
2000 4079 2332 4139 Adamas
2383 4079 2456 4140 de
2506 4080 2659 4138 Bod
2681 4097 2888 4138 romo
2952 4079 3269 4160 (Vodromo.

660 4168 806 4226 Phil.
842 4168 1073 4227 Ribot
1121 4167 1179 4225 ll.
1246 4181 1317 4232 10
1371 4170 1444 4228 de
1488 4171 1848 4232 institutione
1894 4178 1943 4228 et
2001 4164 2293 4249 Bodmen)
2312 4172 2542 4230 Suevus
2567 4164 2647 4249 (fl.
2670 4186 2716 4226 c.
2751 4169 2967 4239 1350).
2993 4169 3119 4227 -J
3131 4188 3268 4228 oan-

651 4257 1044 4332 peculiaribus
1068 4258 1240 4336 yestt's
1265 4257 1715 4318 Carmelitarum
1750 4257 1941 4318 Vene-
1999 4277 2038 4316 n
2056 4277 2088 4316 e
2105 4277 2132 4318 s
2167 4257 2238 4320 de
2261 4257 2332 4318 W
2349 4278 2383 4317 a
2398 4258 2419 4315 1
2437 4276 2465 4315 s
2483 4258 2501 4317 i
2520 4276 2560 4316 n
2578 4278 2619 4336 g
2633 4278 2668 4315 a
2683 4278 2741 4321 m
2762 4257 3269 4338 (Walsinghamus.

655 4347 760 4404 tiis
828 4357 981 4410 1507
1037 4348 1285 4408 excusis.
1337 4381 1424 4391 —-
1472 4348 1511 4406 J
1529 4366 1724 4408 oann
1746 4367 1776 4405 e
1794 4367 1821 4406 s
1871 4348 1942 4408 de
2003 4346 2831 4424 Walsigham,Walgrametc.)
2843 4346 3268 4407 Norfolciensis.

655 4436 921 4494 Alerio
956 4436 1299 4506 Tolosanus,
1336 4437 1618 4514 magister
1648 4436 1942 4512 parisien·-
1998 4436 2257 4504 Parisiis,
2292 4435 2429 4494 dein
2451 4435 2662 4495 Oxonii
2693 4435 2915 4505 docuit,
2950 4435 3270 4512 provinciae

655 4525 753 4594 εἰς,
794 4526 1101 4592 ,doctrina
1132 4531 1193 4584 et
1222 4544 1454 4585 morum
1507 4526 1815 4585 honestate
1850 4527 1941 4583 in-
2002 4524 2064 4589 iu
2099 4524 2317 4601 Anglia
2348 4524 2725 4606 praepositus
2760 4521 2821 4605 (†
2841 4543 2886 4583 c.
2919 4523 3136 4608 1339),
3159 4525 3270 4594 ,vir

657 4614 843 4692 signis
906 4615 1174 4674 ordinem
1237 4615 1388 4674 rexit
1449 4609 1676 4699 (1321)
1730 4634 1938 4674 novem
1999 4614 2062 4675 in
2078 4615 2302 4674 divinis
2319 4614 2642 4689 Scripturis
2664 4613 2944 4674 eruditus
2959 4619 3022 4674 et
3036 4613 3269 4674 seculari

655 4724 701 4762 a.
737 4704 996 4770 multum
1029 4704 1338 4763 humiliter
1383 4710 1444 4763 et
1477 4705 1773 4764 virtuose:
1822 4723 1941 4762 non
1998 4703 2376 4780 philosophia
2435 4703 2718 4762 nobiliter
2763 4704 2997 4773 doctus,
3049 4704 3269 4783 ingenio

2000 4792 2244 4852 subtilis
2341 4795 2404 4851 et
2498 4797 2713 4854 acutus
2807 4786 3266 4873 (Trithemius)‚‘

734 4899 769 4966 ¹)
798 4895 885 4948 Ita
926 4895 986 4948 in
1029 4892 1227 4948 eodem
1269 4892 1528 4962 catalogo
1557 4892 1593 4944 l.
1624 4911 1667 4946 c.
1697 4910 1793 4962 pg.
1819 4896 1941 4948 373.
1999 4882 2216 4941 Joanni
2250 4881 2427 4942 XXII.
2471 4885 2531 4940 et
2560 4881 2885 4948 Benedicta
2919 4881 3047 4940 XII.
3097 4900 3266 4942 carus,
