3475 5364
223 364 341 418 209

684 346 718 400 J
725 363 790 400 us
817 362 939 401 can.
965 345 1225 411 Rufinus,
1250 345 1463 410 Simon,
1488 348 1520 401 J
1526 362 1671 409 oan.,
1698 345 2002 413 Laborans,
2032 346 2358 402 Gratianus.

2700 367 2824 420 210

226 533 479 592 tudinem
539 534 600 590 et
676 531 1057 601 soliditatem,
1132 532 1395 608 primum
1455 551 1489 589 a
1543 533 1800 591 rentiam
1817 536 2015 603 natue,
2034 532 2277 592 Parisiis
2290 534 2624 610 magisterii
2638 535 2827 611 gradu

219 622 452 682 Schulte
469 621 709 691 editam,
742 640 895 696 quae
914 625 1117 680 tamen
1146 621 1234 680 ed.
1269 624 1358 679 est
1377 621 1488 679 im·

221 712 466 787 perfecta
480 712 543 790 ¹),
577 710 1021 770 accuratissime
1042 729 1179 770 vero
1199 730 1234 769 a
1255 710 1485 787 Singer,

221 800 546 859 Pederborn
600 808 786 863 1902.
820 833 907 844 ——
941 800 1195 859 Simon
1228 800 1300 858 de
1333 799 1485 858 Bisi-

217 891 391 948 niano
404 889 660 947 Gratiani
673 889 827 948 forte
838 889 1168 965 discipulus
1186 890 1487 948 Summam

215 981 290 1036 in
331 979 621 1037 decretum
671 979 1011 1053 composuit
1059 974 1484 1059 (1174—79),

210 1087 367 1143 quae
421 1067 551 1125 ideo
600 1068 805 1144 magni
845 1067 965 1125 fuit
1012 1086 1160 1126 usus
1221 1068 1484 1143 practici,

209 1157 377 1233 quod
405 1157 721 1233 diligenter
765 1160 827 1215 et
867 1156 1100 1232 copiose
1146 1159 1357 1214 utatur
1387 1157 1487 1215 de-

207 1246 525 1305 cretalibus
558 1250 694 1320 post
737 1245 967 1305 editum
1012 1245 1313 1304 decretum
1348 1264 1484 1321 pro·

211 1334 490 1411 mulgatis
523 1332 596 1415 (c.
633 1332 744 1415 80)
779 1334 854 1393 ad
875 1335 1260 1393 illustrandas
1281 1335 1377 1394 vel
1396 1354 1487 1393 re-

204 1424 537 1482 formandas
552 1424 931 1499 quaestiones
949 1423 1020 1482 de
1032 1424 1170 1499 jure
1190 1424 1485 1483 canonico.

205 1513 304 1571 Ea
332 1516 516 1571 tamen
545 1512 1021 1571 mansitinedita.
1055 1546 1142 1556 --
1172 1512 1488 1572 Joannes

205 1603 491 1677 hispanus
524 1602 829 1660 Summam
862 1606 957 1660 sat
988 1602 1357 1677 completam,
1392 1620 1485 1661 ac-

205 1698 471 1750 curatam
501 1694 565 1750 et
594 1692 826 1760 utilem,
863 1692 927 1748 in
958 1692 1076 1766 qua
1107 1696 1168 1749 et
1197 1692 1485 1749 recentio-

201 1800 347 1838 rum
373 1780 754 1839 decretalium
801 1780 1091 1838 rationem
1136 1780 1331 1848 habet,
1366 1781 1485 1839 ela-

202 1870 445 1928 borasse
476 1887 520 1927 c.
554 1889 604 1927 a.
644 1881 668 1932 1
693 1878 811 1932 186
848 1868 1085 1927 dicitur.
1136 1903 1224 1912 —
1257 1869 1485 1928 Labo-

201 1978 387 2017 rans
429 1959 490 2015 in
520 1963 716 2016 castro
748 1960 1101 2016 Pantormae
1135 1977 1317 2033 prope
1351 1959 1483 2017 Flo·

199 2203 347 2255 1165
386 2198 705 2253 vollendete
745 2199 977 2252 Summa
1018 2198 1048 2248 d
1076 2218 1120 2255 3s
1148 2198 1227 2263 R„
1275 2201 1485 2254 welche

199 2271 385 2324 durch
425 2269 690 2340 Umfang.
734 2269 1046 2326 Riicksicht
1094 2271 1202 2323 auf
1246 2271 1485 2335 Quellen

197 2342 320 2394 und
368 2340 630 2411 geltende
676 2341 937 2411 Uebung,
984 2341 1361 2414 Behandlung
1406 2342 1480 2395 im

192 2413 565 2482 juristischen
606 2410 782 2466 Sinne
823 2413 943 2465 und
979 2413 1347 2483 Darstellung
1385 2415 1487 2469 der

200 2483 585 2553 allgemeinen
625 2484 844 2539 Lehren
886 2485 1052 2539 einen
1090 2490 1301 2555 gro'en
1327 2488 1485 2541 Fort-

198 2556 403 2610 schritt
426 2555 697 2609 aufweist
735 2555 854 2608 und
893 2574 964 2610 zu
1004 2557 1115 2610 den
1143 2557 1484 2614 bedeutend·
1541 2582 1819 2641 Summis,

201 2630 323 2681 stes
351 2626 640 2680 Schriften
669 2627 766 2680 des
797 2632 880 2684 12.
906 2628 1101 2682 Jahrb.
1127 2627 1345 2698 genart,
1393 2648 1482 2682 zu-

1543 623 1774 698 adepto,
1827 622 2096 687 Galliam,
2150 623 2538 693 Germaniam,
2590 624 2826 683 Italiam

1543 711 1924 786 Siciliamque
1951 714 2385 788 peragraverat,
2419 714 2481 771 et
2499 714 2576 772 ob
2595 713 2825 772 utrius·

1543 820 1660 876 que
1684 801 1844 875 juris
1877 801 2157 877 peritiam
2189 801 2504 860 cardinalis
2540 802 2824 861 diaconus

1552 899 1715 952 1173
1750 890 1825 948 ab
1858 890 2195 949 Alexandro
2227 891 2330 949 ΙΙΙ.
2378 894 2613 949 creatus
2665 895 2725 949 et
2757 893 2823 950 in

1543 979 1724 1037 variis
1755 980 2060 1038 adhibitus
2107 983 2200 1037 est
2248 979 2650 1056 legationibus
2686 978 2747 1057 (†
2778 1000 2822 1038 c.

1543 1088 1591 1125 a.
1632 1072 1845 1147 1189).
1912 1070 2093 1127 Porro
2140 1069 2267 1144 ipse
2318 1069 2621 1129 decretum
2651 1070 2823 1128 nisus

1542 1159 1636 1215 est
1665 1159 1946 1232 perficere
1967 1164 2027 1216 et
2048 1159 2341 1233 complere
2373 1158 2593 1217 additis
2625 1159 2825 1217 decre-

1541 1246 1767 1305 talibus
1817 1247 2147 1305 Innocentii
2179 1248 2271 1315 11„
2323 1247 2580 1323 Eugenii
2609 1247 2713 1305 111.
2765 1251 2826 1305 et

1544 1336 1868 1395 Alexandri
1900 1335 2022 1403 111„
2076 1335 2353 1394 omnibus
2403 1354 2556 1395 novo
2609 1337 2824 1413 magis·

1542 1443 1658 1498 que
1691 1425 2071 1500 systematico
2112 1425 2319 1483 ordine
2351 1425 2668 1500 dispositis
2703 1427 2822 1483 Ab·

1541 1514 1911 1573 solvitsuum
1922 1513 2180 1573 codicem
2196 1514 2647 1590 compilationis-1,
2664 1513 2824 1572 fruc-

1541 1606 1668 1660 tum
1684 1602 2023 1662 studiorum
2037 1603 2427 1678 laborumque
2441 1614 2473 1665 2
2486 1615 2518 1665 0
2533 1622 2825 1661 annorum

1542 1712 1591 1750 a·
1637 1700 1833 1756 1182:
1869 1711 2073 1751 verum
2106 1692 2170 1750 in
2203 1711 2271 1751 eo
2291 1712 2505 1769 parum
2523 1693 2643 1751 fuit
2662 1692 2821 1755 felix.

1541 1780 1833 1839 oblivioni
1884 1781 2048 1840 enim
2098 1781 2274 1840 datus
2320 1782 2437 1840 Fuit
2483 1782 2823 1857 mansitque

1543 1869 1805 1930 ineditus
1820 1866 1884 1951 1).
1932 1904 2015 1914 ——
2064 1871 2104 1928 J
2119 1889 2406 1929 oannes
2455 1871 2821 1929 Faventinus

1544 1956 1734 2033 (civis,
1785 1963 1856 2018 ut
1900 1959 2159 2029 videtur,
2207 1958 2293 2039 et)
2342 1960 2672 2035 episcopm,
2718 1959 2821 2017 ad-

1542 2048 1908 2107 dictissimus
1949 2049 2222 2124 partibus
2268 2049 2552 2107 Friderici
2585 2049 2628 2106 1.
2662 2048 2819 2124 imp..

1541 2137 1737 2212 ipsum
1770 2139 1842 2196 ad
1875 2137 2099 2196 bellum
2142 2156 2375 2196 sacrum
2409 2138 2726 2195 comitatus
2759 2138 2822 2195 in

1540 2226 1915 2301 expeditione
1945 2227 2160 2285 bellica
2189 2227 2342 2285 obiit
2373 2224 2426 2308 (1
2450 2222 2618 2307 190).
2653 2226 2822 2284 Sum-

1540 2335 1698 2373 mam
1718 2315 1959 2390 scripsit
1977 2311 2313 2397 (ineditam)
2329 2334 2510 2390 super
2524 2314 2821 2374 decretum

1539 2406 1920 2480 compilatam
1952 2424 2020 2463 ex
2054 2404 2329 2463 Rufini
2362 2403 2457 2485 (cf.
2492 2424 2624 2481 pag.
2662 2412 2815 2483 208)

1539 2496 1601 2551 et
1677 2493 2057 2568 Stephani
2136 2495 2232 2574 (de
2309 2512 2428 2568 quo
2494 2495 2562 2552 cf.
2640 2493 2821 2571 infra)

1883 2583 2193 2641 Praeterea
2236 2583 2476 2659 scripsit
2502 2584 2727 2660 ylo-aeas
2759 2582 2822 2640 in

195 2699 383 2824 ffieh
399 2700 529 2752 sehr
550 2699 904 2768 selbstandig
942 2701 1016 2753 ist
1041 2704 1145 2755 etc.
1199 2701 1281 2755 cf.
1310 2700 1483 2755 etiam
1539 2671 1862 2772 def‘rfimm’
1929 2692 2080 2774 {lu-{²0
2142 2671 2496 2749 PrOdiemnt
2555 2691 2690 2731 ‘mm
2731 2691 2821 2774 ‚⁶0

276 2789 397 2825 non
424 2770 598 2824 Rufin
627 2775 684 2825 et
710 2771 1008 2837 Huguccio
1036 2771 1206 2826 etnde
1234 2774 1303 2825 de
1331 2773 1480 2828 litte.
1539 2781 1803 2835 primum
1823 2763 2068 2820 Parisiis
2101 2772 2279 2825 1505.
2314 2763 2529 2839 Magna
2544 2765 2674 2820 erat
2691 2779 2821 2836 ejus

200 2846 388 2897 rature
418 2843 480 2895 in
510 2842 795 2896 Nouvelle
826 2842 1015 2897 Revue
1055 2844 1188 2896 hist.
1231 2844 1300 2897 de
1327 2845 1483 2899 droit
1537 2851 1857 2910 auctoritas
1890 2856 1951 2910 et
1980 2869 2128 2910 usus
2160 2870 2339 2926 penes
2385 2854 2614 2910 veteres
2646 2870 2820 2909 cano-

204 2914 445 2984 francois
471 2916 533 2967 et
558 2915 829 2984 etr-anger
856 2931 956 2969 ser.
988 2915 1080 2969 111.
1110 2917 1149 2968 t.
1180 2919 1262 2971 13.

276 2994 311 3040 ¹}
338 2987 495 3038 Hae:
539 2987 737 3038 tamen
781 2984 958 3039 editio
1002 2985 1166 3057 gravi
1213 3003 1482 3041 censurae

1539 2940 1746 3008 nistas,
1782 2940 1918 2999 hinc
1949 2944 2012 2998 et
2043 2958 2311 2998 summus
2332 2940 2643 2999 canonista
2672 2940 2817 2998 dici·

201 3055 501 3124 subjicitur
554 3073 588 3107 a
639 3056 857 3126 Singer,
909 3056 1011 3125 qui
1061 3057 1483 3112 accuratissime
1538 3029 1744 3130 tur2).·
1774 3060 1861 3129 ᾖ*
1912 3029 2275 3130 (ΞΥΒΡῘΒΠῘ
2337 3029 2609 3129 &agistri
2660 3029 2819 3104 juris

204 3131 254 3180 et
278 3127 720 3197 diligentissime
762 3127 990 3182 disserit
1026 3128 1096 3181 de
1131 3129 1237 3184 hac
1263 3147 1484 3182 summa
1538 3136 1805 3176 canonici
1850 3119 2169 3188 ΒΟΠΟΠΙΒΕ,
2220 3121 2293 3177 ut
2324 3119 2578 3187 Videtur,
2616 3125 2820 3193 ΡΟΒῐθδ

206 3202 260 3250 et
298 3199 624 3280 tmgmenta
664 3199 916 3268 pretiosa.
957 3201 1030 3255 ob
1062 3201 1482 3255 accurationem
1538 3207 1852 3265 cardinalis
1905 3203 2308 3289 (1178-97)
2352 3209 2578 3286 9103300
2621 3208 2686 3266 in
2716 3207 2819 3264 de-

202 3270 446 3325 criticam
501 3272 742 3341 praebet
801 3270 864 3323 in
912 3271 1120 3325 Archiv
1186 3271 1278 3325 fiir
1328 3273 1481 3326 kath.

203 3339 610 3395 Kirchenrecht
634 3346 774 3398 1873
816 3345 859 3396 t.
883 3347 952 3399 69
988 3360 1042 3412 p.
1073 3347 1387 3403 369-468;
1426 3346 1485 3397 et

211 3417 334 3470 1891
380 3417 420 3466 t.
462 3418 537 3470 73
583 3431 641 3483 p.
683 3418 913 3478 3--125,
960 3412 1061 3468 ubi
1097 3432 1178 3469 ex.
1221 3433 1304 3484 gr.
1349 3433 1386 3484 p

208 3487 411 3539 censet:
453 3484 562 3537 Die
603 3485 893 3538 bekannte
932 3485 1324 3555 Flaohtigkeit
1363 3486 1481 3539 und

211 3554 672 3625 Ungenauigkeit
689 3557 967 3610 Schulte's
995 3558 1099 3611 wie
1126 3557 1228 3609 der
1253 3557 1388 3610 Man
1430 3558 1485 3611 el

1537 3300 1767 3355 cretum
1799 3314 1972 3372 saepe
2003 3315 2181 3373 penes
2220 3301 2452 3356 veteres
2483 3303 2818 3364 recurrunt,

1394 3455 1404 3468 ,
1449 3420 1484 3470 4
1538 3404 1722 3461 quare
1752 3389 1814 3443 et
1844 3385 1971 3461 ipse
2004 3386 2098 3444 hic
2127 3387 2494 3444 mentionem
2512 3388 2717 3444 meret.
2751 3385 2819 3443 In

1619 3561 1653 3618 ⁸)
1683 3556 1766 3610 Cf.
1809 3555 2040 3610 Schulte
2080 3556 2173 3610 die
2215 3556 2410 3614 Gesch,
2453 3556 2553 3608 der
2581 3553 2819 3619 Quellen

208 3624 297 3678 des
320 3626 637 3682 kritischen
662 3627 1128 3682 Verstandnisses
1170 3628 1360 3682 bieten
1429 3629 1482 3682 ie
1538 3648 1593 3687 u.
1621 3619 1912 3681 Literatur
1938 3627 2035 3681 des
2052 3645 2174 3682 can.
2192 3627 2427 3680 Rechtes
2446 3632 2495 3690 1,
2515 3631 2633 3691 148,
2652 3642 2820 3693 quem

214 3695 521 3768 Erklarnng
539 3698 727 3763 daffir,
747 3715 908 3751 wenn
928 3699 1013 3752 als
1030 3699 1482 3754 Resultatdieses
1529 3701 1605 3754 cf.
1635 3702 1695 3754 et
1718 3699 1788 3752 de
1828 3699 2215 3767 sequentibus.
2258 3698 2491 3751 Scherer
2531 3697 2669 3750 KL.·-'
2700 3698 2767 3750 Vl
2786 3699 2819 3760 1,

212 3783 277 3819 an
301 3769 415 3823 sich
441 3770 626 3824 schon
654 3771 784 3824 sehr
801 3769 1215 3824 bedenklichen
1231 3771 1482 3826 Arbeits·
1539 3775 1708 3831 12822
1754 3770 2014 3824 zaccaria
2042 3771 2172 3824 diss·
2200 3770 2268 3822 <le
2294 3769 2512 3822 inedita·
2539 3785 2662 3822 can·
2690 3769 2818 3822 0011·

217 3840 393 3907 planes
408 3860 520 3895 uns
537 3841 712 3895 heute
728 3841 790 3895 in
808 3843 1072 3896 confuser
1086 3841 1271 3898 Weise
1313 3842 1483 3897 theiis
1538 3859 1711 3910 qnam
1740 3842 1874 3895 card
1919 3841 2203 3897 Laborans
2245 3839 2566 3910 composuit
2603 3840 2664 3894 in
2692 3841 2820 3893 Gal-

211 3924 305 3963 ans
316 3911 422 3965 den
431 3914 547 3967 auf
551 3911 594 3966 G
603 3913 751 3966 rund
762 3913 861 3966 des
872 3913 1234 3967 Rufin'schen

1321 3914 1481 3967 erkes
1536 3913 1699 3968 landi
1725 3912 1943 3983 sylloge
1972 3913 2037 3976 II,
2065 3917 2297 3970 765800
2314 3912 2645 3993 Moguntiae
2665 3917 2817 3969 1790.

223 3983 484 4037 verfassten
499 3983 808 4055 Plagiaten
826 3985 940 4038 und
956 3984 1290 4056 Excerpten,
1313 3985 1482 4039 theils
1536 3985 1666 4038 Alia
1718 3987 1968 4053 quatuor
2017 3985 2226 4055 scripta
2275 3983 2493 4038 inedita
2544 3989 2822 4038 memorat

219 4067 311 4105 ans
323 4054 427 4108 den
446 4055 901 4110 Handschriften
922 4057 1022 4109 der
1042 4059 1228 4110 ersten
1250 4056 1483 4110 Summa
1538 4058 1690 4126 Eggs
1715 4055 1981 4125 Purpura
2006 4057 2173 4110 docta
2203 4057 2240 4120 l,
2268 4061 2354 4112 91.

220 4120 406 4195 Rufini)
445 4128 545 4181 cin
591 4126 741 4180 bunt
776 4127 1482 4197 zusammengewiirfelter,

1609 4133 1651 4198 ²)
1680 4127 1913 4181 Schulte
1953 4130 1988 4184 l.
2033 4144 2078 4180 c.
2120 4127 2301 4181 Unter
2338 4127 2682 4196 Benutzung
2722 4126 2820 4179 der

220 4194 455 4251 aberdies
521 4199 675 4251 auch
742 4199 889 4252 noch
940 4199 1120 4253 durch
1174 4199 1482 4270 unzahlige
1537 4199 1749 4252 alteren
1781 4200 2050 4253 Snmmen
2078 4200 2197 4253 und
2225 4198 2463 4253 Glossen
2509 4197 2739 4268 fertigte
2763 4214 2823 4250 er

221 4262 516 4323 Leeefehler
547 4270 666 4323 und
693 4268 978 4340 Missgriffe
1017 4270 1116 4323 des
1141 4269 1482 4325 kritiklosen
1537 4271 1702 4324 einen
1730 4270 2132 4324 umfassenden
2148 4273 2410 4340 Apparat
2427 4286 2527 4329 an;
2546 4269 2668 4323 ihm
2693 4269 2827 4321 darf

225 4333 619 4410 Herausgebers
684 4341 1024 4405 entstellter,
1087 4341 1303 4394 schwer
1365 4359 1483 4396 ver·
1537 4342 1637 4394 das
1681 4341 1957 4395 Pradikat
1995 4342 2173 4397 voller
2213 4340 2705 4421 Selbstiindigkeit
2729 4359 2821 4393 zu·

225 4408 546 4466 standlicher
563 4412 710 4466 Text
718 4411 984 4482 vorliegt.
1000 4412 1139 4467 Wer
1148 4412 1242 4466 die
1252 4412 1481 4468 Summe

227 4473 399 4534 Rufius
424 4483 712 4537 beuutzen
739 4483 874 4548 will,
898 4483 1040 4537 wird
1059 4500 1160 4538 vor
1172 4483 1344 4538 allem
1370 4485 1483 4539 den

1578 4413 1890 4484 esprochen
1918 4413 2159 4466 werden
2197 4412 2469 4483 Zugleich
2497 4413 2637 4465 wird
2665 4411 2820 4466 seine

1589 4486 1733 4538 losse
1762 4483 1874 4537 viel
1900 4484 2315 4538 ausfuhrlicher
2354 4484 2474 4536 und
2514 4483 2619 4536 hat
2641 4483 2820 4538 durch

225 4544 349 4602 Text
376 4552 671 4609 dei-selben
715 4555 860 4608 nach
898 4555 1010 4608 den
1036 4554 1482 4611 Handschriften
1537 4556 1630 4610 die
1695 4554 2108 4626 Einleitungen
2182 4557 2300 4609 und
2378 4570 2630 4608 summae
2711 4555 2821 4608 den

231 4615 312 4671 des
335 4619 823 4694 Originalwerkes‚
849 4626 1021 4680 bezw.
1049 4629 1197 4681 nach
1213 4626 1326 4680 den
1344 4629 1483 4682 Aus-
1539 4626 1852 4682 Charakter
1927 4627 2027 4680 der
2089 4626 2426 4682 ffirmlichen
2489 4627 2540 4678 A
2584 4629 2819 4695 paratus¹

229 4692 386 4759 angen
410 4697 523 4750 und
545 4696 852 4751 Berichten
875 4697 1214 4752 rectificiren
1239 4704 1483 4763 musaeu,
1538 4699 1876 4768 begrfindet.
1926 4697 2017 4752 Sie
2055 4699 2133 4752 ist
2171 4697 2250 4752 im
2276 4701 2512 4769 grol‘ten

986 4769 1254 4840 geliefert
1296 4771 1483 4824 haben
1538 4787 1652 4824 von
1702 4771 1814 4824 den
1864 4772 2095 4838 spatern
2144 4771 2384 4824 benutzt
2428 4769 2656 4822 worden
2702 4769 2819 4821 und

236 4760 413 4817 welche
450 4766 649 4824 Tanon
691 4769 815 4822 und
853 4769 948 4822 ich

2593 4697 2744 4752 mfan
2751 4714 2821 4767 ge

236 4832 332 4884 und
356 4835 439 4889 die
465 4838 540 4893 im
568 4841 851 4895 αὖε-,1181811
874 4839 1137 4910 Beitrage
1181 4841 1345 4895 ihren
1373 4842 1484 4896 Ab·
1537 4841 1817 4894 hiedurch
1868 4858 1981 4894 von
2030 4845 2258 4911 grossem
2308 4840 2533 4895 Einfluss
2576 4840 2683 4892 auf
2731 4839 2821 4891 die

234 4900 401 4956 eehlnss
426 4909 612 4965 finden
638 4910 846 4966 sollen.

1539 4912 1845 4966 Literatur.
1897 4912 2128 4966 Scherer
2153 4912 2296 4968 KL.2
2324 4913 2441 4975 Vll,
2472 4915 2626 4967 1282.
