3475 5364
673 361 798 414 339
1212 348 1584 400 1251—1275.
1610 340 1964 412 Disciplinae
1990 340 2062 393 ad
2091 357 2161 396 ss.
2189 340 2384 395 literas
2409 342 2745 409 spectantes.
3206 352 3366 405 340

923 737 1033 836 ΙΙ.
1099 737 1668 858 Disciplinae
1733 735 1852 835 ad
1914 764 2030 837 sS.
2095 736 2424 834 literas
2488 736 3030 855 spectantes.

771 983 908 1039 182.
942 975 1187 1033 Praeter
1219 992 1262 1031 s,
1296 975 1514 1032 Thom
1536 994 1660 1041 am.
1696 974 1800 1048 qui
1833 992 1954 1031 me·
1981 1000 1985 1075 ί
2010 977 2210 1031 tarum
2272 972 2495 1048 regula,
2558 972 2621 1028 in
2682 971 2947 1029 examine
3012 970 3097 1028 sic
3176 969 3363 1027 dicti

673 1065 788 1123 rito
819 1068 881 1122 et
911 1064 1004 1121 hic
1025 1063 1482 1131 08118111181111110,
1516 1063 1629 1121 8110
1660 1063 1985 1159 gloriaturi
2014 1062 2362 1138 ,Evangelii
2395 1060 2619 1119 aeterni
2653 1056 2750 1141 (cf.
2784 1079 2841 1135 p.
2877 1056 3095 1137 257)‘.
3134 1059 3223 1116 in
3252 1058 3360 1115 di-

673 1153 814 1212 ordo
849 1152 1344 1221 Praedicatorum,
1379 1153 1483 1226 qui
1515 1152 1576 1209 in
1597 1152 1809 1210 studiis
1826 1152 1954 1210 bib·
2002 1150 2345 1227 judicandis
2408 1149 2836 1215 controversiis
2888 1167 3042 1223 quas
3092 1156 3359 1206 cont-ra

673 1242 798 1300 licis
830 1242 987 1300 haud
1019 1242 1310 1300 incelebre
1331 1260 1545 1299 nomen
1565 1245 1659 1299 est
1677 1260 1954 1300 consecu·
1980 1194 1985 1347 ἴ
2010 1240 2244 1298 ordines
2274 1239 2676 1298 mendicantes
2709 1238 3026 1297 suscitavit
3078 1237 3353 1295 Guilel-

671 1335 787 1389 tuS.
825 1332 1041 1408 Hugo
1073 1331 1144 1388 de
1166 1330 1222 1392 S.
1257 1331 1392 1389 Car
1412 1350 1444 1388 o
1478 1326 1575 1409 (de
1597 1330 1768 1388 Saint
1784 1325 1954 1410 Cher)
1981 1364 1986 1451 Ι
2011 1348 2142 1387 mus
2177 1349 2212 1387 a
2242 1329 2453 1388 Sancto
2485 1330 2702 1387 Amore
2734 1324 2833 1408 (cf.
2855 1346 2907 1402 p.
2934 1327 3107 1403 309).
3142 1326 3352 1385 Obiit

675 1442 708 1478 a
752 1420 875 1479 1000
922 1420 1111 1478 1181811
1158 1419 1419 1478 Viennae
1450 1419 1839 1497 Allobrogum
1871 1420 1957 1477 ita
1982 1454 1985 1501 1
2014 1419 2171 1495 apud
2216 1418 2435 1476 Urbem
2487 1421 2749 1476 veterem
2789 1426 2881 1479 19.
2915 1416 3091 1474 Mart.
3132 1427 3160 1478 1
3187 1424 3344 1477 263

672 1510 1024 1585 appellatus.
1059 1509 1235 1567 etiam
1270 1508 1464 1567 dictus
1497 1528 1531 1566 a
1563 1528 1605 1566 S.
1627 1508 1954 1567 Theuderio
1982 1504 1985 1603 ἓ
2011 1503 2172 1588 (stilo
2204 1507 2391 1566 veteri
2419 1507 2791 1583 1262‚juxta
2822 1505 3071 1564 Eubel
3112 1502 3345 1576 1264)

673 1599 846 1678 (falso
866 1598 937 1656 de
959 1618 1001 1656 s.
1023 1592 1422 1678 Theoderico),
1456 1598 1598 1672 quia
1629 1601 1690 1655 et
1722 1599 1830 1657 hoc
1849 1616 1955 1656 no·
1982 1616 1985 1671 3
2012 1597 2401 1672 sepultusque
2441 1595 2559 1653 fuit
2589 1600 2898 1671 praesente
2931 1594 3182 1653 Urbano
3222 1593 3340 1651 lv.

676 1706 811 1745 men
843 1687 954 1746 loci
989 1688 1116 1763 ejus
1149 1687 1379 1746 natalis
1427 1687 1683 1746 Parisios
1717 1687 1956 1762 juvenis
1982 1686 1986 1727 ⁵
2011 1703 2147 1743 cum
2178 1686 2453 1744 universo
2487 1685 2878 1743 cardinalium
2910 1683 3171 1760 collegio
3199 1703 3336 1741 nu-

673 1776 836 1834 venit
867 1776 1233 1850 emensisque
1264 1776 1673 1851 philosophiae
1703 1796 1770 1835 ac
1790 1776 1955 1835 theo-
1982 1748 1985 1823 l
2012 1793 2356 1849 merosoque
2417 1774 2678 1833 omnium
2741 1773 2805 1831 in
2868 1773 3002 1831 aula
3056 1791 3337 1831 romana

674 1866 860 1942 logiae
893 1865 1106 1923 studiis
1148 1865 1210 1922 in
1243 1883 1406 1924 sacra
1436 1866 1718 1923 facultate
1751 1865 1955 1923 bacca·
1982 1844 2413 1939 *praelatorum
2445 1863 2847 1938 praesentium
2880 1866 3074 1921 coetu.
3137 1861 3333 1920 Inter

674 1955 912 2012 laureus
943 1959 1034 2012 est
1058 1954 1364 2017 admissus,
1398 1959 1530 2012 tum
1563 1958 1623 2012 et
1646 1955 1771 2029 juri
1804 1955 1956 2011 utri·
1982 1948 1986 1995 l
2011 1955 2138 2028 ejus
2171 1972 2351 2029 opera
2394 1952 2617 2011 eminet
2662 1952 2722 2013 S.
2758 1950 2956 2009 Biblia
3003 1954 3329 2030 recca-nita

675 2063 789 2118 que
822 2062 1059 2119 operam
1090 2042 1269 2107 dedit.
1305 2044 1462 2117 quod
1495 2049 1556 2101 et
1586 2043 1819 2120 publice
1853 2042 1955 2101 do·
1982 2036 1986 2093 l
2012 2049 2062 2100 et
2093 2043 2393 2100 emendata
2425 2042 2460 2099 i.
2495 2061 2544 2099 e.
2578 2061 2612 2099 a
2642 2042 3002 2117 scriptorum
3016 2039 3185 2099 vitiis
3206 2060 3320 2098 ex-

675 2133 812 2190 cuit.
848 2131 1129 2190 Ordinem
1160 2151 1202 2189 s.
1230 2132 1515 2190 Dominici
1549 2137 1638 2190 est
1657 2134 1956 2209 ingressus
1982 2136 1987 2199 l
2012 2135 2284 2208 purgata.
2336 2130 2551 2189 additis
2616 2130 2690 2188 ad
2742 2130 3073 2206 marginem
3123 2129 3324 2188 variis

678 2230 777 2283 22.
812 2221 979 2279 Febr.
1025 2230 1208 2283 1225.
1228 2224 1288 2278 et
1303 2221 1395 2279 vix
1414 2222 1705 2296 tyrocinio
1721 2240 1957 2281 emenso
1983 2218 1987 2277 l
2014 2220 2368 2279 lectionibus
2432 2219 2595 2278 codd.
2662 2237 2833 2277 mscr.
2888 2219 3315 2283 hebraeorum.

677 2332 725 2369 a.
771 2319 954 2374 1227.
989 2310 1132 2385 quia
1163 2310 1236 2368 ad
1267 2311 1530 2387 regimen
1563 2314 1694 2369 erat
1725 2312 1955 2386 aptissi-
1984 2334 1987 2385 1
2013 2327 2358 2385 graecorum
2391 2311 2454 2365 et
2472 2312 2740 2367 veterum
2763 2308 3087 2366 latinorum
3108 2313 3317 2366 aetate

674 2417 825 2458 mus.
873 2399 1149 2457 Franciae
1190 2399 1559 2475 provincialis
1606 2405 1695 2458 est
1743 2400 1955 2458 dictus.
1985 2398 2204 2457 ‘Caroli
2235 2398 2310 2456 M.
2344 2398 2716 2473 scriptorum.
2781 2397 2906 2456 Hoc
2937 2415 3093 2472 opus
3123 2397 3317 2455 colla-

677 2490 814 2547 Post
845 2488 1169 2546 triennium
1210 2488 1400 2547 officio
1434 2489 1668 2548 solutus
1700 2507 1858 2546 unus
1891 2508 1958 2547 ex
1985 2466 1989 2519 l
2013 2488 2365 2546 borantibus
2414 2506 2554 2545 sane
2585 2486 2885 2546 sodalibus
2918 2491 2980 2544 et
3010 2486 3085 2544 de
3115 2486 3214 2543 die
3249 2487 3316 2542 in

677 2578 882 2653 primis
916 2576 1046 2646 suit,
1080 2578 1186 2651 qui
1218 2596 1396 2653 super
1421 2578 1601 2636 libros
1633 2578 1959 2637 sententia·
1985 2540 1990 2633 i
2014 2576 2168 2634 diem
2201 2576 2642 2651 perficientibus
2692 2576 2779 2634 ita
2823 2580 3185 2643 accuratum.
3226 2575 3317 2632 ita

679 2687 810 2725 rum
848 2665 1077 2742 publice
1129 2665 1291 2743 legit.
1340 2667 1705 2743 expletisque
1758 2667 1957 2726 condi·
1986 2636 1989 2673 [
2015 2667 2277 2724 numeris
2309 2666 2586 2725 omnibus
2620 2665 2987 2735 absolutum,
3021 2669 3192 2724 tanta
3216 2685 3312 2723 sa·

680 2756 940 2814 tionibus
973 2756 1332 2816 licentiatus,
1366 2761 1497 2815 tum
1519 2757 1697 2815 etiam
1731 2758 1959 2816 laurea·
2016 2756 2237 2831 pientia
2299 2755 2718 2815 concinnatum
2776 2757 3052 2831 agnoscit
3102 2756 3161 2813 B.
3216 2754 3312 2812 Si-

679 2849 779 2902 tus
811 2848 916 2902 est.
981 2845 1130 2903 Hinc
1179 2844 1252 2902 ab
1297 2846 1550 2904 Henrico
1599 2846 2171 2923 gandavensilmon.
2235 2849 2307 2902 ut
2355 2845 2530 2920 quale
2579 2848 2670 2903 est
2716 2845 2880 2920 typis
2931 2844 3028 2902 edi
3083 2863 3148 2903 ac
3193 2844 3309 2902 sub

680 2935 752 2992 de
807 2934 1001 3010 script.
1050 2935 1185 2992 eccl.
1234 2952 1278 2991 0.
1316 2945 1397 2997 40
1446 2935 1666 2993 dicitur
1711 2937 1959 3011 primus,
1988 2951 1991 3046 y
2018 2933 2179 3009 prelo
2213 2934 2423 2992 sudare
2454 2952 2486 2992 e
2518 2954 2581 2991 re
2612 2933 2904 2992 Ecclesiae
2957 2952 3091 2992 esse
3123 2934 3308 2992 fatea-

681 3024 784 3097 qui
816 3042 882 3080 ex
914 3022 1015 3080 illo
1049 3023 1252 3080 ordine
1273 3024 1608 3083 cathedram
1630 3025 1961 3101 theologiae
2017 3026 2136 3084 tur.
2171 3024 2288 3082 imo
2320 3028 2380 3081 01
2411 3023 2731 3081 dolendum
2763 3022 2961 3092 addat,
2997 3023 3163 3098 quod
3182 3041 3307 3080 cor·

681 3113 1079 3189 magistralem
1143 3114 1362 3170 meruit
1425 3114 1749 3171 ascendere.
1831 3115 1962 3189 Ipse
1988 3083 1992 3150 l
2018 3115 2274 3170 rectores
2305 3113 2551 3180 romani,
2585 3113 2689 3187 qui
2708 3112 2895 3170 biblia
2914 3113 3172 3189 vulgata
3188 3111 3307 3170 edi·

681 3220 917 3276 quoque
968 3219 1124 3258 unus
1174 3221 1242 3259 ex
1295 3202 1518 3260 ultimis
1552 3203 1683 3271 fuit,
1735 3203 1841 3286 qui
1873 3204 1960 3261 usi
1989 3181 1992 3240 ¹
2018 3200 2255 3268 derunt,
2290 3200 2439 3259 illud
2472 3221 2590 3260 von
2620 3201 2879 3259 viderint·
2896 3201 3170 3277 alioquin
3190 3201 3304 3258 uti·

682 3291 803 3349 sint
854 3291 1141 3358 ,materia
1201 3309 1377 3366 super
1422 3292 1459 3348 l.
1509 3291 1959 3350 sententiarum.
1989 3295 1993 3334 l
2019 3290 2313 3348 lissimum
2373 3291 2490 3348 illis
2562 3290 2853 3348 futurum.
2949 3293 3308 3349 Asservatur

681 3399 855 3454 quam
893 3380 1028 3437 fecit
1061 3381 1341 3455 magister
1375 3381 1614 3438 Petru
1634 3401 1664 3438 s
1712 3381 1962 3439 Mandu·
1990 3415 1993 3424 ·
2021 3380 2193 3436 modo
2226 3379 2418 3437 adhuc
2450 3380 2688 3438 Parisiis
2720 3380 3014 3456 originale
3049 3380 3306 3455 ejusdem

683 3469 967 3545 cator¹).‘
1002 3470 1226 3526 Iterum
1262 3469 1534 3546 regimini
1570 3471 1843 3528 admotus
1876 3478 1964 3528 est
1992 3505 1993 3540 1
2021 3469 2333 3545 exemplar.
2398 3469 2555 3527 Haec
2616 3488 2755 3527 vero
2807 3469 3306 3544 Sanjacobeorum

681 3559 941 3633 dumque
973 3558 1294 3616 leodienses
1327 3558 1555 3617 sodales
1574 3559 1867 3620 visitaret.
1891 3560 1964 3618 ab
1992 3597 1995 3644 ἱ
2022 3558 2309 3615 sodalium
2343 3556 2454 3638 (ita
2478 3558 2879 3633 cognominati
2913 3577 2948 3615 a
2982 3563 3308 3617 conventus

681 3649 949 3723 episcopo
980 3648 1042 3706 in
1063 3648 1373 3706 consilium
1397 3665 1529 3705 cum
1553 3649 1683 3705 aliis
1705 3649 1965 3706 adscitus
1992 3701 1995 3746 l
2019 3642 2283 3724 nomine)
2332 3644 2678 3725 correcti01)
2722 3647 2866 3705 viris
2911 3647 3175 3706 eruditis
3206 3665 3305 3706 sec.

683 3743 789 3806 est,
825 3738 1177 3812 quibuscum
1212 3755 1431 3795 novum
1456 3738 1667 3795 festum
1694 3737 1966 3813 Corporis
1994 3749 1995 3776 ¹
2022 3735 2176 3794 XIII.
2225 3737 2310 3794 ita
2362 3737 2578 3804 arrisit,
2631 3740 2704 3794 ut
2750 3736 3056 3796 variantes
3105 3738 3306 3795 saltem

682 3827 894 3884 Christi
929 3826 1204 3900 probavit
1244 3826 1621 3901 multumque
1654 3827 1963 3901 promovit.
1992 3789 1995 3872 l
2020 3824 2299 3883 lectiones
2331 3825 2688 3902 marginales
2720 3826 2902 3883 multi
2948 3825 3065 3883 sibi
3099 3826 3306 3885 descri-

687 3917 822 3973 Post
855 3915 1287 3973 abdicationem
1312 3934 1354 3972 s.
1376 3915 1965 3993 Raymundiintegro
1992 3901 2245 3972 Ι1)011(103
2277 3914 2542 3972 curarint
2586 3913 2844 3990 hincque
2893 3913 3307 3992 depromptum

681 4021 836 4061 anno
868 4005 1205 4080 generalem
1238 4004 1458 4062 ordinis
1509 4005 1633 4080 egit
1663 4005 1965 4063 vicarium.
1992 3985 1996 4034 Ι
2022 4006 2114 4061 est
2162 4004 2388 4062 celebre
2439 4004 2859 4062 correctorium
2911 4004 3305 4062 sorbonicum.

684 4093 1062 4150 Innocentius
1095 4093 1188 4150 IV.
1224 4112 1357 4150 eum
1386 4094 1644 4167 primum
1676 4114 1745 4151 ex
1766 4095 1963 4152 Domi·
1992 4087 1995 4170 ]
2021 4096 2083 4150 01
2113 4111 2147 4150 8
2179 4092 2438 4168 capitulo
2470 4092 2736 4169 generali
2755 4092 2979 4151 ordinis
2998 4092 3308 4168 parisiensi

684 4183 1027 4240 nicenorum
1107 4181 1309 4240 ordine
1385 4182 1742 4240 cardinalem
1817 4173 1995 4241 dixitl
2031 4191 2193 4244 1256
2241 4181 2591 4240 mandatum
2643 4183 2842 4257 ,quod
2895 4183 3116 4241 fratres
3161 4182 3307 4240 inni·

685 4280 784 4334 28.
820 4272 952 4346 Maj.
996 4279 1104 4332 124
1124 4282 1178 4339 4.
1215 4290 1399 4346 eoque
1432 4275 1503 4329 ut
1521 4272 1646 4331 viro
1666 4272 1965 4331 industrio
1992 4239 1996 4350 f
2021 4275 2230 4328 tantur
2260 4271 2351 4328 illi
2384 4270 2734 4330 correctioni
2749 4279 2795 4326 ⁴⁵.
2858 4271 2936 4329 Et
2968 4290 3184 4330 revera
3214 4273 3305 4329 Al·

682 4369 741 4417 et
790 4359 1087 4436 intrepido
1140 4359 1203 4418 in
1249 4361 1623 4436 gravioribus
1671 4361 2232 4440 Ecclesiaejbertus
2280 4360 2372 4430 M..
2421 4379 2462 4418 s.
2498 4359 2749 4419 Thomas
2794 4365 2901 4418 etc.
2947 4361 3013 4418 in
3065 4360 3306 4419 citandis

681 4451 935 4526 negotiis
958 4469 1100 4508 usus
1121 4452 1238 4520 est;
1278 4451 1409 4508 hinc
1432 4470 1700 4527 magnam
1734 4456 1963 4526 partem
2023 4449 2346 4524 Scripturis
2399 4453 2738 4524 sequuntur
2785 4450 2935 4508 hanc
2984 4454 3192 4508 textus
3223 4469 3305 4507 re·

683 4540 894 4597 habuit
944 4540 1005 4597 in
1058 4558 1217 4598 conc.
1271 4540 1646 4616 lugdunensi.
1712 4539 1965 4614 Operam
1992 4521 1995 4548 ¹
2024 4539 2371 4597 censionem.
2440 4571 2510 4580 -—
2586 4538 2769 4597 Aliud
2845 4557 2998 4615 opus
3062 4555 3304 4616 magnae

683 4648 847 4687 suam
882 4629 1138 4687 contulit
1183 4629 1244 4686 in
1286 4629 1656 4686 reformanda
1688 4629 1963 4687 Carmeli·
1992 4615 1995 4740 J
2023 4626 2302 4686 utilitatis
2353 4633 2443 4686 est
2476 4628 2606 4702 ejus
2651 4646 2959 4688 sacrorum
3008 4628 3302 4686 bibliorum

762 4846 794 4895 η
826 4836 907 4891 Cf.
939 4835 1156 4888 Denifle
1184 4834 1598 4888 chartularium
1617 4834 1774 4888 univ.
1796 4836 1963 4905 paris.
1991 4821 1995 4878 ἱ
2101 4840 2137 4887 ’1
2168 4834 2251 4886 Cf.
2279 4833 2558 4900 quaedam
2605 4850 2670 4886 ex
2718 4848 2783 4887 eo
2826 4832 2981 4886 edita
3022 4850 3056 4886 a
3097 4830 3298 4886 Denifle

683 4910 718 4964 1.
753 4912 1065 4964 1588111101.
1097 4913 1144 4966 1.
2022 4905 2228 4958 Archiv
2254 4912 2305 4970 4,
2334 4908 2599 4962 ale—52.
