3475 5364
362 364 385 415 1
409 364 523 417 137
606 372 611 380 ·
1188 344 1475 409 Moronus,
1504 342 1752 409 Crassus,
1781 342 2009 398 Pocken
2034 345 2138 398 etc.
2807 360 2828 410 1
2852 358 2971 412 133

356 532 631 592 concione
662 531 884 590 habitis
916 550 965 589 a.
1009 540 1163 594 1471
1204 531 1424 607 populo
1453 529 1636 588 tradi·
1690 530 1851 588 rica
1885 523 2268 611 (Emmerich)
2304 528 2368 586 Ο.
2401 528 2589 586 Oarm.
2639 528 2974 604 theologiae
3001 574 3009 582 .

356 621 540 691 derat,
586 620 826 679 brevius
871 620 1137 696 replicat,
1191 620 1427 678 Genuae
1467 626 1634 682 1480
1691 619 1924 689 lectore,
1957 618 2231 694 episcopo
2276 616 2551 676 auxiliari
2580 618 2974 676 cameracensi

356 711 417 768 in
452 720 519 778 43
552 709 779 785 prodiit
808 709 986 768 etiam
1018 709 1396 783 inscriptum:
1430 707 1642 767 Glossa
1695 705 1756 790 (†
1791 719 1845 772 5.
1879 707 2047 766 Febr.
2088 703 2301 787 1505),
2349 708 2521 782 cujus
2553 707 2976 765 commentaria

357 799 479 858 sive
499 800 776 872 expositio
791 815 968 872 super
983 797 1461 874 apocalypsimde
1477 800 1640 856 statu
1692 798 2003 873 perierunt
2061 830 2149 840 —-
2211 796 2449 855 Paulo
2510 795 2583 853 de
2645 795 2923 854 Moneli
2943 818 2975 853 a

356 887 649 946 Ecclesiae
696 887 769 946 ab
815 907 864 945 a.
907 896 1064 951 1481
1124 894 1317 962 usque
1358 887 1423 944 in
1461 885 1640 944 finem
1696 882 2040 969 (Moneglia)
2095 885 2159 944 Ο.
2209 885 2414 944 Praed.
2471 884 2788 954 Genuensi,
2839 903 2974 961 pro-

358 976 567 1035 mundi
589 979 650 1035 et
668 976 741 1034 de
759 976 1065 1052 triumpho
1086 976 1554 1035 Christianorum
1577 975 1641 1033 in
1696 975 1923 1035 vinciae
1984 974 2372 1034 Lombardiae
2432 974 2789 1050 praeposito,
2851 994 2975 1032 ma-

358 1066 577 1126 Turcos
647 1069 709 1123 et
783 1065 1291 1134 Mahumethan08‚
1369 1064 1642 1124 Coloniae
1694 1064 1884 1142 gistro
1936 1083 1980 1122 s.
2034 1064 2251 1123 Palatii
2303 1059 2552 1145 (1490),
2615 1061 2752 1122 dein
2809 1074 2972 1128 1499

366 1165 528 1218 1507
564 1155 629 1212 in
662 1163 717 1217 8.
780 1154 931 1213 Aliis
980 1154 1215 1214 omissis
1264 1154 1517 1212 maxime
1547 1153 1641 1212 in-

357 1243 561 1303 notuit
635 1244 1063 1318 antiquitatum
1153 1243 1451 1303 variarum
1525 1243 1641 1305 vol.

358 1333 539 1403 XVII,
590 1334 763 1408 cujus
814 1332 1007 1409 operis
1057 1332 1344 1392 editiones
1388 1331 1641 1407 duplicis

358 1422 593 1500 generis
615 1425 759 1481 sunt
790 1421 1266 1498 distinguendae,
1304 1421 1468 1491 aliae,
1491 1440 1642 1496 quae

358 1530 580 1588 purum
611 1514 921 1570 auctorum
966 1512 1234 1569 veterum
1279 1513 1512 1569 textum
1542 1528 1640 1569 ex-

247 1622 257 1635 ·
359 1601 585 1670 hibent,
602 1604 675 1659 ut
688 1599 953 1659 Venetiis
979 1608 1163 1670 14983
1186 1599 1426 1658 Parisiis
1453 1611 1476 1661 1
1496 1609 1528 1662 5
1542 1612 1567 1662 1
1583 1610 1641 1669 03

358 1690 624 1749 Basileae
677 1699 701 1751 1
720 1699 752 1753 5
764 1698 842 1752 30
863 1712 877 1760 ;
933 1700 959 1751 1
978 1697 1100 1752 599
1116 1710 1129 1759 3
1182 1688 1641 1765 Wittembergae

369 1789 443 1843 16
456 1790 482 1842 1
501 1788 533 1841 2
553 1802 566 1849 3
629 1778 779 1837 aliae
828 1796 963 1837 eum
1015 1778 1066 1853 ej
1074 1795 1144 1836 us
1205 1777 1640 1837 commentariis

362 1886 540 1942 super
588 1884 766 1941 opera
813 1869 1170 1926 diversorum
1220 1874 1521 1925 auctorum
1568 1866 1641 1925 de

358 1956 824 2033 antiquitatibus
835 1956 1207 2031 loquentium
1221 1956 1434 2015 Romae
1457 1967 1475 2016 1
1493 1965 1529 2018 4
1539 1965 1575 2018 9
1583 1964 1617 2018 8
1627 1977 1639 2025 ;

360 2046 606 2105 Parisiis
630 2055 826 2115 1512;
860 2044 1219 2121 Antverpiae
1243 2053 1428 2115 15453
1455 2055 1528 2108 15
1542 2053 1638 2107 52.

360 2134 645 2194 Producit
674 2138 875 2194 autem
919 2138 1121 2193 textus
1153 2133 1509 2210 scriptorum
1540 2152 1640 2192 ve-

358 2228 557 2283 terum
588 2222 969 2300 profanorum
1000 2226 1072 2282 ut
1116 2223 1164 2280 B
1180 2241 1213 2281 e
1228 2241 1306 2281 ro
1323 2223 1404 2292 si,
1456 2224 1567 2298 My
1582 2242 1640 2281 r-

364 2313 512 2383 sili,
578 2313 836 2371 Portii
898 2312 1153 2382 CatoniS,
1205 2312 1349 2370 Arc
1369 2313 1406 2371 h
1427 2311 1637 2381 iloci,

362 2402 901 2471 Metasthenis‚
966 2400 1345 2471 Philonis,
1408 2400 1641 2460 Xeno-

361 2510 400 2566 p
418 2492 456 2549 h
473 2508 506 2548 o
522 2510 565 2549 n
580 2491 642 2549 ti
660 2508 687 2549 s
719 2494 827 2550 etc.
862 2490 1040 2549 Varia
1071 2493 1215 2548 sunt
1246 2490 1319 2549 de
1338 2491 1448 2549 hoc
1467 2507 1643 2567 opere

361 2579 736 2638 eruditorum
759 2579 988 2656 judicia
1000 2574 1069 2660 ¹),
1103 2596 1357 2654 quorum
1390 2578 1491 2637 alii
1512 2581 1642 2654 ejus

1694 1154 1972 1230 episcopo
2023 1153 2247 1212 chiensi
2292 1156 2354 1212 et
2396 1152 2611 1210 nuntio
2654 1153 2976 1229 apostolico

1694 1244 1866 1302 Pauli
1897 1244 1971 1302 11.
2018 1243 2083 1300 in
2126 1241 2495 1319 Hungariam
2543 1236 2604 1323 (†
2653 1239 2844 1319 1502)
2889 1276 2976 1285 —

1694 1332 2167 1392 Ysembardo
2200 1330 2593 1391 deTollier
2623 1330 2783 1390 0.ci.
2805 1332 2977 1390 Pari-

1694 1423 1888 1492 siensi,
1900 1440 1977 1481 ss.
1991 1420 2300 1480 literarum
2308 1420 2634 1496 interprete
2648 1416 2705 1502 (l
2724 1431 2756 1482 5
2766 1432 2801 1483 0
2812 1416 2874 1499 9)
2889 1455 2975 1465 -

1694 1511 2108 1570 Francisco
2154 1510 2478 1570 cervino
2523 1528 2557 1566 a
2590 1510 2788 1568 Monte
2818 1509 2976 1569 Poli-

1694 1601 1859 1660 tiano
1905 1600 2098 1669 Gonv„
2150 1599 2257 1676 qui
2305 1617 2426 1658 non
2470 1598 2595 1657 sine
2640 1597 2978 1657 sanctitatis

1695 1690 1849 1749 fama
1898 1689 2151 1748 decessit
2204 1698 2302 1752 31.
2336 1688 2469 1750 Dec.
2510 1698 2536 1749 1
2550 1696 2674 1762 513
2731 1690 2793 1746 et
2839 1687 2977 1746 reli-

1695 1779 1830 1856 quit
1861 1778 2272 1838 annotationes
2323 1794 2505 1854 super
2547 1779 2812 1851 quatuor
2841 1796 2978 1852 pro-

1694 1869 1902 1944 phetas
1934 1869 2206 1943 majorca,
2260 1866 2573 1943 praecipue
2623 1884 2805 1942 super
2835 1866 2976 1924 Eze-

1696 1955 2602 2017 chielem—Bernardinus
2633 1956 2977 2015 Moronus

1695 2047 1759 2106 O.
1795 2047 1955 2106 Serv.
1990 2046 2044 2104 b.
2080 2047 2151 2104 M.
2184 2044 2251 2103 V.
2299 2044 2756 2103 Mediolanensis
2788 2044 2975 2102 Ticini

1694 2137 1732 2198 l.
1767 2136 2055 2194 Geneseos
2086 2153 2118 2193 e
2148 2134 2427 2210 primaria
2458 2132 2734 2191 cathedra
2764 2136 2856 2192 est
2885 2133 2979 2190 in·

1694 2228 2075 2301 terpretatuS,
2093 2242 2126 2281 e
2145 2225 2239 2298 cuj
2246 2241 2316 2281 us
2331 2222 2828 2298 praelectionibus
2841 2240 2978 2299 pro·

1694 2314 1809 2373 diit
1852 2331 2004 2390 opus
2049 2315 2119 2371 de
2161 2319 2370 2386 septem
2414 2311 2610 2370 diebus
2652 2313 2974 2387 creationis,

1698 2403 2013 2462 Mediolani
2053 2412 2237 2466 1510.
2272 2435 2359 2443 —
2380 2399 2421 2459 J
2422 2401 2497 2459 ob
2531 2400 2862 2459 illustrasse
2894 2400 2978 2457 le-

1695 2493 1861 2569 gitur
1893 2491 2308 2550 Damianus
2338 2490 2518 2548 Cras
2541 2507 2666 2548 sus
2687 2489 2750 2549 Ο.
2772 2489 2976 2548 Praed.

1696 2581 1963 2650 Insuber,
2011 2579 2222 2639 doctor
2269 2578 2628 2654 parisiensis,
2681 2579 2976 2653 praeposi-

362 2669 729 2748 diligentiam
791 2668 1053 2739 laudant,
1119 2667 1221 2727 alii
1273 2668 1642 2746 gravissimis
1694 2674 1797 2731 tus
1840 2670 2178 2747 provinciae
2225 2667 2608 2728 Lombardiae
2658 2667 2978 2743 superioris

362 2759 559 2818 verbis
591 2777 728 2817 eum
761 2762 1016 2835 carpunt
1063 2761 1135 2816 ut
1164 2758 1453 2817 falsarum
1486 2759 1641 2816 anti·

363 2849 664 2924 quitatum
683 2848 1089 2917 architectum,
1123 2846 1227 2923 qui
1260 2849 1644 2923 antiquorum

364 2940 672 2997 auctorum
704 2936 1045 2997 nominibus
1066 2937 1308 3006 abusus,
1330 2955 1510 3012 opera
1528 2957 1561 2994 a
1581 2954 1645 2994 se

361 3027 455 3085 vel
505 3026 579 3084 ab
628 3027 760 3084 aliis
805 3026 1052 3085 conficta
1096 3024 1375 3102 deceptor
1401 3027 1499 3086 vel
1530 3025 1645 3084 sal-

363 3119 482 3173 tem
514 3114 798 3190 deceptus
830 3115 915 3174 eis
947 3115 1328 3191 supposuerit
1348 3134 1535 3190 eaque
1554 3116 1645 3172 in-

364 3221 544 3278 super
572 3202 857 3262 fabulosis
888 3203 1327 3263 commentariis
1373 3205 1646 3263 illustra-

364 3293 532 3351 verit.
563 3292 874 3350 Tribuitur
904 3292 958 3351 ei
989 3295 1051 3351 et
1081 3294 1235 3368 disp.
1258 3311 1435 3368 super
1451 3300 1647 3351 mutuo

362 3382 593 3453 judaico
622 3384 685 3440 et
715 3381 875 3440 civili
904 3383 966 3440 et
994 3381 1211 3450 divino,
1253 3390 1418 3444 1492
1438 3400 1480 3439 0.
1503 3382 1539 3440 1.
1560 3415 1649 3425 --

365 3470 808 3529 Praetermissis
841 3488 980 3529 vero
1025 3471 1079 3528 A
1095 3488 1127 3529 e
1143 3470 1219 3548 gi
1236 3471 1275 3527 d
1290 3471 1311 3528 i
1328 3489 1362 3528 o
1407 3472 1479 3529 de
1512 3471 1569 3528 M
1586 3488 1645 3528 e-

446 3699 480 3766 Ι)
510 3694 591 3750 Cf.
619 3711 685 3749 ea
725 3694 883 3763 apud
925 3694 1147 3748 Echard
1174 3695 1242 3759 ll,
1270 3697 1319 3758 5,
1361 3692 1464 3762 qui
1495 3691 1651 3763 judi·

368 3766 517 3820 cium
559 3765 889 3836 suspendit:
937 3766 1118 3820 Schfiz
1165 3764 1478 3820 Comment.
1524 3762 1649 3818 crit.

1699 2757 1760 2842 (†
1798 2756 2017 2838 1515),
2049 2760 2156 2835 qui
2186 2761 2250 2818 et
2269 2759 2339 2816 de
2361 2776 2404 2821 s,
2424 2757 2674 2817 Joannis
2695 2757 2982 2815 affinitate

1697 2853 1761 2908 et
1774 2847 2321 2925 consanguineitate
2339 2864 2475 2905 cum
2486 2846 2717 2905 Christo
2731 2845 2981 2904 Domino

1697 2938 1997 3007 disseruit,
2023 2948 2209 3000 1506.
2229 2970 2307 2982 -
2328 2935 2667 2995 Joannes
2687 2935 2981 2994 Pocken

1701 3026 1975 3109 (Potken‚
2010 3021 2337 3106 Poccanus)
2388 3024 2768 3101 praepositus
2800 3024 2981 3083 eccle-

1701 3118 1821 3176 siae
1855 3135 1897 3175 0.
1931 3116 2167 3192 Georgii
2187 3114 2463 3174 Coloniae
2483 3132 2615 3172 cum
2636 3131 2850 3190 magna
2868 3113 2983 3172 dif-

1700 3207 1966 3265 ficultate
2004 3206 2128 3281 jam
2177 3204 2420 3263 adultus
2468 3202 2673 3261 didicit
2716 3202 2982 3278 linguam

1701 3295 2066 3354 chaldaicam
2080 3294 2427 3369 primusque
2438 3290 2629 3350 edidit
2639 3290 2985 3350 Psalterium

1701 3392 1753 3442 et
1781 3385 2004 3443 cantica
2031 3378 2445 3458 canticorums)
2479 3378 2814 3456 aethiopico
2846 3380 2982 3437 cha-

1702 3476 1924 3532 ractere
1958 3472 2278 3548 praemisso
2311 3469 2624 3545 alphabeto
2672 3468 2769 3528 vel
2801 3468 2981 3544 sylla·

1702 3562 1871 3620 bario
1903 3562 2212 3620 literarum
2255 3558 2698 3627 chaldaicarum,
2744 3557 2856 3616 imo
2887 3575 2985 3615 ve-

1702 3652 1830 3710 rius
1852 3649 2353 3728 aegyptiacarum,
2367 3649 2581 3706 Romae
2599 3657 2619 3708 l
2640 3656 2672 3709 5
2686 3657 2712 3708 1
2729 3656 2764 3710 3
2781 3666 2795 3716 ;
2819 3647 2985 3704 Psal-

1702 3743 1913 3798 terium
1958 3740 2320 3798 chaldaicum
2363 3735 2709 3812 aethiopicis
2752 3735 2983 3794 charac-

366 3855 421 3907 p.
450 3841 518 3895 79
544 3855 612 3891 ss.
643 3836 747 3906 qui
771 3836 1000 3891 innixus
1027 3835 1362 3892 auctoritati
1389 3836 1526 3890 Lab
1542 3835 1651 3890 bei
1700 3829 1931 3888 teribus
1971 3829 2347 3905 impressum,
2406 3826 2483 3885 ib.
2544 3833 2708 3888 1513
2760 3824 2985 3899 absque

367 3913 425 3964 0¹⁵
486 3907 579 3964 0¹1
600 3926 638 3979 P
656 3909 765 3964 0¹²1
826 3909 1002 3963 Annii
1053 3908 1433 3976 anffiquissassffl
1485 3906 1649 3962 ”⁰110
1702 3917 2193 3994 interpretatione
2237 3915 2458 3986 latina3
2509 3916 2715 3990 postea
2762 3912 2988 3990 prodiit

366 3980 595 4050 penitus
622 3981 744 4035 loco
773 3980 1063 4034 habendas
1090 3985 1309 4041 censet;
1340 3982 1447 4050 Ap.
1473 3979 1649 4033 Zeno

366 4052 509 4108 Dias.
557 4052 717 4108 Voss.
763 4053 831 4117 11,
878 4056 1012 4114 1863
1059 4051 1328 4105 Tirabo
1346 4050 1508 4105 schi
1558 4049 1649 4104 VI.

1704 4007 1791 4066 ed.
1811 4007 2096 4082 copiosior
2115 4005 2461 4064 Psalterium
2492 4004 2556 4061 in
2590 4006 2851 4079 quatuor
2869 4002 2985 4060 lin-

367 4142 423 4192 p.
449 4127 499 4178 2.
527 4122 564 4178 l.
592 4128 626 4180 3
653 4141 699 4179 c.
728 4128 781 4180 1.
807 4141 863 4177 n.
891 4127 977 4179 12.
1006 4142 1108 4177 00.;
1135 4123 1267 4177 Non
1296 4122 1425 4175 v'ha
1444 4121 1502 4175 al
1529 4137 1652 4190 pre·
1704 4097 1841 4173 gnis
1874 4096 2140 4166 hebrae&
2173 4113 2401 4172 gmessas
2436 4092 2751 4162 Chaldaicffi
2785 4091 2984 4154 latin&

367 4196 525 4248 sente
569 4210 740 4248 nomo
784 4194 1261 4250 medicei-amente
1311 4195 1535 4248 versato
1580 4209 1651 4247 ne
1706 4185 1979 4245 Coloniae
2019 4194 2217 4254 1518;
2264 4183 2539 4259 sequitur
2570 4181 2766 4240 brevis
2797 4182 2985 4239 intro-

367 4264 542 4335 primi
555 4265 823 4320 elementi
847 4266 999 4320 della
1021 4267 1396 4329 Letteratura‚
1417 4265 1519 4319 0110
1535 4281 1652 4318 11011
1705 4274 1909 4333 ductio
1942 4274 2008 4332 in
2039 4276 2162 4332 (πρε
2195 4273 2435 4350 linguas
2457 4275 2731 4330 emmas
2751 4270 2987 4330 hebrai-

366 4338 413 4390 si
438 4336 565 4390 rida
590 4336 744 4406 degli
768 4337 974 4392 Storici
1014 4337 1073 4392 di
1100 4337 1289 4392 Annio
1332 4335 1652 4406 pubblieati

366 4425 396 4461 e
422 4406 515 4461 del
538 4407 659 4462 loro
682 4412 1141 4465 commentatore.
1168 4408 1213 4462 E
1241 4409 1296 4462 io
1322 4407 1572 4461 stimerei
1592 4406 1653 4461 di

367 4479 576 4549 gittare
619 4478 987 4534 inutilmente
1032 4479 1076 4534 il
1121 4481 1313 4549 tempo
1357 4479 1453 4532 nel
1497 4495 1653 4531 recar

369 4565 584 4619 pruove
611 4550 667 4602 dj
698 4551 801 4615 cio,
842 4550 902 4604 di
943 4552 1047 4606 che
1073 4568 1187 4606 non
1232 4556 1348 4621 puo
1388 4549 1652 4604 dubitare

367 4638 425 4676 se
451 4637 567 4674 non
593 4621 687 4675 chi
715 4622 747 4676 0
771 4621 1044 4692 incapace
1084 4624 1143 4677 di
1187 4637 1337 4676 esser
1361 4621 1652 4676 convinto.

367 4693 426 4746 Si
452 4694 568 4762 pub
595 4692 860 4763 disputar
898 4695 1213 4749 solamente
1249 4709 1308 4748 se
1350 4693 1416 4747 G.
1461 4692 1650 4746 Annio

1707 4381 1850 4434 cam,
1864 4380 2149 4440 graecam,
2162 4361 2502 4420 chaldaeam
2516 4361 2639 4418 sive
2649 4359 2989 4418 rudimenta

1785 4552 1822 4621 ¹)
1851 4550 1914 4602 In
1954 4550 2096 4603 haec
2140 4549 2367 4618 scripsit
2409 4551 2488 4621 (et
2532 4548 2677 4602 forte
2718 4548 2891 4602 etiam
2929 4548 2990 4601 in

1705 4621 2019 4746 prophetas
2043 4620 2306 4693 majores)
2349 4620 2385 4675 S
2401 4622 2425 4674 t
2442 4637 2471 4674 0
2488 4637 2526 4701 p
2541 4619 2580 4672 11
2596 4637 2631 4674 a
2644 4638 2684 4673 n
2700 4638 2738 4674 u
2757 4637 2807 4701 s·
2825 4619 2871 4673 Τ
2887 4635 2917 4674 0
2933 4638 2992 4690 g·

1743 4709 1778 4746 a
1795 4695 1820 4745 t
1833 4712 1854 4746 1
1873 4710 1911 4746 u
1927 4710 1953 4747 0
2005 4692 2096 4765 (de
2147 4691 2404 4746 Taleacis
2455 4692 2670 4745 dicitur
2733 4693 2910 4744 etiam
2961 4708 2993 4742 a

367 4765 551 4819 debba
576 4765 761 4819 aversi
780 4764 842 4818 in
859 4768 1029 4821 conto
1048 4765 1417 4835 d'impostore
1444 4780 1651 4819 ovvero
1706 4763 1755 4818 G
1771 4780 1806 4817 a
1821 4782 1876 4817 m
1895 4774 1939 4830 s)
1980 4764 2279 4834 episcopus
2306 4762 2697 4827 antibarensis,
2725 4760 2859 4816 dein
2885 4764 2995 4816 tor-

367 4836 549 4890 debba
573 4836 659 4891 sol
686 4836 929 4892 credersi
954 4840 1162 4907 troppo
1189 4835 1461 4907 semplice
1477 4835 1546 4890 ed
1569 4835 1651 4888 in·
1706 4835 1964 4890 cellanus
1992 4838 2040 4906 (†
2067 4837 2246 4907 1515).
2299 4834 2380 4892 Of.
2424 4834 2494 4888 de
2535 4836 2728 4888 nostro
2771 4832 2994 4887 Kaulen

366 4910 637 4978 gannato.

1710 4907 1827 4960 KL.
1859 4907 1951 4971 X²‚
1980 4911 2102 4963 244.
