3475 5364
499 316 525 366 1
545 314 620 365 46
633 314 664 367 7
1091 270 1802 363 1541—1563.'The010gia
1828 293 2122 363 polemica.
2148 294 2349 364 Regin.
2376 294 2525 350 Pole.
2939 314 2966 366 1
2983 313 3063 367 46
3075 314 3110 367 g

492 476 796 561 scripsit1)
832 481 904 538 ad
937 480 1290 540 CarolumV.
1327 475 1514 563 (inter
1542 499 1630 556 ep.
1647 479 1775 539 Poli
1832 479 2095 537 Decessit
2144 482 2351 538 tantus
2395 481 2487 540 vir
2529 480 2756 557 ingenii
2800 485 2862 540 et
2897 482 3112 557 judicii

491 570 582 630 ed.
618 569 849 638 Quirini
883 570 927 640 1,
966 580 1044 633 66
1066 564 1316 650 -171).
1379 572 1430 627 Α
1460 570 1645 628 Paulo
1667 569 1772 627 111.
1830 568 2210 642 praestantia,
2244 588 2478 627 morum
2496 570 2810 641 suavitate,
2832 571 3110 630 innocen-

495 660 737 719 Romam
758 662 851 717 est
869 663 1164 728 evocatuS,
1197 664 1269 717 ut
1288 678 1419 717 cum
1444 659 1576 717 aliis
1604 677 1774 733 prae·
1829 655 1914 715 tia
1945 657 2121 726 vitae,
2170 657 2505 718 eruditione
2551 658 2941 736 defensaeque
2971 661 3114 719 reli-

493 748 875 808 stantissimis
906 748 1052 807 viris
1097 749 1247 807 ratio
1270 749 1490 822 ,aliqua
1519 748 1775 806 iniretur
1829 744 2023 822 gionis
2083 747 2295 806 merito
2359 748 2824 822 spectatissimus
2882 768 3015 808 mox
3076 771 3113 807 a

493 838 566 896 de
596 837 986 897 restauranda
1030 837 1341 913 disciplina
1385 837 1776 896 ecclesiastica
1828 839 2016 893 morte
2027 835 2243 894 Mariae
2265 837 2504 913 reginae
2522 837 2724 897 eadem
2744 838 2841 896 die
2865 839 3111 900 17.Nov.

492 927 807 985 admodum
842 927 1114 1002 collapsa.
1163 927 1391 985 Horum
1412 927 1650 985 nomine
1671 925 1770 984 de·
1835 934 1860 985 1
1880 933 2022 993 558,
2045 924 2277 1000 ingenti
2297 925 2572 985 ecclesiae
2591 928 2932 1004 anglicanae
2947 927 3112 986 dam·

494 1016 744 1075 lineavit
778 1016 1093 1074 Consilium
1130 1016 1469 1074 delectorum
1498 1017 1772 1073 cardina·
1828 1031 1905 1070 no
1923 1009 1983 1090 ¹).
2030 1014 2264 1072 Potiora
2306 1015 2570 1089 ejusdem
2601 1035 2779 1091 opera
2811 1017 2945 1075 stilo
2988 1021 3110 1075 ter-

487 1107 634 1163 lium
665 1105 737 1163 de
768 1105 1062 1164 Ecclesiae
1101 1105 1484 1164 emendanda.
1550 1105 1642 1163 Ab
1673 1123 1770 1163 eo·
1830 1101 2061 1160 sissimo
2094 1103 2422 1179 conscripta
2455 1102 2714 1186 (praeter
2747 1105 2917 1176 illud,
2951 1106 3112 1181 quod

493 1194 626 1252 dem
658 1194 935 1270 pontifice
981 1194 1123 1253 licet
1152 1196 1418 1252 renitens
1452 1196 1513 1253 et
1543 1194 1773 1253 invitus
1830 1209 2010 1266 supra
2059 1188 2453 1273 laudavimus)
2508 1198 2686 1253 suut:
2748 1194 2839 1253 De
2885 1214 3113 1253 sunimo

495 1294 594 1347 20.
642 1284 773 1341 Dec.
819 1283 1136 1342 cardinalis
1183 1284 1298 1341 suit
1340 1289 1602 1341 creatus:
1656 1302 1773 1357 quo
1819 1281 2092 1355 pontifice
2122 1281 2339 1339 Christi
2384 1283 2447 1341 in
2491 1283 2671 1342 terris
2705 1283 2922 1343 vicario
2953 1285 3111 1360 ejus-

493 1373 713 1432 nuncio
744 1376 979 1448 accepto
1000 1373 1290 1431 Henricus
1311 1373 1375 1430 in
1394 1372 1650 1431 furorem
1680 1390 1773 1429 ac·
1831 1388 1947 1444 que
1978 1368 2168 1427 officio
2202 1374 2262 1428 et
2292 1376 2604 1448 potestate,
2655 1372 2901 1432 Lovanii
2942 1382 3108 1436 1569

490 1468 592 1521 tus
637 1466 727 1521 est
771 1451 1365 1537 cruentissimamque
1410 1461 1772 1537 persecutio·
1829 1453 1990 1539 (cum
2012 1460 2389 1532 praecedenti
2411 1464 2471 1520 et
2489 1462 2637 1531 aliis,
2670 1482 2747 1520 m.
2774 1458 2918 1543 50);
2952 1461 3110 1538 apud

491 1550 720 1609 nemin
754 1552 882 1626 ejus
925 1551 1392 1626 consanguineos
1438 1550 1771 1618 commovit,
1830 1546 2170 1606 Roccaberti
2201 1548 2411 1617 XVIII,
2451 1560 2832 1617 144—1903
2877 1552 2946 1609 de
2975 1569 3108 1609 con-

492 1640 620 1699 Poli
654 1640 939 1698 fratribus
961 1643 1068 1698 aut
1084 1640 1473 1698 internecioni
1493 1639 1649 1697 datis
1669 1642 1775 1697 aut
1828 1636 1958 1693 cilio
2007 1638 2062 1707 l„
2116 1636 2188 1696 de
2239 1638 2529 1714 baptismo
2578 1639 2951 1699 Constantini
3001 1640 3108 1710 M.;

491 1730 554 1787 in
587 1730 789 1807 fugam
822 1729 999 1787 actis:
1032 1732 1282 1787 matrem
1314 1747 1450 1787 vero
1481 1729 1773 1787 honestis·
1829 1724 2189 1784 Reformatio
2235 1728 2485 1803 Angliae
2536 1747 2604 1787 ex
2654 1729 2907 1788 decretis
2951 1730 3106 1805 ejus·

491 1819 698 1877 simam
757 1818 1205 1894 piissimamque
1267 1818 1544 1876 feminam
1605 1818 1775 1876 nulla
1830 1813 1980 1883 dem,
2015 1814 2283 1875 Venetiis
2314 1826 2509 1888 15623
2544 1818 2760 1876 Romae
2787 1828 2974 1889 1562,
3008 1818 3109 1877 Di-

491 1907 872 1983 cognationis,
907 1908 1119 1965 aetatis
1140 1903 1268 1988 (90.
1289 1926 1511 1965 annum
1535 1908 1660 1982 jam
1683 1910 1772 1965 at·
1830 1902 2022 1980 lingae
2063 1914 2261 1975 15623
2307 1906 2465 1982 apud
2497 1907 2552 1964 le
2582 1907 2719 1965 Plat
2749 1906 2855 1979 III,
2892 1917 3109 1970 296-

490 1992 757 2077 tigerat),
810 2015 983 2054 sexus
1027 1996 1254 2055 ratione
1299 1996 1503 2055 habita
1533 1995 1772 2071 publico
1832 1997 3108 2069 3773cumop.proprimaturomanaeEccle-

490 2086 554 2144 in
604 2086 730 2144 foro
791 2085 981 2160 capite
1045 2086 1225 2160 plecti
1266 2085 1486 2160 jussit:
1550 2085 1688 2143 hinc
1740 2104 1774 2142 a
1826 2083 1963 2149 siae,
1997 2083 2359 2158 Argentinae
2400 2094 2562 2148 1555
2599 2086 2663 2143 in
2682 2085 2756 2154 f.;
2789 2086 2844 2144 A
2877 2087 3110 2144 treatise

492 2175 685 2233 Leone
705 2175 861 2232 XIII.
895 2174 1208 2233 beatorum
1241 2192 1489 2232 numero
1520 2174 1638 2232 suit
1668 2174 1769 2231 ad·
1827 2170 2316 2247 ofJustitication,
2348 2191 2417 2231 ex
2451 2174 2579 2248 ejus
2614 2174 2850 2250 scriptis
2871 2175 3107 2233 concin-

493 2264 718 2338 scripta
766 2274 820 2326 9.
869 2264 999 2321 Dec.
1056 2272 1240 2327 1886.
1319 2262 1560 2321 Publica
1591 2263 1773 2322 etiam
1828 2264 2024 2330 natus,
2070 2260 2551 2333 Lovanii15693
2599 2263 2789 2322 oratio
2836 2265 2905 2321 de
2941 2282 3104 2340 pace,

490 2353 795 2430 praeconis
816 2371 955 2411 voce
980 2362 1189 2415 50000
1226 2370 1433 2410 aureos
1466 2353 1519 2409 ei
1549 2352 1771 2429 promi-
1828 2348 2040 2407 Romae
2084 2359 2263 2417 1555,
2297 2356 2358 2409 et·
2390 2352 2676 2425 quaedam
2709 2353 2839 2411 alia.
2873 2353 3107 2426 Episto-

494 2444 588 2512 sit,
623 2443 726 2517 qui
747 2459 952 2500 necem
972 2441 1256 2500 cardinali
1288 2442 1551 2511 inferret,
1588 2460 1771 2516 quare
1826 2438 1916 2495 Ias
1931 2437 2168 2514 collegit
2184 2439 2489 2515 ediditque
2509 2440 2924 2500 celeberrimus
2953 2441 3107 2500 card.

491 2532 587 2589 hic
606 2548 727 2589 non
747 2530 924 2589 semel
943 2531 1104 2588 vitae
1136 2530 1390 2589 incurrit
1418 2531 1770 2606 periculum.
1827 2525 2074 2594 Querini
2106 2528 2341 2586 Brixiae
2381 2540 2720 2592 1744—57
2770 2533 2813 2590 t.
2852 2540 2885 2594 5
2933 2531 2998 2588 in
3031 2540 3107 2601 4.,

491 2621 819 2679 convocato
870 2619 1114 2678 concilio
1173 2619 1501 2678 tridentino
1551 2619 1677 2695 ipse
1737 2639 1771 2676 a
1828 2616 2344 2690 quorumnltimus
2360 2621 2453 2676 est
2468 2618 2805 2678 rarissimus
2818 2615 2917 2701 (m.
2938 2616 3107 2702 175).

491 2710 678 2768 Paulo
708 2708 813 2767 III.
846 2729 977 2767 cum
1012 2708 1413 2767 cardinalibus
1445 2710 1540 2766 del
1571 2710 1771 2768 Monte
1826 2704 2021 2781 Ipsius
2053 2725 2288 2782 quoque
2335 2712 2477 2766 sunt
2507 2709 2740 2767 Literae
2772 2710 3107 2785 pontificiae

486 2803 552 2856 et
583 2799 815 2857 Cervini
864 2802 937 2856 ut
965 2798 1058 2856 illi
1106 2803 1401 2872 praeesset
1431 2797 1770 2857 destinatus
1829 2793 2146 2876 (PauliIII.
2165 2816 2214 2853 a.
2241 2793 2433 2878 1542)
2456 2798 2524 2855 de
2541 2799 3106 2857 modoconcimmndi.

490 2892 598 2946 est.
632 2888 775 2945 Post
809 2888 986 2962 hujus
1017 2887 1311 2963 pontificis
1333 2891 1580 2945 mortem
1600 2891 1772 2946 tauta

488 2976 607 3034 fuit
638 2976 1029 3034 cardinalium
1060 2975 1125 3032 in
1157 2977 1357 3050 ipsum
1389 2976 1768 3051 conspiratio,
1918 2982 2062 3036 673.
2109 2973 2179 3031 In
2210 2976 2459 3052 edendis,
2494 2976 2860 3035 illustrandis
2890 2983 3104 3034 verten-

491 3072 559 3123 ut
593 3065 709 3123 duo
742 3068 980 3123 tantum
1012 3065 1103 3123 illi
1125 3064 1408 3141 suffragia
1439 3065 1512 3122 ad
1532 3065 1769 3124 electio·
1825 3062 2024 3138 disque
2050 3070 2299 3135 patrum
2335 3065 2603 3137 operibus
2635 3065 2905 3140 occupati
2940 3064 3107 3124 fuere

489 3173 626 3211 nem
674 3153 739 3211 in
788 3153 1123 3229 pontificem
1187 3155 1475 3223 deessent,
1547 3173 1770 3228 suaque
1827 3151 2029 3226 plures
2060 3171 2127 3210 ex
2161 3151 2253 3222 iis,
2301 3154 2406 3229 qui
2437 3154 2628 3212 literis
2659 3154 3108 3212 delectabantur

489 3242 830 3301 resistentia
848 3243 1054 3313 effecit,
1076 3247 1147 3302 ut
1165 3243 1315 3302 alius
1334 3244 1461 3319 ejus
1482 3244 1608 3303 loco
1630 3240 1693 3325 (J
1698 3262 1768 3301 u·
1829 3241 2291 3299 humanioribus.
2340 3243 2433 3300 Ita
2462 3246 2698 3317 praeter
2728 3243 2794 3301 V.
2828 3243 3108 3320 Hartung

490 3333 608 3391 lius
646 3332 775 3413 III.)
823 3333 1158 3410 eligeretur.
1254 3332 1560 3392 Defunctis
1608 3333 1770 3391 Hen-
1826 3329 2078 3388 Paceum
2113 3326 2209 3412 (de
2243 3349 2362 3405 quo
2395 3332 2465 3389 cf.
2500 3349 2680 3407 supra
2698 3352 2755 3407 p.
2785 3327 2979 3412 1423)
3001 3331 3106 3391 Jo-

490 3421 770 3480 ricoVIII.
783 3423 1032 3497 ejusque
1053 3440 1385 3481 successore
1398 3421 1768 3481 EduardoVI.
1826 3437 2005 3477 annes
2069 3420 2403 3479 Matthaeus
2454 3419 2762 3479 Giberti
2833 3421 3105 3480 Panormi

491 3511 674 3570 Maria
704 3512 1049 3570 Catharinae
1089 3510 1209 3569 filia
1239 3511 1520 3570 thronum
1554 3512 1772 3585 adepta
1826 3527 1882 3565 n.
1924 3517 2086 3570 1495
2125 3510 2385 3568 classicis
2420 3509 2612 3568 literis
2645 3509 2878 3586 egregie
2909 3510 3106 3568 imbu-

486 3605 578 3659 est
610 3596 854 3682 (1553),
901 3620 1053 3675 quae
1097 3600 1170 3658 de
1214 3600 1602 3659 restauranda
1631 3601 1769 3658 reli·
1826 3599 1941 3666 tus,
1963 3598 2128 3657 Julio
2148 3598 2221 3655 de
2243 3598 2452 3656 Medici
2471 3598 2757 3657 cardinali
2788 3619 2823 3656 a
2842 3600 3104 3669 secretiS,

490 3691 662 3766 gione
713 3691 1003 3749 catholica
1066 3690 1126 3748 in
1176 3690 1392 3766 Anglia
1454 3689 1769 3749 admodum
1825 3686 1943 3744 imo
1976 3686 2157 3745 Leoni
2188 3687 2253 3745 X.
2289 3709 2322 3745 a
2352 3688 2631 3758 consilii3‚
2680 3707 2818 3747 nam
2866 3689 2981 3746 etsi
3003 3689 3104 3762 ju-

489 3780 607 3837 fuit
640 3780 908 3838 sollicita.
943 3779 1127 3848 Quem
1161 3779 1223 3838 in
1256 3779 1431 3837 finem
1464 3779 1644 3836 Polus
1677 3782 1770 3837 est
1825 3776 1987 3834 venis
2021 3795 2254 3835 summa
2273 3777 2542 3851 pollebat
2571 3778 2926 3836 auctoritate
2945 3776 3104 3853 apud

490 3869 704 3927 missus
738 3869 973 3948 legatus
996 3869 1355 3943 apostolicus
1376 3886 1510 3926 cum
1526 3868 1768 3944 amplis-

489 3959 658 4015 simis
690 3958 1076 4016 sacultatibus
1110 3957 1422 4031 dictusque
1441 3956 1766 4032 archiepis·
1902 4003 1940 4070 ι)
1970 4000 2052 4055 Cf·
2081 4000 2500 4054 Zimmermann
2528 4000 2585 4054 C·
2606 4000 2740 4053 1201&
2767 3999 2957 4055 Leben
2985 3998 3105 4052 und

488 4064 672 4122 copus
716 4047 1145 4105 cantuariemis
1192 4041 1433 4125 (1555)·
1513 4045 1675 4115 Quae
1705 4046 1770 4103 in
1827 4071 1980 4125 seine
2009 4071 2306 4137 Schriften,
2335 4071 2668 4126 Reoensbur
2723 4075 2894 4128 1893:
2921 4071 3029 4124 Lee
3046 4069 3104 4125 C.

493 4136 600 4194 hoc
630 4136 869 4210 negotio
902 4136 1152 4210 gesserit
1204 4135 1473 4193 consulto
1506 4138 1767 4209 praeter·
1827 4143 1960 4197 Pole
2001 4143 2340 4213 archbishop
2380 4118 2450 4197 οῗ
2475 4145 2679 4197 Canter
2721 4160 2829 4210 ury
2867 4142 3106 4223 London

486 4224 800 4292 mittimus,
849 4243 985 4282 cum
1034 4224 1105 4282 ad
1156 4242 1263 4284 nos
1313 4243 1431 4281 non
1482 4227 1770 4299 spectent.
1828 4219 1997 4272 1887:
2025 4214 2360 4269 Bellesheim
2389 4213 2502 4268 KL·
2529 4214 2596 4279 X,
2625 4218 2787 4296 125ss
2804 4218 2938 4273 1·31;
2991 4212 3106 4267 Gil-

1825 4287 1936 4339 low
1966 4287 2011 4339 V
2019 4327 2032 4348 ,
2058 4290 2333 4343 336—41:
2387 4285 2602 4341 Kerker
2643 4285 2922 4354 Regmald
2952 4283 3105 4350 Pole,

1827 4358 1918 4412 ein
1941 4357 2297 4423 Lebensbild,
2326 4356 2592 4427 Friburgi
2604 4359 2760 4414 1874:
2789 4355 3107 4410 Beccadelli

562 4437 602 4505 ¹)
630 4434 797 4486 Hunc
824 4450 887 4488 ex
916 4432 1036 4488 cod.
1063 4450 1163 4486 ms.
1204 4431 1560 4501 deprompsit
1586 4430 1769 4486 Schel-
1825 4429 1959 4482 Vita
1986 4429 2078 4482 del
2106 4429 2267 4483 Card.
2308 4429 2444 4498 Reg.
2473 4428 2627 4492 Polo,
2665 4428 2842 4483 latine
2880 4427 3106 4482 reddita

488 4507 634 4559 horn
660 4505 804 4558 Hist.
832 4506 965 4560 eccl.
993 4504 1644 4564 amoenit.l,191—·276:
1671 4503 1768 4556 sed
1825 4516 1858 4552 a
1886 4500 2183 4565 Dudithio,
2213 4500 2469 4555 Venetiis
2496 4503 2652 4558 1563:
2681 4499 2918 4553 London
2947 4504 3105 4565 1690,

484 4577 624 4646 quia
649 4578 893 4630 insertus
920 4580 1019 4641 est,
1062 4579 1130 4629 ut
1165 4575 1359 4643 inquit
1398 4573 1640 4629 Michael
1665 4591 1698 4627 a
1725 4592 1767 4629 s.
1825 4572 1998 4625 etiam
2039 4571 2101 4625 in
2143 4572 2229 4626 ed.
2271 4571 2368 4627 cit.
2405 4571 2777 4641 epistolarum
2817 4569 2944 4624 Poli
2985 4573 3026 4624 t.
3054 4576 3106 4627 1.

483 4649 511 4702 J
522 4666 597 4704 os.
624 4648 897 4703 Biblioth.
938 4648 1061 4702 crit.
1090 4647 1182 4712 IV,
1209 4652 1279 4703 24
1319 4644 1595 4714 sartagini
1641 4664 1768 4700 con·
1825 4643 2066 4697 Thomas
2095 4642 2336 4712 Phillips
2363 4643 2587 4712 Anglus
2612 4645 2660 4713 (†
2686 4645 2869 4766 1774).
2891 4642 2960 4696 de
2988 4659 3104 4710 quo

487 4720 767 4775 viciorum
808 4723 865 4773 et
904 4736 1175 4780 errorum,
1215 4718 1337 4787 ipse
1378 4733 1506 4770 eum
1544 4717 1768 4771 recudit
1864 4715 1994 4768 lura
2020 4715 2204 4768 infra:
2230 4715 2349 4769 The
2377 4716 2597 4782 history
2624 4714 2688 4769 of
2710 4714 2803 4767 the
2854 4713 2932 4767 ife
2960 4712 3102 4769 ofR.

488 4791 562 4845 ib.
590 4809 663 4861 pa
710 4835 722 4846 .
749 4795 979 4847 24—47.
1020 4788 1321 4859 Reperitur
1348 4791 1407 4841 et
1431 4788 1491 4841 in
1520 4789 1606 4844 ed.
1636 4789 1767 4854 Qui·
1870 4787 1974 4848 ole,
1994 4786 2208 4840 Oxford
2225 4791 2473 4847 1764-67;
2496 4790 2633 4843 1767
2653 4786 2739 4839 ed.
2766 4789 2815 4841 2.
2832 4786 2875 4839 t.
2887 4790 2936 4848 2,
2955 4801 3103 4853 quae

485 4863 622 4916 rinii
648 4865 671 4914 I
729 4905 740 4926 ,
768 4865 1033 4918 306—53.
1823 4858 1976 4910 haud
1996 4855 3101 4926 paucorumincurritcontradictionem.
