3475 5364
470 351 631 405 1215
835 339 1202 393 1521—1540.
1230 335 1540 404 Theologia
1564 334 1737 390 schol.
1767 333 2155 391 Sententiarii.
2182 335 2455 403 Aegidius
2485 336 2584 389 vit.
2612 340 2715 393 etc.

2920 356 2941 407 1
2960 355 2992 406 2
3013 357 3029 406 l
3049 356 3087 408 6

462 527 587 577 tuta
616 538 721 578 seu
751 520 1175 579 instructiones
1208 541 1241 578 a
1273 521 1450 579 variis
1482 539 1527 583 s.
1546 520 1741 579 tribu·
1799 519 2049 580 eruditis
2078 521 2247 580 valde
2278 521 2580 579 laudatam
2610 540 2718 597 pro
2733 522 2969 581 concilii
3001 525 3087 581 la·

464 609 617 666 nalis
650 608 1059 683 inquisitionis
1090 609 1380 668 ministris
1422 610 1743 669 observan-
1795 610 2128 669 termiensis
2147 611 2213 668 V.
2234 604 2457 689 (1512)
2489 610 2866 670 inchoatione
2903 613 3086 670 habes

466 698 589 766 dae,
610 696 1060 773 Hispali15003
1095 700 1324 757 Statum
1343 700 1463 757 alia
1481 702 1589 757 etc.
1623 700 1743 757 Me·
1801 700 1960 774 apud
2005 699 2311 758 Hardouin
2357 717 2515 759 conc.
2549 700 2681 758 coll.
2727 700 2826 769 IX,
2883 710 3087 772 1576;

465 788 747 863 thymnae
799 797 1017 856 1504.,
1071 789 1291 862 quibus
1334 787 1742 863 inquisitionis
1799 789 2068 862 epistolas
2110 807 2250 847 vero
2295 790 2541 847 selectas
2589 788 2858 865 vulgavit
2901 791 3079 849 Mar·

466 875 730 935 tribunal
751 877 1067 935 reformare
1097 877 1315 935 nititur
1340 873 1406 958 1).
1439 878 1597 935 Haec
1617 897 1742 937 om·
1798 881 1826 935 t
1842 896 1872 935 e
1886 897 1930 935 n
1943 895 1975 935 e
1990 877 2215 936 collect.
2229 896 2415 936 novae
2428 878 2534 947 111,
2559 886 2719 940 1234
2739 882 2884 936 sset
2904 879 3090 954 hujus

466 965 569 1023 nia
597 965 949 1041 prodierunt
994 966 1172 1024 etiam
1206 966 1436 1024 Matriti
1474 975 1638 1030 1576
1679 967 1743 1024 in
1801 966 2060 1025 sodalem
2080 967 2129 1024 G
2144 987 2178 1026 a
2194 966 2273 1024 br
2290 966 2308 1023 i
2326 967 2389 1025 el
2406 986 2505 1025 em
2527 968 2585 1025 M
2601 986 2637 1025 a
2654 985 2679 1025 s
2698 985 2728 1026 c
2745 986 2779 1026 o
2794 967 2869 1025 lu
2883 988 2944 1025 m
2959 968 3082 1025 An·-

464 1055 502 1110 f.
549 1054 694 1129 Ejus
729 1056 1166 1114 Monotessaron
1212 1056 1265 1114 h.
1300 1075 1346 1114 e.
1386 1075 1453 1113 ex
1486 1060 1745 1131 quatuor
1801 1056 2161 1125 conitanum,
2196 1056 2560 1131 sociumque,
2597 1056 2738 1114 dum
2771 1060 2930 1115 essct
2957 1075 3081 1114 ma-

466 1144 787 1220 evangeliis
835 1163 1024 1204 unum
1069 1144 1299 1219 adjecta
1343 1148 1551 1203 catena
1580 1150 1743 1204 vete-

465 1251 599 1378 gum
631 1237 869 1309 patrum
899 1234 1002 1291 illa
1019 1234 1442 1309 exponentium
1463 1253 1582 1293 non
1606 1253 1743 1310 pro·

509 1321 592 1379 iit.

559 1509 700 1562 572.
753 1501 958 1576 Coepit
988 1502 1225 1575 quidem
1266 1521 1310 1560 s.
1343 1502 1594 1561 Thomas
1617 1501 1740 1576 jam

1799 1144 1990 1221 gister
2021 1145 2337 1221 generaliS,
2372 1146 2676 1203 sacristam
2709 1145 3082 1221 pontificium

1801 1236 1863 1292 et
1894 1233 2240 1310 episcopum
2271 1239 2628 1293 castrensem
2663 1229 2727 1316 (†
2767 1230 2962 1313 1534)
2995 1268 3084 1277 -

1802 1322 2317 1381 Gallerandum
2349 1323 2767 1399 Cassayach
2799 1322 2861 1382 Ο.
2897 1324 3081 1382 Carm.

1801 1411 2149 1487 Hispanum,
2172 1412 2512 1487 episcopum
2530 1411 3084 1487 chrysopolitanum

1800 1501 1872 1558 ad
1921 1501 2240 1559 exercenda
2288 1520 2538 1560 munera
2592 1500 2958 1576 pontificalia
3016 1501 3083 1559 in

466 1589 528 1646 in
561 1589 775 1647 scholis
807 1591 1132 1665 splendere,
1167 1590 1359 1650 adhuc
1376 1595 1579 1649 tamen
1610 1609 1743 1666 reg·
1797 1589 2013 1649 diocesi
2072 1590 2450 1664 maj0ricensi
2500 1585 2562 1672 (†
2621 1585 2843 1669 1537),
2909 1591 3081 1665 cujus

465 1679 644 1735 nabat
675 1679 736 1736 in
757 1679 1053 1738 cathedris
1074 1680 1501 1739 sententiarum
1525 1680 1742 1756 magis-

462 1770 570 1836 ter,
606 1768 776 1842 cujus
809 1768 1028 1827 iterum
1057 1769 1234 1844 plura
1270 1770 1569 1828 elaborata
1599 1772 1744 1827 sunt

463 1858 897 1926 commentaria,
952 1858 1053 1915 sed
1096 1859 1220 1933 jam
1271 1859 1512 1917 minoris
1562 1857 1742 1932 pretii

1799 1678 1982 1737 etiam
2027 1683 2352 1755 supersunt
2395 1679 2814 1738 commentaria
2859 1678 2922 1737 in
2970 1679 3080 1738 ali-

1799 1770 1947 1843 quot
1976 1767 2161 1826 libros
2194 1787 2239 1831 s,
2261 1768 2603 1844 Scripturas
2625 1802 2710 1811 —
2729 1767 2769 1825 J
2781 1786 2813 1826 o
2830 1786 2915 1826 an
2927 1787 3084 1827 nem

1799 1858 1846 1914 G
1861 1876 1892 1914 e
1911 1875 1942 1914 e
1958 1858 2028 1916 lv
2043 1876 2075 1915 e
2089 1858 2112 1914 l
2128 1856 2165 1915 d
2182 1877 2213 1916 e
2246 1876 2352 1917 seu
2380 1876 2496 1915 van
2528 1856 2852 1915 Haetvelde
2894 1854 2953 1937 (a
2983 1877 3079 1915 ca-

464 1946 634 2019 quasi
682 1947 1022 2004 testimonia
1072 1946 1282 2005 sideris
1334 1948 1409 2006 ad
1470 1965 1743 2006 occasum
1797 1945 1916 2004 lido
1966 1942 2208 2029 Campo)
2273 1946 2338 2005 Ο.
2390 1947 2573 2004 Carm.
2624 1946 3082 2015 Brabantinum,

462 2034 779 2111 vergentis.
841 2035 1382 2095 Praetermittimus
1424 2037 1739 2095 Everar-
1796 2035 2126 2112 theclogiae
2156 2035 2568 2110 professorem,
2602 2036 2942 2111 episcopum
2973 2054 3080 2093 au-

463 2123 630 2183 dum
664 2124 733 2181 de
768 2123 1003 2183 Clivis
1038 2124 1102 2186 Ο.
1136 2125 1336 2183 Praed.
1372 2124 1742 2200 aliquamdiu
1797 2123 2063 2183 xiliarem
2097 2125 2508 2194 trajectensem
2540 2118 2915 2206 (1523)‚qui
2935 2124 3079 2182 scri·

463 2213 644 2270 studii
692 2213 1190 2291 heidelbergensis
1237 2218 1540 2290 regentem
1571 2232 1740 2272 suae·

461 2320 610 2375 quae
642 2302 977 2375 provinciae
1010 2303 1414 2378 praepositum
1447 2299 1509 2385 (†
1532 2313 1584 2364 4.
1607 2304 1741 2362 Dec.

473 2387 686 2471 1524).
734 2426 818 2434 —-
866 2392 1312 2451 Michaelem
1346 2392 1742 2451 Wratisla·

463 2479 801 2538 viensem
836 2476 915 2562 (fl.
949 2477 1139 2563 1530)
1170 2482 1499 2558 theologiae
1520 2482 1743 2557 profes-

466 2588 677 2637 sorem,
710 2569 1194 2629 mathematicum
1229 2574 1288 2628 et
1312 2574 1740 2639 astronomum,

464 2659 633 2734 cujus
666 2660 905 2732 epitome
945 2661 1371 2718 conclusionum
1408 2661 1740 2736 theoloyiea-

464 2749 607 2805 lium
639 2748 702 2806 in
740 2757 774 2808 4
811 2748 870 2805 ll.
895 2749 1325 2807 sententiarum
1364 2749 1587 2826 prodiit
1606 2751 1741 2808 Cra-

463 2837 663 2895 coviae
721 2846 905 2899 1521.
959 2871 1044 2880 —
1093 2838 1563 2896 Hadrianum
1613 2840 1742 2895 Ar-

464 2944 501 2982 n
519 2926 673 2984 oldi
711 2924 808 3004 (de
832 2923 1135 3008 Arnoldis)
1172 2926 1235 2988 O.
1256 2928 1443 2989 Carm.
1476 2928 1739 3004 Belgam‚

462 3014 792 3090 theologiae
825 3014 1122 3074 doctorem
1154 3019 1216 3073 et
1246 3016 1543 3086 lectorem,
1587 3016 1740 3092 epis-

464 3122 673 3178 copum
709 3122 1038 3162 rossensem
1084 3104 1149 3162 in
1180 3124 1235 3179 p.
1268 3105 1322 3174 i.‚
1361 3105 1647 3163 vicarium
1679 3106 1742 3163 in

464 3192 881 3266 spiritualibus
918 3191 977 3268 (†
1015 3189 1212 3276 1536)
1243 3229 1331 3236 --
1364 3195 1739 3271 Aegidium

463 3282 1046 3342 viterbiensem
1082 3283 1146 3345 Ο.
1181 3284 1235 3341 S.
1270 3285 1421 3359 Aug.
1469 3303 1538 3341 ex
1572 3303 1740 3358 prae-

464 3371 657 3445 posito
690 3372 952 3449 generali
984 3372 1056 3431 de
1076 3372 1301 3432 ordinis
1333 3374 1742 3432 reformatione

463 3461 780 3519 admodum
859 3461 1115 3520 sollicito
1140 3459 1190 3542 2)
1261 3462 1617 3521 cardinalem
1683 3459 1744 3542 (†

467 3545 681 3628 1532),
729 3551 791 3609 in
836 3551 1053 3628 linguis
1083 3551 1467 3610 orientalibus
1500 3571 1616 3610 non
1650 3569 1742 3610 so-

460 3640 585 3698 lum
617 3640 889 3698 hebraica
920 3644 981 3699 et
1012 3640 1329 3710 chaldaica,
1380 3641 1483 3698 sed
1520 3648 1582 3698 et
1611 3644 1741 3698 tur-

460 3730 597 3798 cica,
630 3730 859 3805 persica
890 3733 950 3788 et
981 3729 1215 3788 arabica
1245 3730 1393 3788 bene
1423 3733 1741 3798 versatum,

460 3819 563 3894 qui
595 3819 906 3878 innumera
923 3819 1167 3893 reliquit
1195 3818 1435 3886 inedita,
1470 3819 1648 3878 etiam
1669 3818 1741 3876 ad

460 3911 717 3966 mentem
769 3908 1044 3974 Platonis,
1094 3907 1166 3965 ad
1213 3927 1288 3965 ss,
1321 3908 1557 3976 literas,
1605 3927 1742 3966 eru-

459 3998 741 4055 ditionem
805 3996 1170 4054 rabbinicam
1191 4041 1204 4066 ,
1270 3997 1581 4055 historiam
1633 3999 1740 4056 etc.

460 4086 790 4160 spectantia
836 4088 896 4142 et
941 4086 1112 4160 cujus
1160 4086 1484 4143 orationem
1531 4106 1564 4143 a
1595 4086 1741 4144 viris

1798 2213 1923 2289 psit
1953 2217 2161 2272 contra
2192 2213 2521 2272 Lutherum
2552 2217 2660 2272 etc.
2701 2246 2789 2258 —
2821 2213 3079 2271 Marti-

1799 2322 1967 2360 num
2013 2324 2046 2360 a
2077 2303 2483 2362 Turnhout
2531 2306 2918 2379 cognomento
2965 2321 3079 2360 van

1799 2391 1903 2448 der
1922 2391 2059 2450 Kee
2078 2392 2142 2449 le
2176 2392 2239 2450 Ο.
2261 2393 2402 2450 Min.
2423 2393 2812 2467 professorem
2843 2392 2910 2449 in
2940 2409 3084 2449 con·

1799 2483 1985 2538 ventu
2016 2481 2346 2541 lovaniensi
2378 2485 2440 2539 et
2469 2479 2760 2539 fervidum
2799 2480 3078 2539 ecclesia-

1800 2571 1934 2627 sten
1985 2565 2046 2650 (†
2105 2580 2198 2631 13.
2248 2570 2420 2628 Mart.
2475 2566 2688 2647 1540),
2741 2570 2845 2643 qui
2895 2569 3078 2628 etiam

1799 2658 2011 2717 Isaiam
2033 2659 2471 2718 commentariis
2489 2658 2823 2718 illustravit
2852 2693 2941 2702 —
2969 2658 3009 2717 J
3024 2676 3084 2717 o·

1798 2766 2064 2805 aunem
2113 2748 2186 2806 de
2236 2749 2518 2825 Salaya
2574 2748 2768 2823 patria
2812 2748 3078 2807 Valenti·

1798 2856 1961 2906 num,
1995 2837 2294 2896 doctorem
2326 2838 2731 2913 parisiensem,
2779 2837 2840 2895 in
2886 2838 3081 2913 patria

1798 2926 2130 3002 theologiae
2163 2926 2549 2986 scholasticae
2569 2926 2939 3003 magistrum,
2975 2927 3078 3000 qui

1798 3015 1956 3090 apud
2005 3016 2384 3093 archeologos
2434 3016 2632 3074 minus
2693 3016 2842 3074 bene
2892 3015 3076 3073 audit.

1801 3104 2102 3179 Siquidem
2133 3105 2380 3181 indigne
2411 3106 2636 3174 serens,
2677 3125 2711 3162 a
2742 3104 3084 3163 christianis

1799 3193 2137 3252 hominibus
2200 3194 2426 3268 lapides
2476 3194 2747 3254 horridae
2803 3193 3084 3270 rubigine

1799 3283 2117 3341 vetustatis
2137 3284 2363 3342 obsitos
2383 3282 2798 3342 venerabunde
2817 3283 3077 3351 tractari,

1799 3371 2078 3447 antiquas
2125 3371 2540 3447 inscriptiones
2584 3372 2840 3440 consuli,
2887 3372 3080 3430 suasit

1799 3478 1865 3518 ac
1896 3462 2190 3536 persuasit
2221 3461 2476 3520 credulis
2506 3461 2974 3537 magistratibus,
3007 3466 3087 3519 ut.

1798 3550 2087 3625 quidquid
2150 3550 2488 3625 hujusmodi
2557 3552 3077 3609 monumentorum

1798 3640 1976 3714 prisci
1997 3640 2180 3698 seculi
2196 3643 2324 3698 tota
2344 3640 2491 3697 urbe
2511 3639 2894 3715 reperiretur,
2925 3657 3076 3714 pou-

1799 3727 1877 3786 tis
1910 3729 2238 3803 cujusdam,
2287 3729 2391 3804 qui
2438 3728 2509 3787 de
2545 3745 2697 3787 novo
2729 3728 3075 3787 exstrueba-

1800 3821 1917 3887 tur,
1951 3818 2353 3876 fundamentis
2387 3818 2834 3876 substernerent
2850 3813 2913 3896 1).
2964 3818 3078 3875 Re-

1798 3906 1980 3980 liquit
2011 3907 2434 3983 expositionem
2467 3909 2528 3965 in
2562 3909 2601 3964 8
2620 3908 2676 3964 ll.
2700 3908 3079 3982 physicorum

1800 3996 2140 4054 Aristotelis
2173 4015 2305 4055 cum
2323 4015 2418 4071 qq.
2452 3996 2718 4071 ejusdem
2751 3995 3078 4054 secuudum

1799 4084 2095 4160 triplicem
2129 4086 2282 4144 viam
2317 4085 2371 4146 b.
2405 4085 2678 4156 Thomae,
2714 4085 2983 4143 Realium
3017 4087 3079 4142 et

1798 4174 2218 4244 Nominalium,
2254 4174 2492 4233 Parisiis
2520 4183 2681 4237 1502
2718 4175 2777 4231 in
2800 4174 2867 4243 f.;
2901 4193 3078 4248 expo·

1799 4263 1938 4321 sitio
1973 4283 2150 4322 aurea
2181 4265 2243 4320 in.
2275 4267 2359 4322 10
2393 4265 2446 4323 ll.
2483 4264 2814 4322 Elicit-orum
2845 4263 3074 4321 Aristo·

538 4331 572 4408 Ι.)
602 4327 683 4381 Cf.
726 4328 1236 4381 liundhausen
1281 4328 1394 4384 KL.
1440 4329 1531 4393 111,
1583 4333 1739 4394 1657,
1797 4352 1952 4422 telis,
1987 4352 2227 4411 parisiis
2268 4362 2430 4415 1522
2468 4353 2531 4410 in
2563 4353 2629 4422 ἧς
2679 4355 2740 4410 ,τη
2788 4355 2845 4410 2,
2884 4354 2917 4411 J·
2952 4371 3084 4410 sen-⁴

457 4417 560 4467 qui
610 4416 737 4452 eum
791 4402 989 4452 contra
1040 4400 1301 4454 Llorente
1347 4400 1741 4455 accusationes

457 4488 519 4523 ac
548 4469 596 4524 si
622 4469 792 4523 nimis
821 4471 999 4524 suerit
1025 4472 1202 4524 durus
1230 4475 1442 4526 tuetur.

1795 4444 2107 4500 tentiarum
2153 4442 2478 4500 secundum
2522 4441 2844 4501 eorundem
2876 4441 3078 4516 tripli-

533 4548 569 4615 Σ’)
595 4542 832 4596 Strenue
852 4560 1081 4611 quoque
1101 4543 1370 4596 tuebatur
1385 4541 1735 4612 regularium
1796 4550 1918 4589 cem
1953 4532 2128 4604 viam,
2164 4531 2427 4590 venetiis
2468 4541 2626 4594 1531
2670 4531 2733 4589 in
2757 4542 2825 4592 4:
2860 4532 2921 4587 in
2943 4533 2998 4591 3.
3021 4531 3078 4601 L,

456 4614 757 4695 privilegia
794 4614 1065 4667 adversus
1107 4613 1501 4684 episcoporum
1543 4629 1739 4681 quere·
1796 4620 2098 4678 valentiae
2139 4629 2301 4683 1530
2337 4620 2398 4679 in
2435 4630 2504 4691 43
2539 4622 2600 4678 in
2636 4623 2691 4678 4,
2725 4622 2778 4688 lq
2801 4620 2876 4678 ib,
2907 4627 3080 4682 1523.

455 4684 554 4750 las,
584 4687 684 4754 qui
712 4704 772 4739 in
800 4685 1037 4740 concilio
1060 4685 1401 4738 lateranensi
1422 4685 1487 4737 V.
1504 4684 1735 4738 illorum

453 4757 884 4828 abrogationem
925 4757 1017 4810 vel
1055 4756 1518 4809 imminutionem
1546 4759 1735 4826 postu-

453 4830 665 4884 labant.
743 4829 824 4882 Cf.
878 4826 1555 4897 Hefele·Hergcnroether
1609 4827 1735 4880 VIIl

453 4906 627 4967 5904.

1874 4837 1907 4894 ¹)
1935 4827 2016 4887 Cf,
2047 4827 2167 4880 Nic.
2199 4826 2482 4880 Antonius
2513 4825 2775 4882 biblioth.
2800 4826 2944 4894 hisp.
2962 4844 3018 4878 n.
3037 4827 3083 4890 Ι,

1794 4903 1913 4954 773.
2854 4935 2861 4942 -
