3475 5364
236 334 274 385 9
290 332 322 384 γ
880 315 1161 370 Robertus
1186 313 1407 379 Pullus,
1432 315 1603 385 Hugo
1628 316 1810 383 Amb.‚
1839 314 2022 369 Potho
2049 314 2240 369 Prum.

2791 334 2873 387 98

236 502 443 578 logica
490 501 689 559 factus
739 504 834 559 est
894 500 1180 577 magister
1239 500 1539 576 publicus,
1592 503 1842 560 seionum
1871 501 2315 577 theoloqicarum
2329 503 2385 559 ll.
2406 504 2445 559 7
2471 497 2586 584 (ed.
2609 503 2875 561 Mai-tene

235 591 313 647 In
344 589 633 667 Angliam
664 608 940 648 reversus
971 590 1192 648 electus
1223 593 1316 648 est
1346 589 1537 647 archi·
1593 590 1795 649 anecd.
1827 589 1893 660 V,
1946 587 2384 672 895—-1000)‚
2430 591 2652 667 quibus
2698 591 2876 667 plura

236 679 539 738 diaconus
599 679 991 737 rocestrensis
1039 679 1539 753 oxoniensemque
1593 679 1666 738 ad
1726 679 2088 756 theologiam
2153 679 2483 755 spectantia
2532 681 2874 738 summatim

237 768 612 826 academiam
651 769 779 843 jam
810 786 963 843 pene
994 768 1309 843 collapsam
1342 768 1537 826 denuo
1593 769 2025 844 complectitur.
2085 768 2157 826 In
2201 768 2292 826 his
2335 767 2578 827 statuit:
2645 769 2871 838 ‚Quem

238 858 478 934 erigere
511 857 748 915 statuit.
781 856 918 932 Ipse
948 857 1032 915 ibi
1057 857 1285 916 scholas
1304 857 1540 933 aperuit
1592 857 1797 933 itaque
1844 857 2115 917 Christus
2161 875 2266 933 per
2309 857 2630 917 Ecclesiam
2695 857 2874 933 depo·

238 944 302 1026 (1
326 942 770 1027 130-1135),
805 945 991 1022 gratis
1005 945 1220 1015 docuit,
1236 945 1537 1004 auditores
1593 946 1787 1006 nendo
1837 946 1933 1005 vel
1982 946 2538 1006 excommunicando
2596 946 2877 1005 destituit

238 1044 305 1093 et
321 1036 650 1113 magistros
663 1053 732 1093 ex
750 1035 886 1093 aliis
907 1036 1077 1112 regni
1099 1035 1373 1110 partibus
1395 1034 1540 1093 illuc
1592 1036 1666 1094 ab
1726 1034 1935 1104 officio,
1989 1035 2040 1093 si
2100 1035 2166 1094 in
2228 1036 2608 1094 sacramentis
2670 1035 2876 1094 altaris

240 1126 541 1193 evocavit,
592 1143 660 1182 ex
712 1124 934 1198 quibus
985 1142 1103 1183 non
1150 1141 1365 1200 paucos
1412 1123 1537 1183 suis
1594 1125 1931 1183 ministrare
1960 1124 2306 1201 praesumit,
2341 1124 2443 1200 qui
2453 1125 2576 1199 jam
2599 1125 2877 1183 minister

242 1213 601 1289 sumptibus
659 1212 830 1283 aluit,
893 1213 1037 1272 alios
1088 1213 1365 1272 omnibus
1424 1213 1535 1271 hu·
1593 1232 1712 1273 non
1746 1216 1855 1284 est,
1890 1214 2041 1272 nihil
2074 1213 2277 1274 facit‘.
2325 1214 2644 1288 Propterea
2675 1232 2873 1289 repre-

240 1303 567 1361 manitatis
599 1301 812 1360 officiis
845 1301 962 1360 sibi
994 1304 1054 1360 et
1067 1302 1259 1360 musis
1281 1301 1538 1360 obstrin-
1593 1303 2170 1361 hensusaMatthaeo
2185 1302 2487 1361 albanensi
2500 1302 2791 1378 episcopo,
2811 1303 2876 1361 in

240 1392 352 1455 xit.
388 1391 549 1450 Hinc
574 1392 642 1449 in
670 1390 1058 1467 gratitudinis
1090 1391 1328 1467 signum
1361 1394 1535 1466 quot·
1594 1410 1684 1468 ep.
1715 1392 1752 1451 l.
1789 1402 1844 1455 6.
1879 1392 2199 1468 subjuncta
2228 1391 2693 1467 propositionem
2726 1392 2873 1468 legi·

240 1481 430 1539 annis
480 1482 545 1538 in
593 1499 663 1538 ea
710 1478 1007 1539 academia
1055 1498 1248 1539 sermo
1297 1481 1362 1538 in
1408 1479 1538 1554 ejus
1591 1481 1810 1540 timum
1842 1481 1906 1539 in
1939 1499 2179 1539 sensum
2210 1481 2663 1556 interpretatur.
2695 1481 2788 1538 Tr.
2809 1484 2875 1538 in

240 1570 517 1647 elogium
564 1569 802 1627 habitus
847 1569 982 1630 fuit.
1045 1569 1206 1627 Ortis
1251 1571 1315 1627 in
1347 1567 1541 1644 patria
1595 1569 2018 1645 Hexaemeron,
2066 1571 2237 1645 cujus
2269 1573 2548 1644 superest
2577 1569 2875 1646 fragmen-

246 1659 457 1717 tnrbis
504 1658 761 1716 Parisios
807 1658 1053 1717 secessit
1084 1657 1539 1734 cathedramque
1593 1662 1890 1734 tum,pars
1904 1659 2051 1718 forte
2067 1658 2476 1717 commentarii
2497 1658 2561 1716 in
2578 1658 2873 1729 Genesim,

245 1748 434 1817 rexit,
485 1766 700 1824 magna
749 1747 1034 1816 omnium,
1085 1748 1266 1805 etiam
1317 1765 1361 1810 s.
1396 1748 1538 1805 Ber·
1593 1748 1696 1824 qui
1727 1747 1974 1824 periisse
2005 1748 2272 1817 videtum
2315 1750 2521 1806 contra
2551 1748 2875 1807 haereticos

239 1837 426 1895 nardi
457 1837 902 1912 approbatione.
935 1836 1026 1894 Ab
1057 1836 1419 1906 InnocentiO,
1442 1835 1539 1894 cui
1595 1837 1690 1895 sui
1734 1837 2018 1912 temporis
2065 1837 2190 1895 sive
2234 1838 2303 1895 de
2348 1832 2604 1895 Ecclesia
2653 1844 2703 1895 et
2753 1839 2877 1911 ejus

243 1926 364 1985 viri
429 1926 645 1984 merita
690 1929 997 2001 perspecta
1056 1929 1242 1996 erant,
1292 1925 1537 1983 Romam
1594 1927 1882 1985 ministris
1913 1926 1975 1989 ll.
2012 1934 2047 1988 3
2084 1921 2246 2007 (cum
2292 1944 2429 2002 opp.
2460 1925 2617 1984 Guil.
2650 1926 2721 1985 de
2755 1926 2876 1985 No·

244 2018 518 2083 vocatus,
551 2032 620 2072 ex
650 2015 864 2091 Anglis
914 2013 1067 2073 forte
1116 2014 1381 2073 omnium
1413 2013 1537 2089 pri-
1593 2015 1857 2093 vigento,
1875 2014 2118 2073 Parisiis
2143 2010 2368 2095 1651);
2404 2011 2878 2073 Tr.dememoria

243 2123 408 2174 ωας,
440 2103 763 2162 cardinalis
797 2102 988 2161 factus
1018 2106 1113 2161 est
1129 2108 1243 2162 eta
1262 2104 1442 2161 Lucio
1465 2103 1538 2161 11.
1595 2104 1992 2179 complectens
2028 2114 2062 2167 3
2085 2103 2150 2164 ll.
2173 2102 2238 2162 in
2269 2103 2503 2161 laudem
2536 2103 2873 2173 memoriae;

243 2194 484 2252 electus
520 2188 747 2273 (1145)
794 2192 856 2251 in
903 2192 1313 2251 cancellarium
1367 2211 1410 2250 a.
1442 2209 1536 2250 ro·

244 2300 468 2341 manae
502 2281 798 2340 Ecclesiae
831 2275 893 2363 (†
934 2281 1173 2344 13.Jul.
1216 2292 1412 2352 11463
1447 2298 1536 2339 se-

245 2371 522 2430 cundum
552 2371 698 2429 alios
732 2389 778 2428 c.
811 2390 859 2429 a.
901 2367 1113 2450 1150).
1147 2370 1252 2429 Vir
1270 2374 1398 2428 erat
1416 2369 1542 2428 vita

245 2467 311 2520 et
375 2460 627 2519 scientia
686 2459 1155 2535 commendatus,
1220 2458 1537 2518 admodum

246 2550 490 2618 doctus,
514 2548 764 2625 insignis
784 2566 1080 2606 sacrarum
1102 2548 1541 2623 Scripturarum

243 2640 567 2714 interpres„
602 2639 706 2714 qui
723 2644 862 2696 ante
882 2637 1125 2697 Petrum
1145 2636 1542 2697 Lombardum

247 2728 501 2805 collegit
516 2730 926 2786 sememiarum
937 2728 993 2785 ll.
1008 2731 1047 2787 8
1060 2723 1352 2807 (distinct.
1369 2735 1403 2789 2
1413 2735 1447 2789 3
1458 2723 1537 2805 8),

248 2836 410 2894 quos
475 2816 666 2874 edidit
727 2816 901 2893 Hugo
964 2816 1248 2875 Mathoud
1295 2816 1541 2874 Parisiis

258 2917 430 2971 1655
468 2906 534 2964 in
565 2905 633 2972 f.;
680 2904 882 2981 Migne
927 2905 1272 2975 CLXXXVI,
1324 2915 1541 2969 639-

260 3010 281 3059 1
300 3009 340 3059 ο
356 3008 383 3059 1
398 3008 455 3067 o,
489 2994 744 3053 eruditis
762 2994 1250 3053 annotationibus
1269 2994 1541 3053 illustra·

249 3092 349 3144 tos
366 3082 433 3165 ¹).
484 3085 836 3142 Innumeras
881 3083 1007 3161 agit
1051 3084 1425 3159 quaestiones
1469 3083 1542 3141 de

248 3173 555 3250 theologia
583 3172 910 3230 theoretica
957 3174 1018 3231 et
1048 3173 1305 3247 practica
1336 3171 1541 3232 ordine

248 3282 378 3322 non
410 3263 561 3321 satis
594 3261 912 3320 concinno:
963 3261 1294 3321 rationibus
1342 3262 1542 3337 potius

246 3361 307 3410 et
328 3353 680 3427 Scripturas
698 3350 877 3409 dictis
892 3350 1090 3409 utitur
1103 3370 1283 3426 quam
1301 3355 1542 3426 patrum

244 3440 644 3500 testimoniis.
706 3440 846 3499 Alia
895 3441 1024 3515 eJus
1056 3441 1279 3516 scripta
1309 3458 1541 3498 manse·

247 3535 403 3590 runt
434 3530 680 3588 inedita.

350 3718 451 3770 54.
486 3706 700 3783 Hugo
733 3707 1145 3765 Ambianensis
1166 3706 1542 3783 cognomina-

247 3813 373 3867 tus,
403 3797 734 3855 monachus
762 3796 1153 3854 cluniacensis
1165 3789 1219 3878 ²)
1247 3798 1309 3853 et
1339 3813 1407 3853 ex
1440 3796 1541 3854 ab·

247 3888 390 3946 bate
422 3886 775 3962 radingensi
820 3885 1296 3960 archiepiscopus
1342 3885 1542 3943 rotho-

1593 2210 1772 2267 super
1800 2194 1911 2268 fide
1942 2192 2219 2251 catholica
2238 2195 2300 2250 et
2320 2192 2586 2251 oratione
2619 2192 2873 2251 domini·

1595 2300 1661 2340 ca
1674 2277 1754 2365 ι);
1801 2282 1935 2340 Vita
1977 2301 2023 2345 s.
2056 2281 2365 2356 Adjutoris
2406 2281 2677 2340 monachi
2726 2281 2875 2339 tiro-

1595 2371 1799 2430 nensis
1833 2371 1990 2432 OSB.
2025 2365 2100 2453 (c.
2142 2365 2357 2452 1131),
2392 2388 2571 2445 quem
2603 2370 2780 2429 habes
2810 2370 2876 2428 in

1595 2462 1860 2519 Martene
1891 2460 2037 2519 thes.
2070 2458 2269 2518 anecd.
2301 2458 2369 2529 V,
2410 2468 2874 2530 1011—10183

1597 2550 1886 2625 opuscula
1946 2547 2142 2607 omnia
2202 2549 2265 2606 in
2341 2548 2435 2606 Mi
2453 2568 2596 2626 gne
2659 2548 2873 2619 Oxou,

1606 2647 2059 2703 1131—1352.
2090 2670 2176 2681 —
2210 2636 2552 2697 Pothoni
2602 2637 2878 2697 Prumiae

1597 2729 1660 2787 in
1709 2728 1964 2788 dioecesi
2015 2727 2334 2786 trevirensi
2397 2727 2662 2787 coenobii
2716 2727 2875 2785 OSB.

1596 2817 1882 2877 monacho
1914 2815 1976 2898 (†
2009 2812 2202 2898 1153)
2233 2816 2591 2875 tribuuntur
2622 2812 2693 2874 cle
2723 2823 2877 2874 statu

1596 2908 1801 2965 domus
1831 2907 1944 2965 Dei
1975 2908 2031 2964 ll.
2066 2904 2129 2980 5,
2178 2906 2242 2963 in
2275 2905 2496 2981 quibus
2529 2904 2773 2964 disserit
2803 2904 2879 2964 de

1597 2996 1842 3054 ecclesia
1871 2995 2170 3054 militante
2188 2997 2249 3053 et
2269 2995 2702 3070 triumphante,
2724 2997 2784 3051 et
2804 2993 2879 3052 de

1596 3104 1811 3161 magna
1841 3084 2014 3143 domo
2048 3083 2402 3159 Sapientiae,
2454 3102 2679 3142 necnon
2712 3084 2775 3141 et
2805 3083 2879 3140 de

1596 3180 1822 3250 septem
1853 3173 2025 3232 donis
2056 3191 2100 3230 S.
2135 3172 2407 3248 Spiritus,
2452 3173 2524 3230 de
2556 3173 2612 3231 J.
2645 3173 2880 3230 Christo

1596 3263 2028 3339 perfectissimo
2047 3262 2271 3337 templo
2302 3280 2348 3318 a.
2378 3261 2655 3337 Spiritus,
2683 3261 2876 3337 Hage-

1596 3371 1742 3412 noae
1780 3360 1945 3415 1532
1981 3351 2046 3409 in
2080 3361 2155 3420 8.,
2203 3354 2264 3408 et
2291 3350 2354 3408 in
2381 3350 2742 3409 bibliotheca
2782 3369 2879 3425 pp.

1596 3440 1914 3516 parisiensi
1960 3444 2004 3499 t.
2036 3440 2147 3508 IX3
2195 3439 2521 3498 coloniensi
2551 3438 2691 3509 x113
2743 3440 2880 3516 lug-

1598 3531 1851 3589 dunensi
1903 3529 2067 3587 XXI:
2115 3527 2220 3586 sed
2266 3528 2592 3587 secundum
2642 3528 2789 3586 alios
2836 3528 2880 3585 ii

1598 3619 1736 3678 libri
1771 3622 1916 3677 sunt
1945 3618 2039 3676 Po
2057 3617 2321 3676 thonis
2355 3617 2513 3676 OSB.
2544 3616 2878 3693 presbyteri

1598 3713 1659 3767 et
1734 3707 2004 3766 monachi
2080 3706 2625 3784 prunveningensis
2692 3723 2879 3781 prope

1597 3797 1999 3866 Ratisbonam,
2047 3796 2217 3871 cujus
2264 3795 2441 3854 etiam
2488 3798 2581 3854 est
2627 3795 2665 3852 l.
2712 3788 2882 3875 (sane

1598 3905 1717 3945 non
1732 3881 2258 3966 commendandus)
2288 3886 2359 3942 de
2389 3885 2690 3943 miraculis
2703 3903 2749 3943 s.
2769 3884 2883 3942 Dei

251 3975 555 4053 magensis
608 3971 673 4056 (†
722 3985 820 4035 ll.
853 3974 998 4034 Nov.
1041 3971 1251 4055 1164),
1299 3973 1546 4048 reliquit
1593 3976 1942 4053 yenitricisa
1971 3974 2176 4032 Pezio
2208 3973 2403 4032 editus
2424 3973 2683 4033 Viennae
2715 3983 2868 4036 1731

250 4071 489 4142 praeter
520 4065 797 4137 epistolas
829 4063 1197 4141 dialogorum
1230 4081 1336 4122 seu
1369 4082 1542 4140 quae·

334 4315 368 4364 ¹}
396 4308 481 4361 Cf.
524 4305 848 4359 Hitzfelder
886 4304 999 4360 KL.
1040 4304 1132 4366 X2,
1175 4308 1309 4363 633z
1350 4303 1544 4358 Steitz-

256 4375 620 4448 Wagemann
648 4375 911 4430 Realenc.
941 4376 1087 4440 xlv,
1114 4379 1415 4433 388—393.

329 4454 369 4520 ἰὴ
397 4450 570 4503 Alius
596 4448 670 4501 ab
696 4463 763 4501 eo
790 4451 878 4501 est
903 4446 953 4500 H
972 4466 1007 4500 u
1024 4466 1062 4517 g
1079 4465 1110 4500 o
1154 4446 1302 4503 OSB.
1332 4446 1545 4501 clunia·

254 4523 453 4580 censis.
496 4520 603 4589 qui
644 4519 876 4588 scripsit
925 4526 1090 4573 vitam
1128 4538 1170 4573 s.
1212 4522 1456 4588 Huyom's
1500 4521 1541 4572 I.

254 4593 477 4646 abbatis
523 4590 911 4645 cluniacensis
961 4591 1032 4643 ab
1083 4607 1134 4646 a.
1174 4594 1545 4651 imis—1109,

257 4681 401 4731 quae
429 4666 621 4718 exstat
645 4662 710 4715 in
736 4662 876 4717 bibl.
903 4661 1143 4718 cluniac.

257 4753 384 4789 cum

1680 4170 1716 4222 ¹)
1745 4162 1931 4230 Hujus
1959 4161 2107 4215 sicut
2132 4165 2189 4214 et
2215 4162 2456 4228 symboli
2483 4163 2670 4214 exstat
2694 4160 2884 4213 brevis

1599 4238 1855 4301 expositio
1882 4232 1928 4286 G
1946 4249 1977 4285 o
1995 4233 2100 4286 sle
2118 4234 2191 4286 ni
2232 4250 2329 4286 seu
2355 4234 2384 4286 J
2393 4233 2572 4285 osleni
2611 4231 2640 4284 J
2649 4230 2884 4285 oscelini

1600 4306 1669 4358 de
1697 4304 1887 4358 Vierzi
1910 4304 2168 4374 magistri
2197 4304 2523 4373 parisiensis
2549 4307 2685 4357 etex
2706 4302 2881 4355 archi-

1601 4377 1840 4430 diacono
1880 4375 2213 4428 bituricensi
2263 4376 2513 4444 episcopi
2558 4376 2880 4445 (1127—52)

1601 4446 2023 4509 suessionensis,
2042 4465 2214 4514 quam
2231 4446 2673 4501 ediditMartene
2685 4445 2885 4498 Monu—

1602 4523 1923 4572 mentorum
1951 4521 1990 4572 t.
2017 4518 2322 4574 IX.etinde
2336 4518 2414 4571 Mi
2457 4533 2527 4570 ne
2540 4515 2882 4578 CLXXXVI,

1602 4595 1972 4648 1479-1496.
2001 4590 2066 4643 In
2084 4590 2381 4671 epitaphio
2409 4537 2619 4643 fficitur
2649 4588 2886 4656 „magis-

1180 4679 1233 4731 p.
1258 4665 1545 4718 437—448
1602 4665 1686 4714 ter
1712 4660 2110 4715 celeberrimus
2138 4660 2480 4730 parisiensiS‚
2521 4662 2684 4730 pater
2716 4658 2884 4728 justi-

420 4752 509 4806 ep.
538 4739 614 4789 ad
638 4737 892 4788 Pontium
924 4733 997 4786 ib.
1026 4738 1307 4792 557—602
1356 4732 1544 4801 Migne
1602 4733 1714 4786 tiae
1743 4737 1801 4786 et
1825 4731 2139 4786 multorum
2167 4733 2584 4794 coenobiorum,
2604 4731 2782 4783 hostis
2805 4731 2884 4781 vi·

259 4806 438 4868 CLIX.
477 4809 753 4864 917-23,
806 4803 888 4860 Cf.
929 4804 998 4858 de
1038 4808 1230 4858 nostro
1272 4805 1414 4858 Hist.
1459 4804 1542 4858 lit.
1602 4805 1813 4858 tiorum
1856 4807 1913 4857 et
1951 4805 2228 4857 castitatis
2274 4804 2460 4857 cultor
2488 4802 2881 4873 praecipuus.“

260 4878 377 4942 xn.
404 4882 662 4936 617-667.

470 4977 671 5030 Hurter,
711 4974 1057 5022 Nomeuclator
1085 4975 1125 5020 11
1155 4975 1229 5021 ed.
1259 4975 1308 5020 3.

1604 4875 1685 4932 Cf.
1715 4875 1860 4931 Hist.
1888 4876 1973 4929 ht.
2005 4876 2127 4941 XII,
2152 4880 2456 4932 412-417.

2528 4967 2563 5017 4
