<?xml version="1.0" encoding="UTF-8"?>
<!DOCTYPE html PUBLIC "-//W3C//DTD XHTML 1.0 Transitional//EN"
    "http://www.w3.org/TR/xhtml1/DTD/xhtml1-transitional.dtd">
<html xmlns="http://www.w3.org/1999/xhtml" xml:lang="en" lang="en">
 <head>
  <title>
</title>
<meta http-equiv="Content-Type" content="text/html;charset=utf-8" />
  <meta name='ocr-system' content='tesseract 3.04.00' />
  <meta name='ocr-capabilities' content='ocr_page ocr_carea ocr_par ocr_line ocrx_word'/>
</head>
<body>
  <div class='ocr_page' id='page_1' title='image "./nomenclatorlite10hurtgoog_0517.png"; bbox 0 0 3475 5364; ppageno 0'>
   <div class='ocr_carea' id='block_1_1' title="bbox 1453 327 3022 399">
    <p class='ocr_par' dir='ltr' id='par_1_1' title="bbox 1453 327 3022 399">
     <span class='ocr_line' id='line_1_1' title="bbox 1453 327 3022 399; baseline 0.007 -18"><span class='ocrx_word' id='word_1_1' title='bbox 1453 327 1791 382; x_wconf 84' lang='lat' dir='ltr'>Laurentius</span> <span class='ocrx_word' id='word_1_2' title='bbox 1822 328 2002 382; x_wconf 77' lang='lat' dir='ltr'>Valla.</span> <span class='ocrx_word' id='word_1_3' title='bbox 2899 346 3022 399; x_wconf 81' lang='grc'>926</span> 
     </span>
    </p>
   </div>
   <div class='ocr_carea' id='block_1_2' title="bbox 415 348 3028 1131">
    <p class='ocr_par' dir='ltr' id='par_1_2' title="bbox 419 348 542 400">
     <span class='ocr_line' id='line_1_2' title="bbox 419 348 542 400; baseline 0.008 -1"><span class='ocrx_word' id='word_1_4' title='bbox 419 348 542 400; x_wconf 80' lang='grc'>925</span> 
     </span>
    </p>

    <p class='ocr_par' dir='ltr' id='par_1_3' title="bbox 415 514 3028 1131">
     <span class='ocr_line' id='line_1_3' title="bbox 510 514 3025 593; baseline -0.002 -14"><span class='ocrx_word' id='word_1_5' title='bbox 510 525 653 578; x_wconf 86' lang='grc'><strong>449.</strong></span> <span class='ocrx_word' id='word_1_6' title='bbox 689 516 854 574; x_wconf 88' lang='lat' dir='ltr'>Unus</span> <span class='ocrx_word' id='word_1_7' title='bbox 886 519 995 583; x_wconf 82' lang='lat' dir='ltr'>est,</span> <span class='ocrx_word' id='word_1_8' title='bbox 1042 515 1213 590; x_wconf 88' lang='lat' dir='ltr'>cujus</span> <span class='ocrx_word' id='word_1_9' title='bbox 1255 534 1471 575; x_wconf 92' lang='lat' dir='ltr'>nomen</span> <span class='ocrx_word' id='word_1_10' title='bbox 1501 516 1690 591; x_wconf 86' lang='lat' dir='ltr'>pluri·</span> <span class='ocrx_word' id='word_1_11' title='bbox 1748 516 1962 593; x_wconf 85' lang='lat' dir='ltr'>genius</span> <span class='ocrx_word' id='word_1_12' title='bbox 2012 514 2130 585; x_wconf 91' lang='lat' dir='ltr'><strong>IV.‚</strong></span> <span class='ocrx_word' id='word_1_13' title='bbox 2182 515 2433 590; x_wconf 88' lang='lat' dir='ltr'>ejusque</span> <span class='ocrx_word' id='word_1_14' title='bbox 2496 532 2800 573; x_wconf 78' lang='lat' dir='ltr'><strong>successor</strong></span> <span class='ocrx_word' id='word_1_15' title='bbox 2849 515 3025 574; x_wconf 85' lang='lat' dir='ltr'>Nico·-</span> 
     </span>
     <span class='ocr_line' id='line_1_4' title="bbox 417 603 3026 680; baseline 0 -17"><span class='ocrx_word' id='word_1_16' title='bbox 417 624 585 664; x_wconf 90' lang='lat' dir='ltr'>mum</span> <span class='ocrx_word' id='word_1_17' title='bbox 602 604 886 671; x_wconf 85' lang='lat' dir='ltr'>insonuit,</span> <span class='ocrx_word' id='word_1_18' title='bbox 917 622 1037 662; x_wconf 91' lang='lat' dir='ltr'>non</span> <span class='ocrx_word' id='word_1_19' title='bbox 1056 606 1180 662; x_wconf 87' lang='lat' dir='ltr'>tam</span> <span class='ocrx_word' id='word_1_20' title='bbox 1200 608 1444 680; x_wconf 88' lang='lat' dir='ltr'>propter</span> <span class='ocrx_word' id='word_1_21' title='bbox 1462 605 1691 664; x_wconf 89' lang='lat' dir='ltr'>labores</span> <span class='ocrx_word' id='word_1_22' title='bbox 1749 606 1878 665; x_wconf 89' lang='lat' dir='ltr'>laus</span> <span class='ocrx_word' id='word_1_23' title='bbox 1909 604 1974 663; x_wconf 89' lang='lat' dir='ltr'>V.</span> <span class='ocrx_word' id='word_1_24' title='bbox 2006 605 2319 663; x_wconf 88' lang='lat' dir='ltr'>literarum</span> <span class='ocrx_word' id='word_1_25' title='bbox 2358 603 2773 663; x_wconf 82' lang='lat' dir='ltr'><strong>humaniorum</strong></span> <span class='ocrx_word' id='word_1_26' title='bbox 2805 603 3026 663; x_wconf 80' lang='lat' dir='ltr'>Maece-</span> 
     </span>
     <span class='ocr_line' id='line_1_5' title="bbox 417 686 3028 771; baseline -0.001 -18"><span class='ocrx_word' id='word_1_27' title='bbox 417 694 769 771; x_wconf 78' lang='lat' dir='ltr'>exegeticos‚</span> <span class='ocrx_word' id='word_1_28' title='bbox 804 693 908 752; x_wconf 89' lang='lat' dir='ltr'>sed</span> <span class='ocrx_word' id='word_1_29' title='bbox 926 701 1169 769; x_wconf 85' lang='lat' dir='ltr'>propter</span> <span class='ocrx_word' id='word_1_30' title='bbox 1189 694 1392 752; x_wconf 78' lang='lat' dir='ltr'>literas</span> <span class='ocrx_word' id='word_1_31' title='bbox 1417 693 1691 752; x_wconf 89' lang='lat' dir='ltr'>humani·</span> <span class='ocrx_word' id='word_1_32' title='bbox 1748 713 1854 754; x_wconf 90' lang='lat' dir='ltr'>nas</span> <span class='ocrx_word' id='word_1_33' title='bbox 1882 694 2000 769; x_wconf 89' lang='lat' dir='ltr'>ipsi</span> <span class='ocrx_word' id='word_1_34' title='bbox 2033 686 2356 753; x_wconf 79' lang='lat' dir='ltr'>benevolus</span> <span class='ocrx_word' id='word_1_35' title='bbox 2399 694 2641 752; x_wconf 81' lang='lat' dir='ltr'>Romam</span> <span class='ocrx_word' id='word_1_36' title='bbox 2683 696 2754 751; x_wconf 89' lang='lat' dir='ltr'>ut</span> <span class='ocrx_word' id='word_1_37' title='bbox 2798 693 3028 753; x_wconf 84' lang='lat' dir='ltr'>veniret</span> 
     </span>
     <span class='ocr_line' id='line_1_6' title="bbox 417 779 3025 863; baseline -0 -21"><span class='ocrx_word' id='word_1_38' title='bbox 417 802 567 853; x_wconf 88' lang='lat' dir='ltr'>ores,</span> <span class='ocrx_word' id='word_1_39' title='bbox 600 784 662 841; x_wconf 91' lang='lat' dir='ltr'>in</span> <span class='ocrx_word' id='word_1_40' title='bbox 695 783 915 859; x_wconf 90' lang='lat' dir='ltr'>quibus</span> <span class='ocrx_word' id='word_1_41' title='bbox 948 782 1230 841; x_wconf 74' lang='lat' dir='ltr'>excelluit</span> <span class='ocrx_word' id='word_1_42' title='bbox 1263 786 1325 841; x_wconf 91' lang='lat' dir='ltr'>et</span> <span class='ocrx_word' id='word_1_43' title='bbox 1343 783 1419 842; x_wconf 89' lang='lat' dir='ltr'>ad</span> <span class='ocrx_word' id='word_1_44' title='bbox 1439 803 1692 859; x_wconf 86' lang='lat' dir='ltr'>quarum</span> <span class='ocrx_word' id='word_1_45' title='bbox 1748 784 2029 843; x_wconf 83' lang='lat' dir='ltr'>invitavit</span> <span class='ocrx_word' id='word_1_46' title='bbox 2061 779 2210 863; x_wconf 82' lang='grc'><strong>(144</strong></span> <span class='ocrx_word' id='word_1_47' title='bbox 2224 779 2306 863; x_wconf 88' lang='grc'>8).</span> <span class='ocrx_word' id='word_1_48' title='bbox 2344 782 2451 840; x_wconf 85' lang='lat' dir='ltr'>Hic</span> <span class='ocrx_word' id='word_1_49' title='bbox 2466 782 2724 841; x_wconf 89' lang='lat' dir='ltr'>scholam</span> <span class='ocrx_word' id='word_1_50' title='bbox 2745 782 3025 859; x_wconf 82' lang='lat' dir='ltr'>eloquen-</span> 
     </span>
     <span class='ocr_line' id='line_1_7' title="bbox 415 871 3028 948; baseline 0 -18"><span class='ocrx_word' id='word_1_51' title='bbox 415 874 619 931; x_wconf 88' lang='lat' dir='ltr'>florem</span> <span class='ocrx_word' id='word_1_52' title='bbox 638 873 796 930; x_wconf 87' lang='lat' dir='ltr'>haud</span> <span class='ocrx_word' id='word_1_53' title='bbox 820 891 1030 948; x_wconf 88' lang='lat' dir='ltr'>parum</span> <span class='ocrx_word' id='word_1_54' title='bbox 1057 871 1332 940; x_wconf 89' lang='lat' dir='ltr'>contulit,</span> <span class='ocrx_word' id='word_1_55' title='bbox 1365 872 1690 931; x_wconf 88' lang='lat' dir='ltr'>Lauren·</span> <span class='ocrx_word' id='word_1_56' title='bbox 1748 874 1867 932; x_wconf 88' lang='lat' dir='ltr'>tiae</span> <span class='ocrx_word' id='word_1_57' title='bbox 1898 872 2180 941; x_wconf 85' lang='lat' dir='ltr'>instituit,</span> <span class='ocrx_word' id='word_1_58' title='bbox 2229 871 2536 947; x_wconf 89' lang='lat' dir='ltr'>factusque</span> <span class='ocrx_word' id='word_1_59' title='bbox 2580 876 2670 931; x_wconf 90' lang='lat' dir='ltr'>est</span> <span class='ocrx_word' id='word_1_60' title='bbox 2713 872 3028 931; x_wconf 86' lang='lat' dir='ltr'>canonicus</span> 
     </span>
     <span class='ocr_line' id='line_1_8' title="bbox 417 955 3028 1042; baseline -0 -23"><span class='ocrx_word' id='word_1_61' title='bbox 417 962 582 1019; x_wconf 88' lang='lat' dir='ltr'>tius</span> <span class='ocrx_word' id='word_1_62' title='bbox 615 960 848 1019; x_wconf 88' lang='lat' dir='ltr'>Valla.</span> <span class='ocrx_word' id='word_1_63' title='bbox 884 961 1066 1019; x_wconf 89' lang='lat' dir='ltr'>Ortus</span> <span class='ocrx_word' id='word_1_64' title='bbox 1099 964 1190 1018; x_wconf 89' lang='lat' dir='ltr'>est</span> <span class='ocrx_word' id='word_1_65' title='bbox 1221 961 1456 1031; x_wconf 86' lang='lat' dir='ltr'>Romae,</span> <span class='ocrx_word' id='word_1_66' title='bbox 1491 961 1692 1020; x_wconf 87' lang='lat' dir='ltr'>oriun-</span> <span class='ocrx_word' id='word_1_67' title='bbox 1749 962 2135 1022; x_wconf 89' lang='lat' dir='ltr'>lateranensis</span> <span class='ocrx_word' id='word_1_68' title='bbox 2211 955 2354 1042; x_wconf 90' lang='lat' dir='ltr'>(etsi</span> <span class='ocrx_word' id='word_1_69' title='bbox 2429 978 2548 1018; x_wconf 89' lang='lat' dir='ltr'>non</span> <span class='ocrx_word' id='word_1_70' title='bbox 2612 957 2905 1041; x_wconf 76' lang='lat' dir='ltr'><strong>sacerdos)</strong></span> <span class='ocrx_word' id='word_1_71' title='bbox 2967 967 3028 1019; x_wconf 89' lang='lat' dir='ltr'>et</span> 
     </span>
     <span class='ocr_line' id='line_1_9' title="bbox 418 1045 3026 1131; baseline 0 -22"><span class='ocrx_word' id='word_1_72' title='bbox 418 1051 529 1109; x_wconf 86' lang='lat' dir='ltr'>dus</span> <span class='ocrx_word' id='word_1_73' title='bbox 562 1055 764 1108; x_wconf 85' lang='lat' dir='ltr'>tamen</span> <span class='ocrx_word' id='word_1_74' title='bbox 803 1050 922 1108; x_wconf 79' lang='lat' dir='ltr'>fuit</span> <span class='ocrx_word' id='word_1_75' title='bbox 954 1069 988 1109; x_wconf 88' lang='lat' dir='ltr'>a</span> <span class='ocrx_word' id='word_1_76' title='bbox 1020 1049 1334 1108; x_wconf 72' lang='lat' dir='ltr'><strong>Placentia.</strong></span> <span class='ocrx_word' id='word_1_77' title='bbox 1395 1051 1693 1127; x_wconf 80' lang='lat' dir='ltr'>Magistris</span> <span class='ocrx_word' id='word_1_78' title='bbox 1749 1052 2002 1128; x_wconf 88' lang='lat' dir='ltr'>scriptor</span> <span class='ocrx_word' id='word_1_79' title='bbox 2045 1050 2408 1126; x_wconf 83' lang='lat' dir='ltr'>apostolicus</span> <span class='ocrx_word' id='word_1_80' title='bbox 2461 1045 2521 1131; x_wconf 85' lang='lat'>(†</span> <span class='ocrx_word' id='word_1_81' title='bbox 2559 1045 2770 1129; x_wconf 85' lang='lat'><strong>1457).</strong></span> <span class='ocrx_word' id='word_1_82' title='bbox 2818 1051 3026 1124; x_wconf 77' lang='lat' dir='ltr'>Opera</span> 
     </span>
    </p>
   </div>
   <div class='ocr_carea' id='block_1_3' title="bbox 417 1139 3023 1216">
    <p class='ocr_par' dir='ltr' id='par_1_4' title="bbox 417 1139 3023 1216">
     <span class='ocr_line' id='line_1_10' title="bbox 417 1139 3023 1216; baseline 0.002 -18"><span class='ocrx_word' id='word_1_83' title='bbox 417 1158 561 1198; x_wconf 83' lang='lat' dir='ltr'>usus</span> <span class='ocrx_word' id='word_1_84' title='bbox 581 1143 671 1197; x_wconf 88' lang='lat' dir='ltr'>est</span> <span class='ocrx_word' id='word_1_85' title='bbox 687 1139 998 1215; x_wconf 79' lang='lat' dir='ltr'>praecipue</span> <span class='ocrx_word' id='word_1_86' title='bbox 1026 1139 1285 1213; x_wconf 80' lang='lat' dir='ltr'>Aurispa</span> <span class='ocrx_word' id='word_1_87' title='bbox 1313 1141 1375 1197; x_wconf 89' lang='lat' dir='ltr'>et</span> <span class='ocrx_word' id='word_1_88' title='bbox 1388 1139 1691 1198; x_wconf 84' lang='lat' dir='ltr'>Leonardo</span> <span class='ocrx_word' id='word_1_89' title='bbox 1748 1142 1879 1216; x_wconf 84' lang='lat' dir='ltr'>ejus</span> <span class='ocrx_word' id='word_1_90' title='bbox 1910 1141 2154 1200; x_wconf 85' lang='lat' dir='ltr'>collecta</span> <span class='ocrx_word' id='word_1_91' title='bbox 2182 1139 2537 1215; x_wconf 88' lang='lat' dir='ltr'>prodierunt</span> <span class='ocrx_word' id='word_1_92' title='bbox 2565 1139 2809 1197; x_wconf 84' lang='lat' dir='ltr'>Lovanii</span> <span class='ocrx_word' id='word_1_93' title='bbox 2837 1150 3023 1208; x_wconf 84' lang='grc'><strong>1483;</strong></span> 
     </span>
    </p>
   </div>
   <div class='ocr_carea' id='block_1_4' title="bbox 413 1229 1692 3535">
    <p class='ocr_par' dir='ltr' id='par_1_5' title="bbox 413 1229 1692 3535">
     <span class='ocr_line' id='line_1_11' title="bbox 417 1229 1689 1305; baseline 0.001 -19"><span class='ocrx_word' id='word_1_94' title='bbox 417 1229 678 1298; x_wconf 82' lang='lat' dir='ltr'>Aretino‚</span> <span class='ocrx_word' id='word_1_95' title='bbox 709 1267 735 1296; x_wconf 84' lang='lat'>,</span> <span class='ocrx_word' id='word_1_96' title='bbox 750 1247 1005 1305; x_wconf 88' lang='lat' dir='ltr'>quorum</span> <span class='ocrx_word' id='word_1_97' title='bbox 1026 1229 1177 1286; x_wconf 88' lang='lat' dir='ltr'>alter</span> <span class='ocrx_word' id='word_1_98' title='bbox 1195 1246 1403 1304; x_wconf 84' lang='lat' dir='ltr'>graece</span> <span class='ocrx_word' id='word_1_99' title='bbox 1422 1229 1689 1305; x_wconf 86' lang='lat' dir='ltr'>legendo,</span> 
     </span>
     <span class='ocr_line' id='line_1_12' title="bbox 416 1316 1691 1393; baseline -0.001 -17"><span class='ocrx_word' id='word_1_100' title='bbox 416 1319 567 1376; x_wconf 86' lang='lat' dir='ltr'>alter</span> <span class='ocrx_word' id='word_1_101' title='bbox 596 1316 781 1377; x_wconf 77' lang='lat' dir='ltr'>latine</span> <span class='ocrx_word' id='word_1_102' title='bbox 812 1317 1119 1376; x_wconf 89' lang='lat' dir='ltr'>scribendo</span> <span class='ocrx_word' id='word_1_103' title='bbox 1150 1317 1458 1393; x_wconf 85' lang='lat' dir='ltr'>ingenium</span> <span class='ocrx_word' id='word_1_104' title='bbox 1477 1318 1691 1376; x_wconf 78' lang='lat' dir='ltr'>excita-</span> 
     </span>
     <span class='ocr_line' id='line_1_13' title="bbox 416 1402 1691 1487; baseline 0.002 -24"><span class='ocrx_word' id='word_1_105' title='bbox 416 1407 505 1465; x_wconf 81' lang='lat' dir='ltr'>vit</span> <span class='ocrx_word' id='word_1_106' title='bbox 535 1425 750 1475; x_wconf 87' lang='lat' dir='ltr'>meum,</span> <span class='ocrx_word' id='word_1_107' title='bbox 785 1407 887 1464; x_wconf 90' lang='lat' dir='ltr'>ille</span> <span class='ocrx_word' id='word_1_108' title='bbox 921 1406 1316 1482; x_wconf 86' lang='lat' dir='ltr'>praeceptoris</span> <span class='ocrx_word' id='word_1_109' title='bbox 1366 1402 1497 1487; x_wconf 88' lang='lat' dir='ltr'>(uni</span> <span class='ocrx_word' id='word_1_110' title='bbox 1531 1407 1691 1465; x_wconf 88' lang='lat' dir='ltr'>enim</span> 
     </span>
     <span class='ocr_line' id='line_1_14' title="bbox 417 1492 1690 1576; baseline 0.002 -24"><span class='ocrx_word' id='word_1_111' title='bbox 417 1496 560 1554; x_wconf 89' lang='lat' dir='ltr'>mihi</span> <span class='ocrx_word' id='word_1_112' title='bbox 593 1492 874 1576; x_wconf 86' lang='lat' dir='ltr'>legebat),</span> <span class='ocrx_word' id='word_1_113' title='bbox 922 1496 1018 1554; x_wconf 90' lang='lat' dir='ltr'>hic</span> <span class='ocrx_word' id='word_1_114' title='bbox 1062 1494 1476 1565; x_wconf 79' lang='lat' dir='ltr'>emendatoriS‚</span> <span class='ocrx_word' id='word_1_115' title='bbox 1527 1499 1690 1555; x_wconf 90' lang='lat' dir='ltr'>uter-</span> 
     </span>
     <span class='ocr_line' id='line_1_15' title="bbox 417 1584 1690 1660; baseline 0 -17"><span class='ocrx_word' id='word_1_116' title='bbox 417 1603 533 1659; x_wconf 87' lang='lat' dir='ltr'>que</span> <span class='ocrx_word' id='word_1_117' title='bbox 564 1585 824 1659; x_wconf 89' lang='lat' dir='ltr'>parentis</span> <span class='ocrx_word' id='word_1_118' title='bbox 843 1584 1001 1660; x_wconf 90' lang='lat' dir='ltr'>apud</span> <span class='ocrx_word' id='word_1_119' title='bbox 1022 1604 1116 1643; x_wconf 91' lang='lat' dir='ltr'>me</span> <span class='ocrx_word' id='word_1_120' title='bbox 1135 1585 1327 1643; x_wconf 86' lang='lat' dir='ltr'>locum</span> <span class='ocrx_word' id='word_1_121' title='bbox 1349 1584 1644 1655; x_wconf 89' lang='lat' dir='ltr'>obtinens,</span> <span class='ocrx_word' id='word_1_122' title='bbox 1663 1593 1690 1622; x_wconf 72' lang='lat'>⁴¹</span> 
     </span>
     <span class='ocr_line' id='line_1_16' title="bbox 417 1672 1689 1751; baseline 0.002 -19"><span class='ocrx_word' id='word_1_123' title='bbox 417 1674 623 1732; x_wconf 78' lang='lat' dir='ltr'>scribit</span> <span class='ocrx_word' id='word_1_124' title='bbox 667 1674 795 1749; x_wconf 89' lang='lat' dir='ltr'>ipse</span> <span class='ocrx_word' id='word_1_125' title='bbox 846 1672 1087 1751; x_wconf 76' lang='lat' dir='ltr'>Vallal).</span> <span class='ocrx_word' id='word_1_126' title='bbox 1150 1675 1352 1732; x_wconf 85' lang='lat' dir='ltr'>Annos</span> <span class='ocrx_word' id='word_1_127' title='bbox 1400 1677 1576 1733; x_wconf 89' lang='lat' dir='ltr'>natus</span> <span class='ocrx_word' id='word_1_128' title='bbox 1611 1684 1689 1737; x_wconf 77' lang='grc'>24</span> 
     </span>
     <span class='ocr_line' id='line_1_17' title="bbox 416 1762 1689 1837; baseline 0.001 -16"><span class='ocrx_word' id='word_1_129' title='bbox 416 1763 592 1837; x_wconf 89' lang='lat' dir='ltr'>petiit</span> <span class='ocrx_word' id='word_1_130' title='bbox 642 1782 677 1821; x_wconf 92' lang='lat' dir='ltr'>a</span> <span class='ocrx_word' id='word_1_131' title='bbox 724 1764 979 1822; x_wconf 87' lang='lat' dir='ltr'>Martino</span> <span class='ocrx_word' id='word_1_132' title='bbox 1011 1762 1076 1821; x_wconf 89' lang='lat' dir='ltr'>V.</span> <span class='ocrx_word' id='word_1_133' title='bbox 1111 1762 1409 1822; x_wconf 76' lang='lat' dir='ltr'>secretarii</span> <span class='ocrx_word' id='word_1_134' title='bbox 1448 1783 1689 1833; x_wconf 88' lang='lat' dir='ltr'>munus,</span> 
     </span>
     <span class='ocr_line' id='line_1_18' title="bbox 414 1851 1688 1927; baseline 0 -16"><span class='ocrx_word' id='word_1_135' title='bbox 414 1871 535 1927; x_wconf 91' lang='lat' dir='ltr'>quo</span> <span class='ocrx_word' id='word_1_136' title='bbox 566 1854 743 1911; x_wconf 86' lang='lat' dir='ltr'>antea</span> <span class='ocrx_word' id='word_1_137' title='bbox 773 1851 1014 1910; x_wconf 77' lang='lat' dir='ltr'>functus</span> <span class='ocrx_word' id='word_1_138' title='bbox 1045 1854 1172 1910; x_wconf 91' lang='lat' dir='ltr'>erat</span> <span class='ocrx_word' id='word_1_139' title='bbox 1186 1853 1315 1926; x_wconf 85' lang='lat' dir='ltr'>ejus</span> <span class='ocrx_word' id='word_1_140' title='bbox 1338 1854 1688 1923; x_wconf 81' lang='lat' dir='ltr'>avunculus,</span> 
     </span>
     <span class='ocr_line' id='line_1_19' title="bbox 413 1940 1690 2016; baseline 0.002 -17"><span class='ocrx_word' id='word_1_141' title='bbox 413 1941 576 2016; x_wconf 87' lang='lat' dir='ltr'>quod</span> <span class='ocrx_word' id='word_1_142' title='bbox 604 1945 806 1999; x_wconf 87' lang='lat' dir='ltr'>tamen</span> <span class='ocrx_word' id='word_1_143' title='bbox 835 1959 954 2001; x_wconf 92' lang='lat' dir='ltr'>non</span> <span class='ocrx_word' id='word_1_144' title='bbox 986 1940 1266 2001; x_wconf 76' lang='lat' dir='ltr'>obtinuit.</span> <span class='ocrx_word' id='word_1_145' title='bbox 1330 1942 1690 2001; x_wconf 78' lang='lat' dir='ltr'>Placentiam</span> 
     </span>
     <span class='ocr_line' id='line_1_20' title="bbox 417 2029 1690 2106; baseline 0.001 -18"><span class='ocrx_word' id='word_1_146' title='bbox 417 2048 476 2088; x_wconf 79' lang='lat' dir='ltr'>se</span> <span class='ocrx_word' id='word_1_147' title='bbox 526 2030 798 2099; x_wconf 88' lang='lat' dir='ltr'>contulit,</span> <span class='ocrx_word' id='word_1_148' title='bbox 849 2029 1063 2088; x_wconf 89' lang='lat' dir='ltr'>deinde</span> <span class='ocrx_word' id='word_1_149' title='bbox 1112 2030 1371 2106; x_wconf 83' lang='lat' dir='ltr'>Papiam,</span> <span class='ocrx_word' id='word_1_150' title='bbox 1419 2031 1525 2089; x_wconf 91' lang='lat' dir='ltr'>ubi</span> <span class='ocrx_word' id='word_1_151' title='bbox 1569 2032 1690 2089; x_wconf 91' lang='lat' dir='ltr'>elo-</span> 
     </span>
     <span class='ocr_line' id='line_1_21' title="bbox 414 2114 1688 2200; baseline 0 -23"><span class='ocrx_word' id='word_1_152' title='bbox 414 2119 693 2194; x_wconf 85' lang='lat' dir='ltr'>quentiae</span> <span class='ocrx_word' id='word_1_153' title='bbox 725 2118 1063 2178; x_wconf 83' lang='lat' dir='ltr'>cathedram</span> <span class='ocrx_word' id='word_1_154' title='bbox 1095 2118 1251 2177; x_wconf 83' lang='lat' dir='ltr'>rexit</span> <span class='ocrx_word' id='word_1_155' title='bbox 1284 2114 1526 2200; x_wconf 83' lang='lat'><strong>(1431).</strong></span> <span class='ocrx_word' id='word_1_156' title='bbox 1568 2120 1688 2178; x_wconf 85' lang='lat' dir='ltr'>Ad-</span> 
     </span>
     <span class='ocr_line' id='line_1_22' title="bbox 415 2203 1688 2290; baseline 0.002 -25"><span class='ocrx_word' id='word_1_157' title='bbox 415 2207 605 2267; x_wconf 84' lang='lat' dir='ltr'>haesit</span> <span class='ocrx_word' id='word_1_158' title='bbox 622 2208 760 2266; x_wconf 90' lang='lat' dir='ltr'>dein</span> <span class='ocrx_word' id='word_1_159' title='bbox 795 2203 1021 2290; x_wconf 87' lang='lat'>(1436)</span> <span class='ocrx_word' id='word_1_160' title='bbox 1055 2208 1360 2283; x_wconf 84' lang='lat' dir='ltr'>Alphonso</span> <span class='ocrx_word' id='word_1_161' title='bbox 1389 2209 1518 2285; x_wconf 87' lang='lat' dir='ltr'>regi</span> <span class='ocrx_word' id='word_1_162' title='bbox 1550 2228 1688 2268; x_wconf 89' lang='lat' dir='ltr'>nea-</span> 
     </span>
     <span class='ocr_line' id='line_1_23' title="bbox 418 2296 1688 2373; baseline 0.002 -19"><span class='ocrx_word' id='word_1_163' title='bbox 418 2297 680 2372; x_wconf 87' lang='lat' dir='ltr'>politano</span> <span class='ocrx_word' id='word_1_164' title='bbox 712 2312 907 2356; x_wconf 90' lang='lat' dir='ltr'>comes</span> <span class='ocrx_word' id='word_1_165' title='bbox 938 2299 1067 2373; x_wconf 86' lang='lat' dir='ltr'>ejus</span> <span class='ocrx_word' id='word_1_166' title='bbox 1106 2296 1547 2373; x_wconf 83' lang='lat' dir='ltr'>expeditionum</span> <span class='ocrx_word' id='word_1_167' title='bbox 1581 2299 1688 2356; x_wconf 91' lang='lat' dir='ltr'>mi-</span> 
     </span>
     <span class='ocr_line' id='line_1_24' title="bbox 414 2385 1689 2463; baseline 0.002 -20"><span class='ocrx_word' id='word_1_168' title='bbox 414 2385 675 2444; x_wconf 83' lang='lat' dir='ltr'>litarium</span> <span class='ocrx_word' id='word_1_169' title='bbox 738 2389 799 2444; x_wconf 90' lang='lat' dir='ltr'>et</span> <span class='ocrx_word' id='word_1_170' title='bbox 856 2387 1043 2456; x_wconf 75' lang='lat' dir='ltr'>testie,</span> <span class='ocrx_word' id='word_1_171' title='bbox 1106 2386 1226 2445; x_wconf 89' lang='lat' dir='ltr'>imo</span> <span class='ocrx_word' id='word_1_172' title='bbox 1286 2389 1349 2445; x_wconf 90' lang='lat' dir='ltr'>et</span> <span class='ocrx_word' id='word_1_173' title='bbox 1398 2388 1689 2463; x_wconf 87' lang='lat' dir='ltr'>particeps</span> 
     </span>
     <span class='ocr_line' id='line_1_25' title="bbox 413 2474 1692 2550; baseline 0.001 -17"><span class='ocrx_word' id='word_1_174' title='bbox 413 2474 789 2550; x_wconf 88' lang='lat' dir='ltr'>praeliorum.</span> <span class='ocrx_word' id='word_1_175' title='bbox 850 2477 994 2534; x_wconf 84' lang='lat' dir='ltr'>Inde</span> <span class='ocrx_word' id='word_1_176' title='bbox 1039 2476 1280 2534; x_wconf 87' lang='lat' dir='ltr'>Romam</span> <span class='ocrx_word' id='word_1_177' title='bbox 1323 2494 1386 2533; x_wconf 89' lang='lat' dir='ltr'>se</span> <span class='ocrx_word' id='word_1_178' title='bbox 1434 2475 1692 2534; x_wconf 83' lang='lat' dir='ltr'>contulit</span> 
     </span>
     <span class='ocr_line' id='line_1_26' title="bbox 415 2563 1688 2641; baseline 0.002 -20"><span class='ocrx_word' id='word_1_179' title='bbox 415 2584 463 2625; x_wconf 92' lang='lat' dir='ltr'>a.</span> <span class='ocrx_word' id='word_1_180' title='bbox 498 2573 677 2635; x_wconf 86' lang='grc'><strong>1443,</strong></span> <span class='ocrx_word' id='word_1_181' title='bbox 710 2564 811 2622; x_wconf 90' lang='lat' dir='ltr'>sed</span> <span class='ocrx_word' id='word_1_182' title='bbox 843 2563 1002 2640; x_wconf 89' lang='lat' dir='ltr'>apud</span> <span class='ocrx_word' id='word_1_183' title='bbox 1031 2564 1362 2641; x_wconf 85' lang='lat' dir='ltr'>Eugenium</span> <span class='ocrx_word' id='word_1_184' title='bbox 1385 2565 1482 2622; x_wconf 91' lang='lat' dir='ltr'>IV.</span> <span class='ocrx_word' id='word_1_185' title='bbox 1517 2583 1688 2625; x_wconf 89' lang='lat' dir='ltr'>accu-</span> 
     </span>
     <span class='ocr_line' id='line_1_27' title="bbox 415 2654 1688 2730; baseline 0.002 -18"><span class='ocrx_word' id='word_1_186' title='bbox 415 2657 580 2713; x_wconf 89' lang='lat' dir='ltr'>satus</span> <span class='ocrx_word' id='word_1_187' title='bbox 642 2656 888 2730; x_wconf 89' lang='lat' dir='ltr'>propter</span> <span class='ocrx_word' id='word_1_188' title='bbox 947 2672 1173 2714; x_wconf 87' lang='lat' dir='ltr'>errores</span> <span class='ocrx_word' id='word_1_189' title='bbox 1243 2654 1369 2713; x_wconf 91' lang='lat' dir='ltr'>suis</span> <span class='ocrx_word' id='word_1_190' title='bbox 1450 2655 1688 2730; x_wconf 83' lang='lat' dir='ltr'>scriptis</span> 
     </span>
     <span class='ocr_line' id='line_1_28' title="bbox 413 2743 1688 2820; baseline 0.002 -19"><span class='ocrx_word' id='word_1_191' title='bbox 413 2747 720 2802; x_wconf 83' lang='lat' dir='ltr'>contentos</span> <span class='ocrx_word' id='word_1_192' title='bbox 740 2743 1123 2802; x_wconf 87' lang='lat' dir='ltr'>Barcinonem</span> <span class='ocrx_word' id='word_1_193' title='bbox 1153 2743 1425 2820; x_wconf 77' lang='lat' dir='ltr'>confugit</span> <span class='ocrx_word' id='word_1_194' title='bbox 1441 2743 1688 2803; x_wconf 87' lang='lat' dir='ltr'>iterum-</span> 
     </span>
     <span class='ocr_line' id='line_1_29' title="bbox 416 2832 1689 2910; baseline 0.002 -21"><span class='ocrx_word' id='word_1_195' title='bbox 416 2851 531 2907; x_wconf 92' lang='lat' dir='ltr'>que</span> <span class='ocrx_word' id='word_1_196' title='bbox 564 2832 873 2907; x_wconf 88' lang='lat' dir='ltr'>Neapolim</span> <span class='ocrx_word' id='word_1_197' title='bbox 904 2832 1102 2892; x_wconf 82' lang='lat' dir='ltr'>rediit.</span> <span class='ocrx_word' id='word_1_198' title='bbox 1135 2832 1463 2892; x_wconf 88' lang='lat' dir='ltr'>Honorifice</span> <span class='ocrx_word' id='word_1_199' title='bbox 1496 2854 1529 2891; x_wconf 83' lang='lat' dir='ltr'>a</span> <span class='ocrx_word' id='word_1_200' title='bbox 1552 2853 1689 2910; x_wconf 85' lang='lat' dir='ltr'>rege</span> 
     </span>
     <span class='ocr_line' id='line_1_30' title="bbox 414 2921 1686 2997; baseline 0.003 -19"><span class='ocrx_word' id='word_1_201' title='bbox 414 2924 690 2996; x_wconf 86' lang='lat' dir='ltr'>exceptus</span> <span class='ocrx_word' id='word_1_202' title='bbox 724 2924 784 2978; x_wconf 91' lang='lat' dir='ltr'>et</span> <span class='ocrx_word' id='word_1_203' title='bbox 803 2921 1124 2997; x_wconf 84' lang='lat' dir='ltr'>diplomate</span> <span class='ocrx_word' id='word_1_204' title='bbox 1157 2924 1330 2996; x_wconf 83' lang='lat' dir='ltr'>poeta</span> <span class='ocrx_word' id='word_1_205' title='bbox 1359 2922 1686 2997; x_wconf 86' lang='lat' dir='ltr'>proclama-</span> 
     </span>
     <span class='ocr_line' id='line_1_31' title="bbox 413 3010 1687 3085; baseline 0.002 -18"><span class='ocrx_word' id='word_1_206' title='bbox 413 3013 513 3069; x_wconf 88' lang='lat' dir='ltr'>tus</span> <span class='ocrx_word' id='word_1_207' title='bbox 576 3010 912 3069; x_wconf 87' lang='lat' dir='ltr'>cathedram</span> <span class='ocrx_word' id='word_1_208' title='bbox 972 3010 1343 3085; x_wconf 87' lang='lat' dir='ltr'>eloquentiae</span> <span class='ocrx_word' id='word_1_209' title='bbox 1405 3012 1687 3083; x_wconf 82' lang='lat' dir='ltr'>obtinuit,</span> 
     </span>
     <span class='ocr_line' id='line_1_32' title="bbox 416 3099 1689 3175; baseline 0.002 -19"><span class='ocrx_word' id='word_1_210' title='bbox 416 3099 517 3157; x_wconf 87' lang='lat' dir='ltr'>sed</span> <span class='ocrx_word' id='word_1_211' title='bbox 548 3099 804 3157; x_wconf 89' lang='lat' dir='ltr'>mordaci</span> <span class='ocrx_word' id='word_1_212' title='bbox 828 3099 1242 3158; x_wconf 86' lang='lat' dir='ltr'>maledicentia</span> <span class='ocrx_word' id='word_1_213' title='bbox 1259 3104 1321 3157; x_wconf 90' lang='lat' dir='ltr'>et</span> <span class='ocrx_word' id='word_1_214' title='bbox 1341 3101 1689 3175; x_wconf 91' lang='lat' dir='ltr'>opinionum</span> 
     </span>
     <span class='ocr_line' id='line_1_33' title="bbox 413 3187 1685 3264; baseline 0.001 -18"><span class='ocrx_word' id='word_1_215' title='bbox 413 3187 657 3248; x_wconf 86' lang='lat' dir='ltr'>audacia</span> <span class='ocrx_word' id='word_1_216' title='bbox 687 3187 910 3248; x_wconf 85' lang='lat' dir='ltr'>multos</span> <span class='ocrx_word' id='word_1_217' title='bbox 943 3187 1060 3247; x_wconf 92' lang='lat' dir='ltr'>sibi</span> <span class='ocrx_word' id='word_1_218' title='bbox 1089 3188 1230 3246; x_wconf 86' lang='lat' dir='ltr'>fecit</span> <span class='ocrx_word' id='word_1_219' title='bbox 1261 3187 1550 3259; x_wconf 91' lang='lat' dir='ltr'>inimicos,</span> <span class='ocrx_word' id='word_1_220' title='bbox 1584 3191 1685 3264; x_wconf 87' lang='lat' dir='ltr'>qui</span> 
     </span>
     <span class='ocr_line' id='line_1_34' title="bbox 415 3273 1688 3359; baseline 0.001 -24"><span class='ocrx_word' id='word_1_221' title='bbox 415 3279 544 3352; x_wconf 88' lang='lat' dir='ltr'>ejus</span> <span class='ocrx_word' id='word_1_222' title='bbox 606 3277 794 3335; x_wconf 87' lang='lat' dir='ltr'>famae</span> <span class='ocrx_word' id='word_1_223' title='bbox 858 3274 1024 3359; x_wconf 89' lang='lat' dir='ltr'>(sane</span> <span class='ocrx_word' id='word_1_224' title='bbox 1073 3296 1195 3335; x_wconf 90' lang='lat' dir='ltr'>non</span> <span class='ocrx_word' id='word_1_225' title='bbox 1244 3273 1535 3357; x_wconf 89' lang='lat' dir='ltr'>illibatae)</span> <span class='ocrx_word' id='word_1_226' title='bbox 1569 3297 1688 3337; x_wconf 93' lang='lat' dir='ltr'>non</span> 
     </span>
     <span class='ocr_line' id='line_1_35' title="bbox 414 3367 1687 3442; baseline 0.002 -17"><span class='ocrx_word' id='word_1_227' title='bbox 414 3368 835 3441; x_wconf 86' lang='lat' dir='ltr'>pepercerunt:</span> <span class='ocrx_word' id='word_1_228' title='bbox 866 3367 1025 3424; x_wconf 80' lang='lat' dir='ltr'>inter</span> <span class='ocrx_word' id='word_1_229' title='bbox 1053 3382 1204 3442; x_wconf 90' lang='lat' dir='ltr'>quos</span> <span class='ocrx_word' id='word_1_230' title='bbox 1236 3367 1458 3425; x_wconf 88' lang='lat' dir='ltr'>eminet</span> <span class='ocrx_word' id='word_1_231' title='bbox 1488 3367 1687 3429; x_wconf 85' lang='lat' dir='ltr'>Franc.</span> 
     </span>
     <span class='ocr_line' id='line_1_36' title="bbox 416 3450 1688 3535; baseline 0.002 -24"><span class='ocrx_word' id='word_1_232' title='bbox 416 3450 734 3535; x_wconf 82' lang='lat' dir='ltr'>Poggi2).</span> <span class='ocrx_word' id='word_1_233' title='bbox 797 3454 1047 3513; x_wconf 88' lang='lat' dir='ltr'>Interim</span> <span class='ocrx_word' id='word_1_234' title='bbox 1093 3455 1408 3513; x_wconf 88' lang='lat' dir='ltr'>defunctus</span> <span class='ocrx_word' id='word_1_235' title='bbox 1448 3458 1540 3514; x_wconf 88' lang='lat' dir='ltr'>est</span> <span class='ocrx_word' id='word_1_236' title='bbox 1570 3456 1688 3514; x_wconf 87' lang='lat' dir='ltr'>Eu·</span> 
     </span>
    </p>
   </div>
   <div class='ocr_carea' id='block_1_5' title="bbox 413 3597 724 3604">
    <p class='ocr_par' dir='ltr' id='par_1_6' title="bbox 413 3597 724 3604">
     <span class='ocr_line' id='line_1_37' title="bbox 413 3597 724 3604; baseline 0 1760"><span class='ocrx_word' id='word_1_237' title='bbox 413 3597 724 3604; x_wconf 95' lang='lat' dir='ltr'> </span> 
     </span>
    </p>
   </div>
   <div class='ocr_carea' id='block_1_6' title="bbox 411 3676 1688 4403">
    <p class='ocr_par' dir='ltr' id='par_1_7' title="bbox 411 3676 1688 4403">
     <span class='ocr_line' id='line_1_38' title="bbox 495 3676 1687 3750; baseline -0.002 -18"><span class='ocrx_word' id='word_1_238' title='bbox 495 3685 526 3750; x_wconf 80' lang='lat'>¹)</span> <span class='ocrx_word' id='word_1_239' title='bbox 556 3683 700 3750; x_wconf 80' lang='lat' dir='ltr'>Opp.</span> <span class='ocrx_word' id='word_1_240' title='bbox 734 3698 787 3748; x_wconf 85' lang='lat' dir='ltr'>p.</span> <span class='ocrx_word' id='word_1_241' title='bbox 813 3683 884 3735; x_wconf 73' lang='lat'>43</span> <span class='ocrx_word' id='word_1_242' title='bbox 910 3678 998 3734; x_wconf 77' lang='lat' dir='ltr'>ecl.</span> <span class='ocrx_word' id='word_1_243' title='bbox 1022 3678 1184 3733; x_wconf 82' lang='lat' dir='ltr'>basil.</span> <span class='ocrx_word' id='word_1_244' title='bbox 1213 3685 1368 3736; x_wconf 72' lang='lat'><strong>1540.</strong></span> <span class='ocrx_word' id='word_1_245' title='bbox 1397 3676 1687 3747; x_wconf 84' lang='lat' dir='ltr'>Distingui</span> 
     </span>
     <span class='ocr_line' id='line_1_39' title="bbox 413 3749 1687 3820; baseline -0.002 -17"><span class='ocrx_word' id='word_1_246' title='bbox 413 3752 487 3804; x_wconf 76' lang='lat' dir='ltr'>ab</span> <span class='ocrx_word' id='word_1_247' title='bbox 512 3767 576 3804; x_wconf 88' lang='lat' dir='ltr'>eo</span> <span class='ocrx_word' id='word_1_248' title='bbox 604 3750 775 3804; x_wconf 89' lang='lat' dir='ltr'>debet</span> <span class='ocrx_word' id='word_1_249' title='bbox 800 3749 1078 3820; x_wconf 84' lang='lat' dir='ltr'>Georgius</span> <span class='ocrx_word' id='word_1_250' title='bbox 1105 3750 1274 3804; x_wconf 86' lang='lat' dir='ltr'>Valla</span> <span class='ocrx_word' id='word_1_251' title='bbox 1303 3749 1687 3812; x_wconf 82' lang='lat' dir='ltr'>Placentinus,</span> 
     </span>
     <span class='ocr_line' id='line_1_40' title="bbox 414 3820 1686 3877; baseline -0.001 -3"><span class='ocrx_word' id='word_1_252' title='bbox 414 3821 665 3877; x_wconf 85' lang='lat' dir='ltr'>medicus</span> <span class='ocrx_word' id='word_1_253' title='bbox 692 3823 750 3875; x_wconf 88' lang='lat' dir='ltr'>et</span> <span class='ocrx_word' id='word_1_254' title='bbox 776 3820 1178 3875; x_wconf 84' lang='lat' dir='ltr'>humaniorum</span> <span class='ocrx_word' id='word_1_255' title='bbox 1199 3821 1489 3876; x_wconf 82' lang='lat' dir='ltr'>literarum</span> <span class='ocrx_word' id='word_1_256' title='bbox 1510 3821 1686 3874; x_wconf 87' lang='lat' dir='ltr'>Vene-</span> 
     </span>
     <span class='ocr_line' id='line_1_41' title="bbox 411 3892 1682 3964; baseline -0.001 -18"><span class='ocrx_word' id='word_1_257' title='bbox 411 3892 505 3947; x_wconf 90' lang='lat' dir='ltr'>tiis</span> <span class='ocrx_word' id='word_1_258' title='bbox 533 3893 814 3964; x_wconf 86' lang='lat' dir='ltr'>professor</span> <span class='ocrx_word' id='word_1_259' title='bbox 839 3893 1041 3957; x_wconf 81' lang='lat' dir='ltr'>clarus,</span> <span class='ocrx_word' id='word_1_260' title='bbox 1070 3893 1168 3961; x_wconf 90' lang='lat' dir='ltr'>qui</span> <span class='ocrx_word' id='word_1_261' title='bbox 1186 3893 1382 3947; x_wconf 90' lang='lat' dir='ltr'>eodem</span> <span class='ocrx_word' id='word_1_262' title='bbox 1410 3893 1525 3946; x_wconf 88' lang='lat' dir='ltr'>fere</span> <span class='ocrx_word' id='word_1_263' title='bbox 1553 3894 1682 3945; x_wconf 85' lang='lat' dir='ltr'>tem·</span> 
     </span>
     <span class='ocr_line' id='line_1_42' title="bbox 455 3963 1687 4034; baseline -0.001 -17"><span class='ocrx_word' id='word_1_264' title='bbox 455 3980 548 4018; x_wconf 89' lang='lat' dir='ltr'>ore</span> <span class='ocrx_word' id='word_1_265' title='bbox 574 3964 771 4017; x_wconf 86' lang='lat' dir='ltr'>floruit</span> <span class='ocrx_word' id='word_1_266' title='bbox 809 3974 857 4026; x_wconf 61' lang='lat' dir='ltr'>st</span> <span class='ocrx_word' id='word_1_267' title='bbox 884 3968 1060 4034; x_wconf 77' lang='lat'><strong>1499).</strong></span> <span class='ocrx_word' id='word_1_268' title='bbox 1114 3963 1197 4020; x_wconf 86' lang='lat' dir='ltr'>Cf.</span> <span class='ocrx_word' id='word_1_269' title='bbox 1240 3963 1687 4019; x_wconf 82' lang='lat' dir='ltr'>Tiraboschi</span> 
     </span>
     <span class='ocr_line' id='line_1_43' title="bbox 414 4032 1686 4091; baseline 0.001 -4"><span class='ocrx_word' id='word_1_270' title='bbox 414 4065 432 4088; x_wconf 54' lang='grc' dir='ltr'>ι,</span> <span class='ocrx_word' id='word_1_271' title='bbox 453 4034 600 4089; x_wconf 86' lang='lat' dir='ltr'>toria</span> <span class='ocrx_word' id='word_1_272' title='bbox 625 4035 777 4089; x_wconf 80' lang='lat' dir='ltr'>della</span> <span class='ocrx_word' id='word_1_273' title='bbox 804 4036 1160 4089; x_wconf 65' lang='lat' dir='ltr'>Letteratura.</span> <span class='ocrx_word' id='word_1_274' title='bbox 1199 4035 1322 4088; x_wconf 85' lang='lat' dir='ltr'>ital.</span> <span class='ocrx_word' id='word_1_275' title='bbox 1363 4039 1422 4091; x_wconf 89' lang='lat' dir='ltr'>T.</span> <span class='ocrx_word' id='word_1_276' title='bbox 1456 4036 1527 4087; x_wconf 85' lang='lat' dir='ltr'>Vl</span> <span class='ocrx_word' id='word_1_277' title='bbox 1572 4032 1608 4089; x_wconf 91' lang='lat' dir='ltr'>l.</span> <span class='ocrx_word' id='word_1_278' title='bbox 1637 4040 1686 4090; x_wconf 85' lang='lat'>3.</span> 
     </span>
     <span class='ocr_line' id='line_1_44' title="bbox 412 4105 1687 4170; baseline -0.001 -10"><span class='ocrx_word' id='word_1_279' title='bbox 412 4125 453 4160; x_wconf 74' lang='lat' dir='ltr'>c.</span> <span class='ocrx_word' id='word_1_280' title='bbox 483 4112 531 4162; x_wconf 80' lang='grc' dir='ltr'>ὃ.</span> <span class='ocrx_word' id='word_1_281' title='bbox 563 4125 614 4159; x_wconf 89' lang='lat' dir='ltr'>n.</span> <span class='ocrx_word' id='word_1_282' title='bbox 643 4110 707 4162; x_wconf 88' lang='lat'>31</span> <span class='ocrx_word' id='word_1_283' title='bbox 739 4125 837 4166; x_wconf 81' lang='lat' dir='ltr'>ss.;</span> <span class='ocrx_word' id='word_1_284' title='bbox 891 4105 1132 4168; x_wconf 80' lang='lat' dir='ltr'>Barozzi,</span> <span class='ocrx_word' id='word_1_285' title='bbox 1159 4106 1219 4160; x_wconf 91' lang='lat' dir='ltr'>L.</span> <span class='ocrx_word' id='word_1_286' title='bbox 1248 4106 1428 4170; x_wconf 81' lang='lat' dir='ltr'>Valla,</span> <span class='ocrx_word' id='word_1_287' title='bbox 1459 4106 1687 4160; x_wconf 85' lang='lat' dir='ltr'>Firenze</span> 
     </span>
     <span class='ocr_line' id='line_1_45' title="bbox 414 4177 1686 4240; baseline -0.002 -5"><span class='ocrx_word' id='word_1_288' title='bbox 414 4182 545 4235; x_wconf 86' lang='grc'><strong>1891</strong></span> <span class='ocrx_word' id='word_1_289' title='bbox 571 4199 582 4236; x_wconf 72' lang='lat' dir='ltr'><strong><em>z</em></strong></span> <span class='ocrx_word' id='word_1_290' title='bbox 610 4178 857 4232; x_wconf 77' lang='lat' dir='ltr'>Mancini</span> <span class='ocrx_word' id='word_1_291' title='bbox 878 4178 1011 4230; x_wconf 78' lang='lat' dir='ltr'>Vita</span> <span class='ocrx_word' id='word_1_292' title='bbox 1027 4178 1080 4230; x_wconf 91' lang='lat' dir='ltr'>di</span> <span class='ocrx_word' id='word_1_293' title='bbox 1103 4179 1162 4231; x_wconf 91' lang='lat' dir='ltr'>L.</span> <span class='ocrx_word' id='word_1_294' title='bbox 1179 4177 1265 4240; x_wconf 72' lang='lat' dir='ltr'>V..</span> <span class='ocrx_word' id='word_1_295' title='bbox 1285 4179 1514 4232; x_wconf 81' lang='lat' dir='ltr'>Firenze</span> <span class='ocrx_word' id='word_1_296' title='bbox 1533 4182 1686 4235; x_wconf 77' lang='lat'><strong>1892.</strong></span> 
     </span>
     <span class='ocr_line' id='line_1_46' title="bbox 486 4248 1687 4319; baseline 0 -17"><span class='ocrx_word' id='word_1_297' title='bbox 486 4261 524 4315; x_wconf 68' lang='lat'>³)</span> <span class='ocrx_word' id='word_1_298' title='bbox 556 4250 716 4303; x_wconf 82' lang='lat' dir='ltr'>Alius</span> <span class='ocrx_word' id='word_1_299' title='bbox 743 4250 997 4319; x_wconf 84' lang='lat' dir='ltr'>ejusdem</span> <span class='ocrx_word' id='word_1_300' title='bbox 1038 4248 1298 4303; x_wconf 87' lang='lat' dir='ltr'>aemulus</span> <span class='ocrx_word' id='word_1_301' title='bbox 1339 4253 1396 4302; x_wconf 88' lang='lat' dir='ltr'>et</span> <span class='ocrx_word' id='word_1_302' title='bbox 1430 4250 1687 4303; x_wconf 80' lang='lat' dir='ltr'>adversa-</span> 
     </span>
     <span class='ocr_line' id='line_1_47' title="bbox 412 4320 1688 4403; baseline 0.001 -30"><span class='ocrx_word' id='word_1_303' title='bbox 412 4322 528 4375; x_wconf 81' lang='lat' dir='ltr'>rius</span> <span class='ocrx_word' id='word_1_304' title='bbox 552 4320 743 4403; x_wconf 71' lang='lat' dir='ltr'>gravis</span> <span class='ocrx_word' id='word_1_305' title='bbox 770 4322 882 4375; x_wconf 84' lang='lat' dir='ltr'>fuit</span> <span class='ocrx_word' id='word_1_306' title='bbox 916 4320 1382 4376; x_wconf 84' lang='lat' dir='ltr'>Bartholomaeus</span> <span class='ocrx_word' id='word_1_307' title='bbox 1420 4323 1461 4375; x_wconf 89' lang='lat' dir='ltr'><strong>F</strong></span> <span class='ocrx_word' id='word_1_308' title='bbox 1480 4337 1512 4374; x_wconf 83' lang='lat' dir='ltr'>a</span> <span class='ocrx_word' id='word_1_309' title='bbox 1528 4338 1555 4374; x_wconf 88' lang='lat' dir='ltr'>c</span> <span class='ocrx_word' id='word_1_310' title='bbox 1572 4321 1593 4374; x_wconf 92' lang='lat' dir='ltr'>i</span> <span class='ocrx_word' id='word_1_311' title='bbox 1608 4340 1645 4374; x_wconf 90' lang='lat' dir='ltr'>u</span> <span class='ocrx_word' id='word_1_312' title='bbox 1663 4340 1688 4374; x_wconf 92' lang='lat' dir='ltr'>s</span> 
     </span>
    </p>
   </div>
   <div class='ocr_carea' id='block_1_7' title="bbox 1744 1228 3025 3706">
    <p class='ocr_par' dir='ltr' id='par_1_8' title="bbox 1744 1228 3025 3706">
     <span class='ocr_line' id='line_1_48' title="bbox 1750 1228 3022 1301; baseline -0.001 -12"><span class='ocrx_word' id='word_1_313' title='bbox 1750 1230 2017 1289; x_wconf 87' lang='lat' dir='ltr'>Basileae</span> <span class='ocrx_word' id='word_1_314' title='bbox 2054 1240 2255 1298; x_wconf 87' lang='lat'>1540;</span> <span class='ocrx_word' id='word_1_315' title='bbox 2297 1236 2484 1299; x_wconf 84' lang='lat'>1543,</span> <span class='ocrx_word' id='word_1_316' title='bbox 2517 1228 2676 1286; x_wconf 81' lang='lat' dir='ltr'>inter</span> <span class='ocrx_word' id='word_1_317' title='bbox 2696 1246 2846 1301; x_wconf 85' lang='lat' dir='ltr'>quae</span> <span class='ocrx_word' id='word_1_318' title='bbox 2862 1246 3022 1288; x_wconf 87' lang='lat' dir='ltr'>sum-</span> 
     </span>
     <span class='ocr_line' id='line_1_49' title="bbox 1749 1316 3025 1392; baseline 0 -15"><span class='ocrx_word' id='word_1_319' title='bbox 1749 1319 1863 1379; x_wconf 88' lang='lat' dir='ltr'>mis</span> <span class='ocrx_word' id='word_1_320' title='bbox 1894 1318 2176 1378; x_wconf 89' lang='lat' dir='ltr'>encomiis</span> <span class='ocrx_word' id='word_1_321' title='bbox 2221 1317 2553 1376; x_wconf 90' lang='lat' dir='ltr'>celebratur</span> <span class='ocrx_word' id='word_1_322' title='bbox 2583 1316 3025 1392; x_wconf 76' lang='lat' dir='ltr'>Eleyantiarum</span> 
     </span>
     <span class='ocr_line' id='line_1_50' title="bbox 1749 1406 3024 1486; baseline 0.001 -20"><span class='ocrx_word' id='word_1_323' title='bbox 1749 1409 1967 1468; x_wconf 72' lang='lat' dir='ltr'>latinae</span> <span class='ocrx_word' id='word_1_324' title='bbox 1996 1409 2226 1486; x_wconf 71' lang='lat' dir='ltr'>linquae</span> <span class='ocrx_word' id='word_1_325' title='bbox 2255 1408 2313 1465; x_wconf 82' lang='lat' dir='ltr'>ll.</span> <span class='ocrx_word' id='word_1_326' title='bbox 2353 1408 2409 1477; x_wconf 89' lang='grc'>6,</span> <span class='ocrx_word' id='word_1_327' title='bbox 2460 1406 2632 1481; x_wconf 87' lang='lat' dir='ltr'>cujus</span> <span class='ocrx_word' id='word_1_328' title='bbox 2681 1407 3024 1467; x_wconf 90' lang='lat' dir='ltr'>innumerae</span> 
     </span>
     <span class='ocr_line' id='line_1_51' title="bbox 1753 1495 3019 1565; baseline 0.006 -12"><span class='ocrx_word' id='word_1_329' title='bbox 1753 1498 1870 1556; x_wconf 86' lang='lat' dir='ltr'>sere</span> <span class='ocrx_word' id='word_1_330' title='bbox 1901 1500 2044 1557; x_wconf 91' lang='lat' dir='ltr'>sunt</span> <span class='ocrx_word' id='word_1_331' title='bbox 2075 1495 2613 1564; x_wconf 78' lang='lat' dir='ltr'>editiones‚Romae</span> <span class='ocrx_word' id='word_1_332' title='bbox 2638 1505 2830 1565; x_wconf 83' lang='lat'>1471;</span> <span class='ocrx_word' id='word_1_333' title='bbox 2860 1508 3019 1561; x_wconf 81' lang='lat'>1475</span> 
     </span>
     <span class='ocr_line' id='line_1_52' title="bbox 1748 1585 3021 1661; baseline -0.001 -16"><span class='ocrx_word' id='word_1_334' title='bbox 1748 1590 1857 1645; x_wconf 86' lang='lat' dir='ltr'>etc.</span> <span class='ocrx_word' id='word_1_335' title='bbox 1912 1587 1996 1646; x_wconf 85' lang='lat' dir='ltr'>De</span> <span class='ocrx_word' id='word_1_336' title='bbox 2044 1587 2330 1661; x_wconf 78' lang='lat' dir='ltr'>voluptate</span> <span class='ocrx_word' id='word_1_337' title='bbox 2379 1591 2431 1643; x_wconf 75' lang='lat' dir='ltr'>et</span> <span class='ocrx_word' id='word_1_338' title='bbox 2481 1603 2610 1643; x_wconf 85' lang='lat' dir='ltr'>vero</span> <span class='ocrx_word' id='word_1_339' title='bbox 2660 1585 2801 1645; x_wconf 81' lang='lat' dir='ltr'>bono</span> <span class='ocrx_word' id='word_1_340' title='bbox 2850 1586 2911 1644; x_wconf 84' lang='lat' dir='ltr'>ll.</span> <span class='ocrx_word' id='word_1_341' title='bbox 2965 1589 3021 1655; x_wconf 84' lang='lat'>3,</span> 
     </span>
     <span class='ocr_line' id='line_1_53' title="bbox 1749 1674 3022 1751; baseline 0 -17"><span class='ocrx_word' id='word_1_342' title='bbox 1749 1676 2013 1735; x_wconf 87' lang='lat' dir='ltr'>Basileae</span> <span class='ocrx_word' id='word_1_343' title='bbox 2056 1685 2216 1739; x_wconf 86' lang='lat'>1519</span> <span class='ocrx_word' id='word_1_344' title='bbox 2251 1674 2315 1732; x_wconf 93' lang='lat' dir='ltr'>in</span> <span class='ocrx_word' id='word_1_345' title='bbox 2350 1684 2424 1743; x_wconf 86' lang='grc'>4.,</span> <span class='ocrx_word' id='word_1_346' title='bbox 2459 1674 2521 1731; x_wconf 89' lang='lat' dir='ltr'>in</span> <span class='ocrx_word' id='word_1_347' title='bbox 2553 1692 2672 1748; x_wconf 90' lang='lat' dir='ltr'>quo</span> <span class='ocrx_word' id='word_1_348' title='bbox 2704 1692 2766 1731; x_wconf 88' lang='lat' dir='ltr'>se</span> <span class='ocrx_word' id='word_1_349' title='bbox 2785 1674 3022 1751; x_wconf 86' lang='lat' dir='ltr'>Epicuri</span> 
     </span>
     <span class='ocr_line' id='line_1_54' title="bbox 1748 1763 3022 1841; baseline 0 -18"><span class='ocrx_word' id='word_1_350' title='bbox 1748 1765 2106 1841; x_wconf 88' lang='lat' dir='ltr'>discipulum</span> <span class='ocrx_word' id='word_1_351' title='bbox 2141 1765 2192 1822; x_wconf 91' lang='lat' dir='ltr'>si</span> <span class='ocrx_word' id='word_1_352' title='bbox 2223 1781 2344 1824; x_wconf 89' lang='lat' dir='ltr'>non</span> <span class='ocrx_word' id='word_1_353' title='bbox 2374 1763 2591 1838; x_wconf 83' lang='lat' dir='ltr'>palam,</span> <span class='ocrx_word' id='word_1_354' title='bbox 2621 1763 2877 1822; x_wconf 84' lang='lat' dir='ltr'>latenter</span> <span class='ocrx_word' id='word_1_355' title='bbox 2905 1765 3022 1824; x_wconf 90' lang='lat' dir='ltr'>sal-</span> 
     </span>
     <span class='ocr_line' id='line_1_55' title="bbox 1747 1846 3020 1934; baseline 0.002 -23"><span class='ocrx_word' id='word_1_356' title='bbox 1747 1858 1869 1913; x_wconf 88' lang='lat' dir='ltr'>tem</span> <span class='ocrx_word' id='word_1_357' title='bbox 1931 1854 2248 1930; x_wconf 86' lang='lat' dir='ltr'>profitetur</span> <span class='ocrx_word' id='word_1_358' title='bbox 2260 1846 2340 1934; x_wconf 85' lang='lat'>¹);</span> <span class='ocrx_word' id='word_1_359' title='bbox 2407 1853 2476 1910; x_wconf 78' lang='lat' dir='ltr'>de</span> <span class='ocrx_word' id='word_1_360' title='bbox 2523 1851 2696 1910; x_wconf 80' lang='lat' dir='ltr'>libero</span> <span class='ocrx_word' id='word_1_361' title='bbox 2758 1853 3020 1923; x_wconf 74' lang='lat' dir='ltr'>arbitria,</span> 
     </span>
     <span class='ocr_line' id='line_1_56' title="bbox 1748 1941 3021 2018; baseline 0.002 -17"><span class='ocrx_word' id='word_1_362' title='bbox 1748 1962 1881 2002; x_wconf 89' lang='lat' dir='ltr'>cum</span> <span class='ocrx_word' id='word_1_363' title='bbox 1927 1943 2059 2002; x_wconf 89' lang='lat' dir='ltr'>aliis</span> <span class='ocrx_word' id='word_1_364' title='bbox 2103 1941 2407 2018; x_wconf 89' lang='lat' dir='ltr'>opusculis</span> <span class='ocrx_word' id='word_1_365' title='bbox 2453 1960 2497 1999; x_wconf 87' lang='lat' dir='ltr'>s.</span> <span class='ocrx_word' id='word_1_366' title='bbox 2544 1941 2586 2004; x_wconf 94' lang='grc'>1.</span> <span class='ocrx_word' id='word_1_367' title='bbox 2630 1951 2789 2005; x_wconf 82' lang='grc'><strong>1482</strong></span> <span class='ocrx_word' id='word_1_368' title='bbox 2838 1942 2900 2000; x_wconf 92' lang='lat' dir='ltr'>in</span> <span class='ocrx_word' id='word_1_369' title='bbox 2947 1942 3021 2011; x_wconf 83' lang='lat' dir='ltr'>f.;</span> 
     </span>
     <span class='ocr_line' id='line_1_57' title="bbox 1748 2031 3022 2105; baseline 0.002 -17"><span class='ocrx_word' id='word_1_370' title='bbox 1748 2033 2010 2092; x_wconf 83' lang='lat' dir='ltr'>Basileae</span> <span class='ocrx_word' id='word_1_371' title='bbox 2051 2041 2248 2101; x_wconf 84' lang='lat'>1518;</span> <span class='ocrx_word' id='word_1_372' title='bbox 2311 2031 2374 2089; x_wconf 89' lang='lat' dir='ltr'>in</span> <span class='ocrx_word' id='word_1_373' title='bbox 2418 2033 2676 2105; x_wconf 85' lang='lat' dir='ltr'>utroque</span> <span class='ocrx_word' id='word_1_374' title='bbox 2707 2031 3022 2090; x_wconf 70' lang='lat' dir='ltr'>Boethium</span> 
     </span>
     <span class='ocr_line' id='line_1_58' title="bbox 1747 2119 3021 2199; baseline 0.001 -21"><span class='ocrx_word' id='word_1_375' title='bbox 1747 2121 2062 2199; x_wconf 88' lang='lat' dir='ltr'>impugnat</span> <span class='ocrx_word' id='word_1_376' title='bbox 2078 2142 2091 2189; x_wconf 90' lang='lat'><strong>;</strong></span> <span class='ocrx_word' id='word_1_377' title='bbox 2122 2128 2322 2180; x_wconf 79' lang='lat' dir='ltr'>contra</span> <span class='ocrx_word' id='word_1_378' title='bbox 2340 2120 2689 2194; x_wconf 78' lang='lat' dir='ltr'>donationis,</span> <span class='ocrx_word' id='word_1_379' title='bbox 2709 2139 2856 2196; x_wconf 74' lang='lat' dir='ltr'>quae</span> <span class='ocrx_word' id='word_1_380' title='bbox 2875 2119 3021 2179; x_wconf 80' lang='lat' dir='ltr'>Gon-</span> 
     </span>
     <span class='ocr_line' id='line_1_59' title="bbox 1746 2209 3022 2287; baseline 0 -19"><span class='ocrx_word' id='word_1_381' title='bbox 1746 2212 1988 2269; x_wconf 80' lang='lat' dir='ltr'>stantim&#39;</span> <span class='ocrx_word' id='word_1_382' title='bbox 2035 2212 2269 2287; x_wconf 76' lang='lat' dir='ltr'>dicitur,</span> <span class='ocrx_word' id='word_1_383' title='bbox 2313 2209 2705 2285; x_wconf 73' lang='lat' dir='ltr'>privileqium,</span> <span class='ocrx_word' id='word_1_384' title='bbox 2755 2212 2826 2267; x_wconf 88' lang='lat' dir='ltr'>ut</span> <span class='ocrx_word' id='word_1_385' title='bbox 2874 2210 3022 2268; x_wconf 87' lang='lat' dir='ltr'>falso</span> 
     </span>
     <span class='ocr_line' id='line_1_60' title="bbox 1747 2296 3020 2367; baseline -0.001 -9"><span class='ocrx_word' id='word_1_386' title='bbox 1747 2300 2037 2358; x_wconf 90' lang='lat' dir='ltr'>creditum</span> <span class='ocrx_word' id='word_1_387' title='bbox 2069 2303 2163 2357; x_wconf 90' lang='lat' dir='ltr'>est</span> <span class='ocrx_word' id='word_1_388' title='bbox 2192 2301 2254 2356; x_wconf 90' lang='lat' dir='ltr'>et</span> <span class='ocrx_word' id='word_1_389' title='bbox 2272 2299 2626 2356; x_wconf 85' lang='lat' dir='ltr'>ementitum</span> <span class='ocrx_word' id='word_1_390' title='bbox 2656 2296 3020 2367; x_wconf 85' lang='lat' dir='ltr'>declamatio,</span> 
     </span>
     <span class='ocr_line' id='line_1_61' title="bbox 1746 2386 3018 2464; baseline 0.002 -19"><span class='ocrx_word' id='word_1_391' title='bbox 1746 2389 1807 2445; x_wconf 93' lang='lat' dir='ltr'>in</span> <span class='ocrx_word' id='word_1_392' title='bbox 1840 2408 1962 2464; x_wconf 88' lang='lat' dir='ltr'>qua</span> <span class='ocrx_word' id='word_1_393' title='bbox 2010 2406 2129 2446; x_wconf 92' lang='lat' dir='ltr'>non</span> <span class='ocrx_word' id='word_1_394' title='bbox 2173 2392 2295 2445; x_wconf 86' lang='lat' dir='ltr'>tam</span> <span class='ocrx_word' id='word_1_395' title='bbox 2340 2386 2610 2445; x_wconf 81' lang='lat' dir='ltr'>criticum</span> <span class='ocrx_word' id='word_1_396' title='bbox 2646 2388 3018 2462; x_wconf 86' lang='lat' dir='ltr'>prudentem,</span> 
     </span>
     <span class='ocr_line' id='line_1_62' title="bbox 1746 2472 3021 2557; baseline -0.002 -21"><span class='ocrx_word' id='word_1_397' title='bbox 1746 2496 1923 2552; x_wconf 88' lang='lat' dir='ltr'>quam</span> <span class='ocrx_word' id='word_1_398' title='bbox 1976 2478 2273 2536; x_wconf 85' lang='lat' dir='ltr'>rhetorem</span> <span class='ocrx_word' id='word_1_399' title='bbox 2312 2475 2629 2535; x_wconf 82' lang='lat' dir='ltr'>verbosum</span> <span class='ocrx_word' id='word_1_400' title='bbox 2678 2472 3021 2557; x_wconf 86' lang='lat' dir='ltr'>agit.(sicut</span> 
     </span>
     <span class='ocr_line' id='line_1_63' title="bbox 1746 2560 3022 2643; baseline -0.002 -19"><span class='ocrx_word' id='word_1_401' title='bbox 1746 2567 1901 2625; x_wconf 88' lang='lat' dir='ltr'>etin</span> <span class='ocrx_word' id='word_1_402' title='bbox 1932 2566 2066 2625; x_wconf 89' lang='lat' dir='ltr'>aliis</span> <span class='ocrx_word' id='word_1_403' title='bbox 2117 2560 2401 2643; x_wconf 89' lang='lat' dir='ltr'>scriptis),</span> <span class='ocrx_word' id='word_1_404' title='bbox 2450 2565 2915 2640; x_wconf 87' lang='lat' dir='ltr'>procacibusque</span> <span class='ocrx_word' id='word_1_405' title='bbox 2962 2570 3022 2623; x_wconf 83' lang='lat' dir='ltr'>et</span> 
     </span>
     <span class='ocr_line' id='line_1_64' title="bbox 1747 2654 3022 2731; baseline -0.001 -16"><span class='ocrx_word' id='word_1_406' title='bbox 1747 2656 1980 2715; x_wconf 90' lang='lat' dir='ltr'>homine</span> <span class='ocrx_word' id='word_1_407' title='bbox 2029 2655 2348 2714; x_wconf 89' lang='lat' dir='ltr'>christiano</span> <span class='ocrx_word' id='word_1_408' title='bbox 2396 2658 2457 2712; x_wconf 88' lang='lat' dir='ltr'>et</span> <span class='ocrx_word' id='word_1_409' title='bbox 2510 2654 2798 2714; x_wconf 80' lang='lat' dir='ltr'>catholico</span> <span class='ocrx_word' id='word_1_410' title='bbox 2847 2655 3022 2731; x_wconf 91' lang='lat' dir='ltr'>plane</span> 
     </span>
     <span class='ocr_line' id='line_1_65' title="bbox 1746 2744 3020 2822; baseline -0.001 -19"><span class='ocrx_word' id='word_1_411' title='bbox 1746 2745 2012 2822; x_wconf 88' lang='lat' dir='ltr'>indignis</span> <span class='ocrx_word' id='word_1_412' title='bbox 2044 2746 2108 2803; x_wconf 89' lang='lat' dir='ltr'>in</span> <span class='ocrx_word' id='word_1_413' title='bbox 2141 2764 2283 2804; x_wconf 90' lang='lat' dir='ltr'>rom.</span> <span class='ocrx_word' id='word_1_414' title='bbox 2320 2744 2624 2820; x_wconf 84' lang='lat' dir='ltr'>pontifices</span> <span class='ocrx_word' id='word_1_415' title='bbox 2656 2745 2794 2802; x_wconf 88' lang='lat' dir='ltr'>etin</span> <span class='ocrx_word' id='word_1_416' title='bbox 2817 2763 3020 2803; x_wconf 87' lang='lat' dir='ltr'>omnes</span> 
     </span>
     <span class='ocr_line' id='line_1_66' title="bbox 1746 2832 3020 2904; baseline -0.002 -11"><span class='ocrx_word' id='word_1_417' title='bbox 1746 2854 1939 2893; x_wconf 89' lang='lat' dir='ltr'>sacros</span> <span class='ocrx_word' id='word_1_418' title='bbox 1959 2834 2195 2894; x_wconf 87' lang='lat' dir='ltr'>ordines</span> <span class='ocrx_word' id='word_1_419' title='bbox 2213 2834 2428 2904; x_wconf 88' lang='lat' dir='ltr'>utitur,</span> <span class='ocrx_word' id='word_1_420' title='bbox 2445 2852 2511 2892; x_wconf 92' lang='lat' dir='ltr'>ac</span> <span class='ocrx_word' id='word_1_421' title='bbox 2524 2832 2853 2892; x_wconf 88' lang='lat' dir='ltr'>dominium</span> <span class='ocrx_word' id='word_1_422' title='bbox 2875 2852 3020 2892; x_wconf 90' lang='lat' dir='ltr'>rom.</span> 
     </span>
     <span class='ocr_line' id='line_1_67' title="bbox 1748 2922 3020 3000; baseline 0 -18"><span class='ocrx_word' id='word_1_423' title='bbox 1748 2925 2041 3000; x_wconf 82' lang='lat' dir='ltr'>pontificis</span> <span class='ocrx_word' id='word_1_424' title='bbox 2090 2924 2263 2983; x_wconf 81' lang='lat' dir='ltr'>civile</span> <span class='ocrx_word' id='word_1_425' title='bbox 2313 2923 2638 2998; x_wconf 84' lang='lat' dir='ltr'>generatim</span> <span class='ocrx_word' id='word_1_426' title='bbox 2690 2922 3020 2999; x_wconf 89' lang='lat' dir='ltr'>impugnat.</span> 
     </span>
     <span class='ocr_line' id='line_1_68' title="bbox 1748 3011 3025 3088; baseline -0.002 -17"><span class='ocrx_word' id='word_1_427' title='bbox 1748 3014 1904 3072; x_wconf 86' lang='lat' dir='ltr'>Haec</span> <span class='ocrx_word' id='word_1_428' title='bbox 1964 3013 2080 3071; x_wconf 88' lang='lat' dir='ltr'>tria</span> <span class='ocrx_word' id='word_1_429' title='bbox 2130 3031 2308 3088; x_wconf 86' lang='lat' dir='ltr'>opera</span> <span class='ocrx_word' id='word_1_430' title='bbox 2357 3011 2498 3070; x_wconf 89' lang='lat' dir='ltr'>olim</span> <span class='ocrx_word' id='word_1_431' title='bbox 2546 3011 2809 3088; x_wconf 84' lang='lat' dir='ltr'>relegata</span> <span class='ocrx_word' id='word_1_432' title='bbox 2854 3014 3025 3070; x_wconf 90' lang='lat' dir='ltr'>erant</span> 
     </span>
     <span class='ocr_line' id='line_1_69' title="bbox 1747 3097 3021 3182; baseline -0.002 -21"><span class='ocrx_word' id='word_1_433' title='bbox 1747 3099 1934 3182; x_wconf 89' lang='lat' dir='ltr'>(nunc</span> <span class='ocrx_word' id='word_1_434' title='bbox 1963 3120 2083 3160; x_wconf 91' lang='lat' dir='ltr'>non</span> <span class='ocrx_word' id='word_1_435' title='bbox 2118 3097 2398 3181; x_wconf 85' lang='lat' dir='ltr'>amplius)</span> <span class='ocrx_word' id='word_1_436' title='bbox 2434 3101 2498 3159; x_wconf 90' lang='lat' dir='ltr'>in</span> <span class='ocrx_word' id='word_1_437' title='bbox 2527 3100 2782 3158; x_wconf 90' lang='lat' dir='ltr'>indicem</span> <span class='ocrx_word' id='word_1_438' title='bbox 2805 3101 2865 3158; x_wconf 88' lang='lat' dir='ltr'>ll.</span> <span class='ocrx_word' id='word_1_439' title='bbox 2884 3119 3021 3176; x_wconf 86' lang='lat' dir='ltr'>pro-</span> 
     </span>
     <span class='ocr_line' id='line_1_70' title="bbox 1747 3189 3013 3266; baseline 0 -18"><span class='ocrx_word' id='word_1_440' title='bbox 1747 3191 2100 3261; x_wconf 81' lang='lat' dir='ltr'>hibitorum3</span> <span class='ocrx_word' id='word_1_441' title='bbox 2152 3209 2218 3249; x_wconf 87' lang='lat' dir='ltr'>ex</span> <span class='ocrx_word' id='word_1_442' title='bbox 2270 3209 2361 3265; x_wconf 84' lang='lat' dir='ltr'>op.</span> <span class='ocrx_word' id='word_1_443' title='bbox 2409 3189 2838 3266; x_wconf 83' lang='lat' dir='ltr'>elegantiarum</span> <span class='ocrx_word' id='word_1_444' title='bbox 2889 3193 3013 3248; x_wconf 90' lang='lat' dir='ltr'>tan·</span> 
     </span>
     <span class='ocr_line' id='line_1_71' title="bbox 1744 3278 3022 3353; baseline -0.002 -14"><span class='ocrx_word' id='word_1_445' title='bbox 1744 3284 1876 3339; x_wconf 86' lang='lat' dir='ltr'>tum</span> <span class='ocrx_word' id='word_1_446' title='bbox 1909 3282 1947 3341; x_wconf 91' lang='grc'>1.</span> <span class='ocrx_word' id='word_1_447' title='bbox 1986 3291 2019 3342; x_wconf 87' lang='lat'>6</span> <span class='ocrx_word' id='word_1_448' title='bbox 2056 3297 2102 3342; x_wconf 87' lang='lat' dir='ltr'>c.</span> <span class='ocrx_word' id='word_1_449' title='bbox 2140 3290 2237 3341; x_wconf 88' lang='lat'>34.</span> <span class='ocrx_word' id='word_1_450' title='bbox 2271 3278 2343 3337; x_wconf 91' lang='lat' dir='ltr'>de</span> <span class='ocrx_word' id='word_1_451' title='bbox 2383 3296 2636 3353; x_wconf 88' lang='lat' dir='ltr'>persona</span> <span class='ocrx_word' id='word_1_452' title='bbox 2655 3282 2858 3336; x_wconf 84' lang='lat' dir='ltr'>contra</span> <span class='ocrx_word' id='word_1_453' title='bbox 2877 3279 3022 3336; x_wconf 71' lang='lat' dir='ltr'>Boe-</span> 
     </span>
     <span class='ocr_line' id='line_1_72' title="bbox 1744 3366 3019 3439; baseline -0.001 -13"><span class='ocrx_word' id='word_1_454' title='bbox 1744 3369 1959 3439; x_wconf 82' lang='lat' dir='ltr'>thium,</span> <span class='ocrx_word' id='word_1_455' title='bbox 1992 3368 2097 3426; x_wconf 91' lang='lat' dir='ltr'>ubi</span> <span class='ocrx_word' id='word_1_456' title='bbox 2117 3372 2338 3426; x_wconf 88' lang='lat' dir='ltr'>temere</span> <span class='ocrx_word' id='word_1_457' title='bbox 2359 3367 2597 3425; x_wconf 85' lang='lat' dir='ltr'>effudit:</span> <span class='ocrx_word' id='word_1_458' title='bbox 2636 3366 2745 3435; x_wconf 83' lang='lat' dir='ltr'>,In</span> <span class='ocrx_word' id='word_1_459' title='bbox 2761 3367 2883 3425; x_wconf 90' lang='lat' dir='ltr'>Deo</span> <span class='ocrx_word' id='word_1_460' title='bbox 2902 3385 3019 3425; x_wconf 91' lang='lat' dir='ltr'>non</span> 
     </span>
     <span class='ocr_line' id='line_1_73' title="bbox 1745 3455 3021 3532; baseline -0.003 -16"><span class='ocrx_word' id='word_1_461' title='bbox 1745 3462 1838 3516; x_wconf 87' lang='lat' dir='ltr'>est</span> <span class='ocrx_word' id='word_1_462' title='bbox 1868 3475 2119 3532; x_wconf 86' lang='lat' dir='ltr'>persona</span> <span class='ocrx_word' id='word_1_463' title='bbox 2151 3457 2337 3532; x_wconf 86' lang='lat' dir='ltr'>magis</span> <span class='ocrx_word' id='word_1_464' title='bbox 2370 3475 2550 3530; x_wconf 89' lang='lat' dir='ltr'>quam</span> <span class='ocrx_word' id='word_1_465' title='bbox 2583 3455 2645 3513; x_wconf 91' lang='lat' dir='ltr'>in</span> <span class='ocrx_word' id='word_1_466' title='bbox 2677 3455 2914 3513; x_wconf 79' lang='lat' dir='ltr'>bruto.‘</span> <span class='ocrx_word' id='word_1_467' title='bbox 2950 3456 3021 3512; x_wconf 93' lang='lat' dir='ltr'>In</span> 
     </span>
     <span class='ocr_line' id='line_1_74' title="bbox 1746 3538 3020 3624; baseline -0.002 -21"><span class='ocrx_word' id='word_1_468' title='bbox 1746 3546 1780 3603; x_wconf 94' lang='grc'>1.</span> <span class='ocrx_word' id='word_1_469' title='bbox 1830 3547 1898 3605; x_wconf 82' lang='lat' dir='ltr'>de</span> <span class='ocrx_word' id='word_1_470' title='bbox 1938 3547 2301 3619; x_wconf 74' lang='lat' dir='ltr'>professione</span> <span class='ocrx_word' id='word_1_471' title='bbox 2363 3544 2767 3622; x_wconf 68' lang='lat' dir='ltr'>reliya‘osorum</span> <span class='ocrx_word' id='word_1_472' title='bbox 2818 3538 2932 3624; x_wconf 84' lang='lat' dir='ltr'>(ed.</span> <span class='ocrx_word' id='word_1_473' title='bbox 2984 3563 3020 3601; x_wconf 87' lang='lat' dir='ltr'>a</span> 
     </span>
     <span class='ocr_line' id='line_1_75' title="bbox 1746 3632 3021 3706; baseline -0.004 -12"><span class='ocrx_word' id='word_1_474' title='bbox 1746 3635 1970 3694; x_wconf 88' lang='lat' dir='ltr'>Vahlen</span> <span class='ocrx_word' id='word_1_475' title='bbox 2030 3653 2163 3693; x_wconf 92' lang='lat' dir='ltr'>cum</span> <span class='ocrx_word' id='word_1_476' title='bbox 2225 3633 2458 3692; x_wconf 75' lang='lat' dir='ltr'>duobus</span> <span class='ocrx_word' id='word_1_477' title='bbox 2522 3632 2657 3690; x_wconf 88' lang='lat' dir='ltr'>aliis</span> <span class='ocrx_word' id='word_1_478' title='bbox 2720 3632 3021 3706; x_wconf 84' lang='lat' dir='ltr'>opusculis</span> 
     </span>
    </p>
   </div>
   <div class='ocr_carea' id='block_1_8' title="bbox 1745 3757 2063 3765">
    <p class='ocr_par' dir='ltr' id='par_1_9' title="bbox 1745 3757 2063 3765">
     <span class='ocr_line' id='line_1_76' title="bbox 1745 3757 2063 3765; baseline 0 1599"><span class='ocrx_word' id='word_1_479' title='bbox 1745 3757 2063 3765; x_wconf 95' lang='lat' dir='ltr'> </span> 
     </span>
    </p>
   </div>
   <div class='ocr_carea' id='block_1_9' title="bbox 1744 3818 3020 4376">
    <p class='ocr_par' dir='ltr' id='par_1_10' title="bbox 1744 3818 3020 4249">
     <span class='ocr_line' id='line_1_77' title="bbox 1745 3818 3020 3878; baseline -0.004 -2"><span class='ocrx_word' id='word_1_480' title='bbox 1745 3840 1863 3878; x_wconf 88' lang='lat' dir='ltr'>cur.</span> <span class='ocrx_word' id='word_1_481' title='bbox 1891 3822 2090 3876; x_wconf 88' lang='lat' dir='ltr'>Mehus</span> <span class='ocrx_word' id='word_1_482' title='bbox 2116 3820 2437 3876; x_wconf 81' lang='lat' dir='ltr'>Florentiae</span> <span class='ocrx_word' id='word_1_483' title='bbox 2466 3824 2604 3876; x_wconf 73' lang='lat'>1745</span> <span class='ocrx_word' id='word_1_484' title='bbox 2629 3819 2691 3872; x_wconf 86' lang='lat' dir='ltr'>iu</span> <span class='ocrx_word' id='word_1_485' title='bbox 2714 3825 2778 3875; x_wconf 85' lang='lat'>4:</span> <span class='ocrx_word' id='word_1_486' title='bbox 2805 3818 2920 3873; x_wconf 84' lang='lat' dir='ltr'>alia</span> <span class='ocrx_word' id='word_1_487' title='bbox 2946 3819 3020 3872; x_wconf 82' lang='lat' dir='ltr'>ad</span> 
     </span>
     <span class='ocr_line' id='line_1_78' title="bbox 1747 3890 3020 3962; baseline -0.003 -14"><span class='ocrx_word' id='word_1_488' title='bbox 1747 3894 2040 3948; x_wconf 82' lang='lat' dir='ltr'>historiam</span> <span class='ocrx_word' id='word_1_489' title='bbox 2069 3891 2369 3962; x_wconf 82' lang='lat' dir='ltr'>profanam</span> <span class='ocrx_word' id='word_1_490' title='bbox 2410 3890 2726 3961; x_wconf 82' lang='lat' dir='ltr'>spectantia</span> <span class='ocrx_word' id='word_1_491' title='bbox 2766 3890 2836 3946; x_wconf 84' lang='lat' dir='ltr'>cf.</span> <span class='ocrx_word' id='word_1_492' title='bbox 2862 3890 3020 3960; x_wconf 79' lang='lat' dir='ltr'>apud</span> 
     </span>
     <span class='ocr_line' id='line_1_79' title="bbox 1746 3962 3019 4035; baseline -0.002 -17"><span class='ocrx_word' id='word_1_493' title='bbox 1746 3965 2012 4019; x_wconf 88' lang='lat' dir='ltr'>Potthast</span> <span class='ocrx_word' id='word_1_494' title='bbox 2048 3983 2103 4035; x_wconf 90' lang='lat' dir='ltr'>p.</span> <span class='ocrx_word' id='word_1_495' title='bbox 2142 3968 2264 4020; x_wconf 80' lang='lat'>443.</span> <span class='ocrx_word' id='word_1_496' title='bbox 2316 3963 2683 4032; x_wconf 84' lang='lat' dir='ltr'>Reipublicae</span> <span class='ocrx_word' id='word_1_497' title='bbox 2724 3962 3019 4030; x_wconf 83' lang='lat' dir='ltr'>genuensi,</span> 
     </span>
     <span class='ocr_line' id='line_1_80' title="bbox 1744 4033 3019 4107; baseline -0.004 -17"><span class='ocrx_word' id='word_1_498' title='bbox 1744 4036 1877 4090; x_wconf 90' lang='lat' dir='ltr'>dein</span> <span class='ocrx_word' id='word_1_499' title='bbox 1903 4036 2195 4107; x_wconf 85' lang='lat' dir='ltr'>Alphonso</span> <span class='ocrx_word' id='word_1_500' title='bbox 2221 4036 2263 4088; x_wconf 90' lang='lat'>1.</span> <span class='ocrx_word' id='word_1_501' title='bbox 2287 4035 2407 4104; x_wconf 88' lang='lat' dir='ltr'>regi</span> <span class='ocrx_word' id='word_1_502' title='bbox 2445 4033 2813 4105; x_wconf 83' lang='lat' dir='ltr'>neapolitano</span> <span class='ocrx_word' id='word_1_503' title='bbox 2842 4036 2965 4088; x_wconf 88' lang='lat' dir='ltr'>erat</span> <span class='ocrx_word' id='word_1_504' title='bbox 2988 4051 3019 4086; x_wconf 86' lang='lat' dir='ltr'>a</span> 
     </span>
     <span class='ocr_line' id='line_1_81' title="bbox 1745 4104 3020 4175; baseline -0.003 -14"><span class='ocrx_word' id='word_1_505' title='bbox 1745 4109 1987 4163; x_wconf 89' lang='lat' dir='ltr'>secretis.</span> <span class='ocrx_word' id='word_1_506' title='bbox 2041 4107 2180 4162; x_wconf 89' lang='lat' dir='ltr'>Cum</span> <span class='ocrx_word' id='word_1_507' title='bbox 2221 4107 2435 4170; x_wconf 80' lang='lat' dir='ltr'>eodem,</span> <span class='ocrx_word' id='word_1_508' title='bbox 2477 4123 2591 4175; x_wconf 88' lang='lat' dir='ltr'>quo</span> <span class='ocrx_word' id='word_1_509' title='bbox 2636 4104 2816 4170; x_wconf 76' lang='lat' dir='ltr'>vano,</span> <span class='ocrx_word' id='word_1_510' title='bbox 2869 4122 3020 4158; x_wconf 86' lang='lat' dir='ltr'>anno</span> 
     </span>
     <span class='ocr_line' id='line_1_82' title="bbox 1746 4176 2808 4249; baseline -0.005 -14"><span class='ocrx_word' id='word_1_511' title='bbox 1746 4179 1952 4235; x_wconf 89' lang='lat' dir='ltr'>obierit</span> <span class='ocrx_word' id='word_1_512' title='bbox 1976 4182 2175 4249; x_wconf 79' lang='lat'>(1457),</span> <span class='ocrx_word' id='word_1_513' title='bbox 2202 4177 2390 4248; x_wconf 87' lang='lat' dir='ltr'>lepide</span> <span class='ocrx_word' id='word_1_514' title='bbox 2418 4178 2547 4246; x_wconf 88' lang='lat' dir='ltr'>quis</span> <span class='ocrx_word' id='word_1_515' title='bbox 2572 4176 2808 4231; x_wconf 86' lang='lat' dir='ltr'>cecinit:</span> 
     </span>
    </p>

    <p class='ocr_par' dir='ltr' id='par_1_11' title="bbox 1748 4248 3015 4319">
     <span class='ocr_line' id='line_1_83' title="bbox 1748 4248 3015 4319; baseline -0.006 -14"><span class='ocrx_word' id='word_1_516' title='bbox 1748 4252 1831 4305; x_wconf 93' lang='lat' dir='ltr'>Ne</span> <span class='ocrx_word' id='word_1_517' title='bbox 1858 4251 1951 4305; x_wconf 84' lang='lat' dir='ltr'>vel</span> <span class='ocrx_word' id='word_1_518' title='bbox 1977 4251 2037 4304; x_wconf 90' lang='lat' dir='ltr'>in</span> <span class='ocrx_word' id='word_1_519' title='bbox 2065 4249 2273 4319; x_wconf 65' lang='lat' dir='ltr'>Elysiis</span> <span class='ocrx_word' id='word_1_520' title='bbox 2313 4249 2434 4303; x_wconf 90' lang='lat' dir='ltr'>sine</span> <span class='ocrx_word' id='word_1_521' title='bbox 2474 4248 2701 4303; x_wconf 85' lang='lat' dir='ltr'>vindice</span> <span class='ocrx_word' id='word_1_522' title='bbox 2745 4248 2907 4300; x_wconf 85' lang='lat' dir='ltr'>Valla</span> <span class='ocrx_word' id='word_1_523' title='bbox 2932 4265 3015 4299; x_wconf 87' lang='lat' dir='ltr'>su·</span> 
     </span>
    </p>

    <p class='ocr_par' dir='ltr' id='par_1_12' title="bbox 1816 4326 2013 4376">
     <span class='ocr_line' id='line_1_84' title="bbox 1816 4326 2013 4376; baseline -0.005 -1"><span class='ocrx_word' id='word_1_524' title='bbox 1816 4326 2013 4376; x_wconf 90' lang='lat' dir='ltr'>surret.</span> 
     </span>
    </p>
   </div>
   <div class='ocr_carea' id='block_1_10' title="bbox 411 4388 2975 4462">
    <p class='ocr_par' dir='ltr' id='par_1_13' title="bbox 411 4388 2975 4462">
     <span class='ocr_line' id='line_1_85' title="bbox 411 4388 2975 4462; baseline -0 -17"><span class='ocrx_word' id='word_1_525' title='bbox 411 4392 734 4462; x_wconf 80' lang='lat' dir='ltr'>Spediensis</span> <span class='ocrx_word' id='word_1_526' title='bbox 761 4392 1027 4462; x_wconf 83' lang='lat' dir='ltr'>(Spezza).</span> <span class='ocrx_word' id='word_1_527' title='bbox 1055 4393 1252 4446; x_wconf 81' lang='lat' dir='ltr'>contra</span> <span class='ocrx_word' id='word_1_528' title='bbox 1275 4409 1443 4460; x_wconf 88' lang='lat' dir='ltr'>quem</span> <span class='ocrx_word' id='word_1_529' title='bbox 1465 4395 1689 4446; x_wconf 83' lang='lat' dir='ltr'>exstant</span> <span class='ocrx_word' id='word_1_530' title='bbox 1746 4393 1946 4448; x_wconf 80' lang='lat' dir='ltr'>Facius</span> <span class='ocrx_word' id='word_1_531' title='bbox 1973 4393 2127 4446; x_wconf 87' lang='lat' dir='ltr'>haud</span> <span class='ocrx_word' id='word_1_532' title='bbox 2156 4392 2363 4446; x_wconf 78' lang='lat' dir='ltr'>multos</span> <span class='ocrx_word' id='word_1_533' title='bbox 2391 4395 2521 4461; x_wconf 87' lang='lat' dir='ltr'>post</span> <span class='ocrx_word' id='word_1_534' title='bbox 2547 4389 2669 4444; x_wconf 88' lang='lat' dir='ltr'>obit</span> <span class='ocrx_word' id='word_1_535' title='bbox 2691 4390 2811 4460; x_wconf 84' lang='lat' dir='ltr'>ipse</span> <span class='ocrx_word' id='word_1_536' title='bbox 2839 4388 2975 4444; x_wconf 89' lang='lat' dir='ltr'>dies.</span> 
     </span>
    </p>
   </div>
   <div class='ocr_carea' id='block_1_11' title="bbox 412 4463 1687 4518">
    <p class='ocr_par' dir='ltr' id='par_1_14' title="bbox 412 4463 1687 4518">
     <span class='ocr_line' id='line_1_86' title="bbox 412 4463 1687 4518; baseline 0 -2"><span class='ocrx_word' id='word_1_537' title='bbox 412 4464 471 4518; x_wconf 89' lang='lat' dir='ltr'>L.</span> <span class='ocrx_word' id='word_1_538' title='bbox 499 4463 699 4516; x_wconf 79' lang='lat' dir='ltr'>Vallae</span> <span class='ocrx_word' id='word_1_539' title='bbox 728 4469 1102 4518; x_wconf 64' lang='lat' dir='ltr'>{medinm-um</span> <span class='ocrx_word' id='word_1_540' title='bbox 1142 4481 1239 4517; x_wconf 88' lang='lat' dir='ltr'>seu</span> <span class='ocrx_word' id='word_1_541' title='bbox 1281 4464 1687 4517; x_wconf 79' lang='lat' dir='ltr'>recriminatio·</span> 
     </span>
    </p>
   </div>
   <div class='ocr_carea' id='block_1_12' title="bbox 1827 4461 3020 4544">
    <p class='ocr_par' dir='ltr' id='par_1_15' title="bbox 1827 4461 3020 4544">
     <span class='ocr_line' id='line_1_87' title="bbox 1827 4461 3020 4544; baseline -0.005 -26"><span class='ocrx_word' id='word_1_542' title='bbox 1827 4469 1859 4532; x_wconf 77' lang='lat'>’)</span> <span class='ocrx_word' id='word_1_543' title='bbox 1889 4465 2038 4519; x_wconf 88' lang='lat' dir='ltr'>Hinc</span> <span class='ocrx_word' id='word_1_544' title='bbox 2076 4464 2493 4544; x_wconf 83' lang='lat' dir='ltr'>Baumgartner</span> <span class='ocrx_word' id='word_1_545' title='bbox 2530 4462 2598 4516; x_wconf 87' lang='lat' dir='ltr'>de</span> <span class='ocrx_word' id='word_1_546' title='bbox 2640 4477 2704 4514; x_wconf 91' lang='lat' dir='ltr'>eo</span> <span class='ocrx_word' id='word_1_547' title='bbox 2745 4461 2840 4524; x_wconf 84' lang='lat' dir='ltr'>IV,</span> <span class='ocrx_word' id='word_1_548' title='bbox 2883 4464 3020 4517; x_wconf 78' lang='lat'>489:</span> 
     </span>
    </p>
   </div>
   <div class='ocr_carea' id='block_1_13' title="bbox 406 4531 3020 4952">
    <p class='ocr_par' dir='ltr' id='par_1_16' title="bbox 406 4531 3020 4952">
     <span class='ocr_line' id='line_1_88' title="bbox 415 4531 3019 4600; baseline -0.002 -13"><span class='ocrx_word' id='word_1_549' title='bbox 415 4552 550 4588; x_wconf 89' lang='lat' dir='ltr'>num</span> <span class='ocrx_word' id='word_1_550' title='bbox 575 4535 636 4587; x_wconf 84' lang='lat' dir='ltr'>in</span> <span class='ocrx_word' id='word_1_551' title='bbox 653 4535 714 4587; x_wconf 87' lang='lat' dir='ltr'>B.</span> <span class='ocrx_word' id='word_1_552' title='bbox 732 4535 964 4588; x_wconf 84' lang='lat' dir='ltr'>Facium</span> <span class='ocrx_word' id='word_1_553' title='bbox 982 4537 1120 4589; x_wconf 86' lang='lat' dir='ltr'>etA.</span> <span class='ocrx_word' id='word_1_554' title='bbox 1141 4533 1685 4589; x_wconf 84' lang='lat' dir='ltr'>Panormitamll.IV</span> <span class='ocrx_word' id='word_1_555' title='bbox 1748 4538 1854 4589; x_wconf 90' lang='lat' dir='ltr'>Am</span> <span class='ocrx_word' id='word_1_556' title='bbox 1902 4535 2194 4589; x_wconf 83' lang='lat' dir='ltr'>weitesten</span> <span class='ocrx_word' id='word_1_557' title='bbox 2244 4537 2415 4600; x_wconf 81' lang='lat' dir='ltr'>(inter</span> <span class='ocrx_word' id='word_1_558' title='bbox 2465 4531 2822 4587; x_wconf 82' lang='lat' dir='ltr'>humanistas</span> <span class='ocrx_word' id='word_1_559' title='bbox 2862 4531 3019 4585; x_wconf 84' lang='lat' dir='ltr'>illius</span> 
     </span>
     <span class='ocr_line' id='line_1_89' title="bbox 411 4602 3020 4677; baseline -0.002 -17"><span class='ocrx_word' id='word_1_560' title='bbox 411 4606 582 4660; x_wconf 70' lang='lat' dir='ltr'>«inter</span> <span class='ocrx_word' id='word_1_561' title='bbox 626 4605 750 4675; x_wconf 86' lang='lat' dir='ltr'>ejus</span> <span class='ocrx_word' id='word_1_562' title='bbox 795 4623 887 4676; x_wconf 90' lang='lat' dir='ltr'>op.</span> <span class='ocrx_word' id='word_1_563' title='bbox 934 4625 988 4676; x_wconf 92' lang='lat' dir='ltr'>p.</span> <span class='ocrx_word' id='word_1_564' title='bbox 1030 4611 1178 4677; x_wconf 77' lang='lat'><strong>460).</strong></span> <span class='ocrx_word' id='word_1_565' title='bbox 1231 4606 1404 4659; x_wconf 81' lang='lat' dir='ltr'>Plura.</span> <span class='ocrx_word' id='word_1_566' title='bbox 1450 4606 1691 4674; x_wconf 85' lang='lat' dir='ltr'>reliquit</span> <span class='ocrx_word' id='word_1_567' title='bbox 1747 4608 2037 4677; x_wconf 87' lang='lat' dir='ltr'>temporis)</span> <span class='ocrx_word' id='word_1_568' title='bbox 2065 4607 2140 4659; x_wconf 89' lang='lat' dir='ltr'>ist</span> <span class='ocrx_word' id='word_1_569' title='bbox 2165 4606 2315 4659; x_wconf 84' lang='lat' dir='ltr'>wohl</span> <span class='ocrx_word' id='word_1_570' title='bbox 2338 4606 2400 4657; x_wconf 92' lang='lat' dir='ltr'>in</span> <span class='ocrx_word' id='word_1_571' title='bbox 2417 4603 2761 4657; x_wconf 85' lang='lat' dir='ltr'>schamloser</span> <span class='ocrx_word' id='word_1_572' title='bbox 2778 4602 3020 4656; x_wconf 84' lang='lat' dir='ltr'>Erneue·</span> 
     </span>
     <span class='ocr_line' id='line_1_90' title="bbox 414 4673 3017 4746; baseline -0.002 -16"><span class='ocrx_word' id='word_1_573' title='bbox 414 4694 616 4746; x_wconf 80' lang='lat' dir='ltr'>opera:</span> <span class='ocrx_word' id='word_1_574' title='bbox 647 4682 724 4732; x_wconf 76' lang='lat' dir='ltr'>De</span> <span class='ocrx_word' id='word_1_575' title='bbox 748 4683 1016 4732; x_wconf 76' lang='lat' dir='ltr'>humanae</span> <span class='ocrx_word' id='word_1_576' title='bbox 1041 4684 1174 4732; x_wconf 68' lang='lat' dir='ltr'>m&#39;tae</span> <span class='ocrx_word' id='word_1_577' title='bbox 1198 4682 1448 4745; x_wconf 75' lang='lat' dir='ltr'>felicitate</span> <span class='ocrx_word' id='word_1_578' title='bbox 1459 4698 1479 4742; x_wconf 87' lang='lat'>,·</span> <span class='ocrx_word' id='word_1_579' title='bbox 1516 4681 1578 4731; x_wconf 84' lang='lat' dir='ltr'>de</span> <span class='ocrx_word' id='word_1_580' title='bbox 1603 4699 1686 4731; x_wconf 68' lang='lat' dir='ltr'>esr-</span> <span class='ocrx_word' id='word_1_581' title='bbox 1742 4695 1892 4746; x_wconf 87' lang='lat' dir='ltr'>rung</span> <span class='ocrx_word' id='word_1_582' title='bbox 1918 4678 2015 4731; x_wconf 92' lang='lat' dir='ltr'>des</span> <span class='ocrx_word' id='word_1_583' title='bbox 2042 4677 2415 4731; x_wconf 87' lang='lat' dir='ltr'>Heidentums</span> <span class='ocrx_word' id='word_1_584' title='bbox 2433 4676 2491 4729; x_wconf 89' lang='lat' dir='ltr'>L.</span> <span class='ocrx_word' id='word_1_585' title='bbox 2515 4673 2678 4727; x_wconf 80' lang='lat' dir='ltr'>Valla</span> <span class='ocrx_word' id='word_1_586' title='bbox 2703 4691 2887 4744; x_wconf 77' lang='lat' dir='ltr'>geg-an</span> <span class='ocrx_word' id='word_1_587' title='bbox 2931 4690 3017 4731; x_wconf 81' lang='lat' dir='ltr'>en,</span> 
     </span>
     <span class='ocr_line' id='line_1_91' title="bbox 411 4743 3019 4818; baseline -0.003 -15"><span class='ocrx_word' id='word_1_588' title='bbox 411 4753 638 4804; x_wconf 76' lang='lat' dir='ltr'>cellentia</span> <span class='ocrx_word' id='word_1_589' title='bbox 667 4759 714 4802; x_wconf 83' lang='lat' dir='ltr'>et</span> <span class='ocrx_word' id='word_1_590' title='bbox 723 4754 1064 4818; x_wconf 73' lang='lat' dir='ltr'>praestantia</span> <span class='ocrx_word' id='word_1_591' title='bbox 1083 4754 1328 4818; x_wconf 56' lang='lat' dir='ltr'>hominis,</span> <span class='ocrx_word' id='word_1_592' title='bbox 1352 4749 1687 4803; x_wconf 80' lang='lat' dir='ltr'>Hannoviae</span> <span class='ocrx_word' id='word_1_593' title='bbox 1746 4750 1827 4802; x_wconf 72' lang='lat' dir='ltr'>Of.</span> <span class='ocrx_word' id='word_1_594' title='bbox 1856 4749 2059 4802; x_wconf 91' lang='lat' dir='ltr'>Wurm</span> <span class='ocrx_word' id='word_1_595' title='bbox 2087 4749 2199 4807; x_wconf 85' lang='lat' dir='ltr'>KL.</span> <span class='ocrx_word' id='word_1_596' title='bbox 2218 4743 2897 4812; x_wconf 70' lang='lat' dir='ltr'>X11‚563—566‚ubidici</span> <span class='ocrx_word' id='word_1_597' title='bbox 2928 4761 3019 4797; x_wconf 85' lang='lat' dir='ltr'>ur:</span> 
     </span>
     <span class='ocr_line' id='line_1_92' title="bbox 407 4815 3018 4888; baseline -0.003 -13"><span class='ocrx_word' id='word_1_598' title='bbox 407 4825 550 4877; x_wconf 61' lang='grc'><strong>«1611</strong></span> <span class='ocrx_word' id='word_1_599' title='bbox 572 4842 582 4875; x_wconf 88' lang='lat'>:</span> <span class='ocrx_word' id='word_1_600' title='bbox 605 4825 1045 4875; x_wconf 51' lang='lat' dir='ltr'>Historiarum&amp;</span> <span class='ocrx_word' id='word_1_601' title='bbox 1062 4826 1432 4875; x_wconf 74' lang='lat' dir='ltr'>chronicorum</span> <span class='ocrx_word' id='word_1_602' title='bbox 1453 4827 1684 4888; x_wconf 76' lang='lat' dir='ltr'>epitome,</span> <span class='ocrx_word' id='word_1_603' title='bbox 1747 4820 1856 4873; x_wconf 86' lang='lat' dir='ltr'>Der</span> <span class='ocrx_word' id='word_1_604' title='bbox 1883 4819 2223 4888; x_wconf 78' lang='lat' dir='ltr'>eigentliche</span> <span class='ocrx_word' id='word_1_605' title='bbox 2252 4816 2614 4887; x_wconf 84' lang='lat' dir='ltr'>Sturmvogel</span> <span class='ocrx_word' id='word_1_606' title='bbox 2655 4816 2754 4868; x_wconf 88' lang='lat' dir='ltr'>der</span> <span class='ocrx_word' id='word_1_607' title='bbox 2780 4815 3018 4870; x_wconf 80' lang='lat' dir='ltr'>literari-</span> 
     </span>
     <span class='ocr_line' id='line_1_93' title="bbox 406 4889 2306 4952; baseline 0.002 -10"><span class='ocrx_word' id='word_1_608' title='bbox 406 4892 668 4946; x_wconf 76' lang='lat' dir='ltr'>.Venetiis</span> <span class='ocrx_word' id='word_1_609' title='bbox 695 4896 864 4950; x_wconf 79' lang='lat'>1533:</span> <span class='ocrx_word' id='word_1_610' title='bbox 893 4897 957 4946; x_wconf 79' lang='lat' dir='ltr'>de</span> <span class='ocrx_word' id='word_1_611' title='bbox 978 4898 1113 4946; x_wconf 71' lang='lat' dir='ltr'>viris</span> <span class='ocrx_word' id='word_1_612' title='bbox 1133 4920 1145 4947; x_wconf 65' lang='grc' dir='ltr'>,ε</span> <span class='ocrx_word' id='word_1_613' title='bbox 1165 4899 1222 4945; x_wconf 84' lang='lat' dir='ltr'>ui</span> <span class='ocrx_word' id='word_1_614' title='bbox 1239 4895 1687 4952; x_wconf 71' lang='lat' dir='ltr'>amiillustribus,</span> <span class='ocrx_word' id='word_1_615' title='bbox 1746 4892 1913 4945; x_wconf 87' lang='lat' dir='ltr'>schen</span> <span class='ocrx_word' id='word_1_616' title='bbox 1945 4889 2306 4945; x_wconf 82' lang='lat' dir='ltr'>Revolution.</span> 
     </span>
    </p>
   </div>
  </div>
 </body>
</html>
