3475 5364
612 362 733 415 327
1207 347 1577 399 1251—1275.
1604 341 1914 411 Theologia.
1940 342 2111 397 schol.
2140 342 2194 399 S.
2222 342 2640 401 Bonaventura.
3137 354 3277 411 328

481 537 488 544 ’
608 531 760 588 tium
799 530 973 605 juxta
1012 529 1267 588 editores
1309 529 1748 588 recentissimos
1793 530 1889 588 vix
1944 531 2316 588 conscientiae
2345 547 2451 588 seu
2471 528 2782 603 speculum
2812 527 3100 594 animae3
3140 524 3280 583 Ea:-

609 619 752 676 satis
783 617 1086 677 aestimari
1118 621 1333 694 potest,
1371 638 1503 677 cum
1519 623 1706 677 totam
1723 619 1889 677 theo·
1940 622 2154 693 positio
2186 621 2410 678 missac.
2454 651 2541 660 —
2589 618 2760 676 Certo
2805 616 3017 691 spuria
3074 618 3276 674 sunt:

608 708 824 784 logiam
855 708 1165 782 mysticam
1186 708 1247 765 in
1267 708 1478 767 nucleo
1511 708 1889 782 comprehen-
1945 707 2395 769 Confessionale.
2429 706 2503 765 de
2535 711 2762 782 septem
2795 705 3146 764 itineribus
3172 723 3279 762 ae·

608 797 709 854 dat
740 799 802 854 et
824 798 962 871 jure
993 796 1249 854 alterum
1299 796 1592 871 quoddam
1626 798 1887 856 Brevilo-
1944 798 2263 857 ternitatis.
2300 797 2583 856 stimulus
2612 795 2848 862 amoris»,
2883 794 3085 853 biblia
3107 811 3278 867 pau·

607 887 832 961 quium,
913 885 1245 962 theologiae
1307 904 1427 943 non
1488 886 1887 955 scholasticae,
1945 906 2172 961 perum.
2206 887 2404 945 diaeta
2444 884 2674 953 salutis,
2722 883 3039 959 speculum
3080 883 3152 941 b.
3192 880 3278 939 Η.

607 974 709 1032 sed
756 974 1038 1050 mysticae
1087 975 1278 1033 vocari
1324 976 1528 1050 possit.
1563 1009 1650 1020 —-
1682 976 1887 1034 Solilo·
1950 976 2043 1044 V.;
2077 975 2372 1053 theologia
2416 974 2683 1051 mystica,
2734 973 2807 1031 de
2839 972 3018 1032 modo
3056 972 3273 1031 eonfi-

607 1066 808 1140 qm'um
858 1082 963 1138 per
1007 1063 1250 1122 modum
1296 1065 1603 1139 cujusdam
1651 1064 1885 1142 dialogi,
1944 1064 2108 1123 tendi
2141 1074 2201 1123 et
2231 1066 2303 1124 de
2334 1064 2600 1140 puritate
2631 1062 3043 1132 conscientiae,
3082 1059 3274 1135 quod

605 1153 668 1210 in
699 1171 817 1227 quo
870 1152 1065 1210 anima
1112 1153 1341 1223 devota,
1394 1154 1662 1212 veritatis
1696 1159 1888 1213 aeter-
1943 1157 2034 1212 est
2065 1154 2350 1213 Matthaei
2396 1174 2431 1213 a
2462 1152 2741 1213 Cracovia
2786 1149 2847 1229 (†
2887 1149 3129 1226 141‹·);
3188 1149 3271 1207 de

604 1260 714 1300 nae
745 1240 1056 1316 discipula.
1092 1242 1433 1301 meditando
1465 1243 1798 1319 interrogat
1828 1247 1890 1301 et
1945 1248 2173 1319 septem
2205 1244 2490 1319 gradibus
2508 1239 3054 1316 contemplationis,
3087 1239 3267 1297 Pha-

605 1332 777 1390 homo
854 1330 1100 1389 interior
1175 1332 1516 1390 mentaliter
1592 1332 1887 1407 loquendo
1943 1336 2106 1391 retra
2136 1338 2245 1394 etc.
2280 1333 2579 1408 Opuscula
2610 1349 2781 1405 saepe
2801 1329 3267 1404 prodieruntet

603 1419 918 1496 respondet
958 1417 1069 1500 (ita
1099 1420 1163 1478 in
1194 1422 1342 1495 prol.
1376 1440 1432 1479 n.
1468 1426 1591 1495 4).‘
1626 1455 1712 1466 -
1748 1422 1885 1499 Liq-
1943 1423 2180 1480 seorsim
2232 1426 2293 1480 et
2342 1421 2653 1489 collectim,
2700 1418 3088 1498 (theologica)
3132 1416 3262 1475 Ve-

602 1527 744 1567 num
776 1510 938 1584 vitae,
974 1509 1130 1582 quod
1164 1510 1578 1584 complectitur
1607 1512 1733 1587 pias
1765 1529 1886 1570 me·
1941 1512 2118 1569 netiis
2162 1520 2324 1575 1572
2359 1515 2402 1569 t.
2440 1520 2475 1574 2
2510 1512 2573 1569 in
2605 1509 2675 1578 s.;
2709 1507 2992 1584 Lugduni
3039 1516 3256 1575 1647;

602 1597 922 1657 ditationes
956 1598 1028 1654 da
1062 1598 1187 1655 vita
1215 1602 1276 1657 et
1295 1599 1567 1674 passione
1589 1597 1883 1677 Christil).
1943 1596 2244 1681 (ascetica)
2323 1599 2666 1660 Monasterii
2753 1604 2909 1659 1881
2936 1617 2949 1665 ;
3033 1596 3257 1654 decem

607 1721 687 1731 —-
723 1686 811 1744 De
831 1688 1181 1761 perfectione
1224 1690 1373 1746 vitae
1412 1688 1483 1747 ad
1518 1707 1765 1748 sorores.
1804 1724 1886 1735 —
1941 1688 2265 1759 Quaracchi
2307 1700 2469 1753 1896
2503 1690 2567 1746 in
2609 1698 2701 1750 16.
2733 1686 2961 1744 Ibidem
2999 1684 3252 1760 prodie-

604 1777 691 1835 De
720 1795 822 1835 sex
850 1776 963 1833 alis
985 1775 1308 1855 Seraphim,
1341 1778 1500 1852 quod
1533 1780 1883 1853 opusculum
1940 1784 2086 1836 runt
2117 1779 2296 1837 etiam
2332 1780 2416 1837 De
2445 1780 2740 1837 humanae
2756 1777 3105 1852 monitionis
3123 1793 3243 1833 ra·

605 1865 892 1942 supponit
936 1883 1057 1923 non
1099 1870 1335 1924 tantum
1382 1867 1708 1926 doctrinam
1744 1887 1881 1926 con·
1940 1870 2089 1926 tione
2120 1868 2405 1926 anecdota
2436 1866 2726 1941 quaedam
2770 1864 3066 1939 seraphici
3094 1863 3242 1922 doe-

603 1958 974 2021 summatam,
1009 1953 1112 2012 sed
1133 1956 1310 2013 etiam
1342 1954 1623 2032 longioris
1642 1958 1882 2034 regimi-
1938 1957 2085 2015 toris
2119 1976 2161 2015 s.
2195 1959 2647 2016 Bonaventurae
2691 1958 2754 2012 et
2795 1953 3242 2012 nonnullorum

602 2044 696 2101 nis
728 2043 1151 2118 experientiam
1202 2044 1370 2103 valde
1401 2051 1724 2113 maturam;
1759 2047 1882 2105 uti·
1941 2046 2127 2123 ipsius
2158 2046 2581 2121 discipulorum
2632 2040 2812 2126 (eard.
2850 2040 3233 2101 Matthaei

601 2152 738 2190 nam
781 2132 931 2189 illud
980 2132 1194 2191 diurna
1243 2138 1650 2208 nocturnaque
1701 2155 1884 2194 manu
1942 2135 2016 2193 ab
2049 2138 2441 2211 Aquasparta,
2490 2134 2581 2194 Jo.
2628 2131 3047 2195 Pecchami,
3095 2129 3235 2189 Eu-

599 2226 941 2279 versaretur
986 2241 1019 2279 a
1065 2222 1322 2281 subditis
1354 2227 1535 2297 atque
1582 2224 1882 2298 praelatis.
1940 2225 2256 2293 stachii,
2306 2223 2665 2283 Rocherii
2717 2220 2971 2296 Anglici,
3027 2219 3230 2278 Rich.

602 2310 882 2384 Quisquis
914 2310 986 2368 ad
1031 2311 1242 2385 ipsum·
1273 2330 1399 2370 sese
1444 2313 1703 2389 exegerit
1748 2332 1881 2373 cum
1940 2334 1975 2371 a
2025 2310 2400 2387 Mediavilla)‚
2452 2313 2528 2370 ib.
2592 2319 2772 2375 1883.
2840 2309 3091 2384 Adjecta
3138 2311 3231 2366 est

599 2405 800 2458 sancto
819 2404 1059 2457 sanctus
1076 2401 1204 2457 etit.
1239 2402 1510 2459 Alterum
1527 2403 1881 2477 opusculum
1938 2403 2093 2468 diss„
2129 2421 2251 2478 qua
2270 2403 2534 2479 genuina
2551 2420 2594 2460 s.
2615 2402 3073 2459 Bonaventurae
3090 2396 3228 2456 doc·

599 2488 951 2565 inscriptum
1004 2490 1072 2545 de
1119 2507 1221 2547 sex
1270 2491 1382 2548 alis
1438 2490 1747 2549 Cherubim
1794 2496 1885 2551 est
1940 2492 2100 2550 trina
2132 2492 2469 2551 luculenter
2491 2490 2828 2549 vindicatur
2858 2487 2933 2546 ab
2966 2488 3226 2546 erroneis

599 2577 993 2653 suppositum.
1041 2612 1125 2619 —-
1187 2578 1335 2636 Vitis
1382 2582 1620 2653 mystica
1651 2581 1776 2639 sive
1811 2587 1880 2638 tr.
1938 2581 2433 2657 ontologistarum
2455 2578 2903 2645 assertionibus,
2937 2579 3000 2634 et
3032 2580 3225 2635 osten-

569 2680 574 2686 ’
601 2666 672 2726 de
704 2666 977 2742 passione
1009 2667 1263 2729 Domini.
1312 2689 1354 2726 s.
1387 2669 1689 2729 Bernardo
1734 2671 1882 2729 alias
1937 2671 2119 2741 ditur,
2153 2669 2442 2746 principia
2471 2689 2514 2729 s.
2548 2668 2803 2728 doctoris
2835 2666 3062 2742 optime
3090 2684 3224 2724 con·

601 2755 997 2831 suppositum,
1033 2757 1105 2814 ab
1137 2757 1273 2815 aliis
1308 2758 1762 2834 interpolatum.
1797 2761 1881 2818 Ex
1938 2760 2137 2818 venire
2172 2779 2304 2818 cum
2354 2759 2625 2818 doctrina
2654 2756 2907 2834 angelici
2953 2755 3222 2817 doctoris

598 2845 707 2902 hoc
738 2845 1024 2916 opusculo
1044 2846 1392 2921 desumptae
1424 2851 1566 2905 sunt
1595 2849 1881 2908 lectiones
1940 2849 2185 2924 Scripsit
2216 2852 2278 2907 et
2308 2849 2343 2906 1.
2374 2848 2503 2924 Ign.
2533 2848 2573 2906 J
2588 2847 2786 2907 eiler
2829 2845 2891 2904 S.
2924 2845 3222 2904 Bonam·

599 2934 886 2993 Breviarii
922 2943 975 2995 2.
999 2934 1292 2992 Nocturni
1310 2935 1372 2994 in
1392 2937 1561 2994 festis
1583 2956 1652 2996 ss.
1677 2938 1881 2996 Cordis
1937 2946 2108 2996 turae
2127 2939 2436 3016 principia
2483 2939 2554 2996 de
2603 2953 2886 2995 concursu
2917 2934 3033 2992 Dei
3060 2950 3222 3009 yene-

597 3023 747 3081 Jesu
779 3026 839 3080 et
872 3040 946 3080 ss.
979 3023 1293 3100 plagarum
1309 3025 1374 3084 D.
1395 3026 1465 3083 N.
1485 3025 1541 3083 J.
1563 3026 1773 3085 Christ.
1794 3062 1881 3071 -—-
1936 3028 2054 3085 roli
2086 3028 2159 3085 ad
2194 3028 2451 3085 actiones
2485 3044 2798 3086 causarum
2829 3022 3222 3081 secundarum

599 3112 783 3169 Plura
815 3113 1103 3187 opuscula
1135 3113 1372 3188 scripsit
1405 3133 1510 3188 pro
1541 3116 1881 3176 defensione
1937 3116 2180 3175 collecta
2224 3119 2286 3174 et
2318 3135 2360 3174 s.
2394 3115 2651 3175 Thomae
2693 3113 2973 3173 doctrina
3015 3111 3222 3171 confir-

597 3200 819 3259 ordinis
881 3202 1228 3276 praesertim
1292 3207 1497 3261 contra
1547 3205 1700 3265 Guil.
1756 3225 1789 3263 a
1835 3223 1877 3263 s.
1937 3208 2097 3263 mata
2138 3216 2319 3270 1897.
2353 3238 2441 3250 -—
2472 3204 2737 3279 Reliquit
2767 3222 2810 3260 s,
2844 3201 3060 3262 doctor
3089 3201 3222 3277 plu-

600 3294 812 3348 Amore
834 3289 930 3368 (cf.
964 3307 1144 3366 supra
1166 3311 1222 3366 p.
1243 3300 1366 3354 309
1389 3295 1483 3366 a.),
1519 3296 1588 3351 ut
1603 3294 1880 3360 Quaestio
1935 3295 2113 3353 rimos
2146 3295 2327 3352 etiam
2355 3309 2666 3364 sermones,
2718 3297 2848 3351 erat
2892 3291 3055 3351 enim
3089 3309 3215 3348 con·

597 3379 670 3436 de
710 3386 1062 3453 paupertate
1093 3413 1178 3424 --
1212 3377 1268 3438 A
1269 3382 1503 3459 poloyia
1540 3401 1879 3456 pauperum
1936 3383 2203 3441 cionator
2263 3383 2785 3458 praeclarissimus,
2855 3379 2963 3455 qui
3027 3397 3221 3440 coram

599 3468 830 3541 prolixa
850 3501 934 3512 --
959 3469 1041 3526 De
1073 3470 1201 3545 ejus
1219 3470 1489 3546 Leyenda
1507 3490 1552 3534 s.
1575 3472 1881 3530 From-ieci
1936 3473 2125 3530 omnis
2176 3473 2409 3549 generis
2460 3471 2747 3546 personis,
2813 3486 3017 3529 coram
3081 3487 3219 3527 rom.

596 3558 736 3616 stilo
769 3558 943 3633 plane
979 3558 1236 3617 mirabili
1258 3561 1594 3635 conscripta
1616 3563 1741 3635 jam
1775 3580 1877 3620 su·
1934 3562 2227 3636 pontifice,
2308 3560 2706 3619 cardinalibus
2785 3562 2847 3617 et
2913 3558 3219 3633 episcopis,

595 3666 702 3721 pra
734 3647 970 3723 egimus.
1007 3647 1088 3704 Ex
1107 3668 1177 3706 ea
1192 3648 1514 3707 delerivata
1531 3653 1626 3709 est
1644 3651 1876 3727 leyenda
1933 3649 2244 3709 academiis
2264 3654 2325 3708 et
2342 3650 2583 3708 familiis
2614 3647 2922 3725 religiosis,
2956 3646 3150 3706 doctis
3163 3649 3222 3704 et

595 3738 786 3814 vm'no(⁴
847 3735 1173 3794 distributa
1231 3738 1295 3797 in
1358 3741 1583 3813 septem
1647 3740 1874 3810 mulce,
1931 3739 2185 3798 indoctis
2252 3740 2561 3815 praeconis
2630 3736 2935 3814 apostolici
2999 3753 3219 3794 munus

577 3825 850 3898 'quarum
886 3825 1115 3901 singuli
1137 3826 1354 3884 habent
1368 3845 1581 3886 novem
1605 3829 1874 3890 lotiones,
1933 3829 2118 3887 obivit
2150 3829 2348 3887 fructu
2379 3832 2442 3887 et
2469 3847 2661 3904 pausu
2694 3826 3032 3885 laetissimo.
3081 3824 3218 3882 Pro-

595 3933 745 3988 quae
790 3914 1044 3972 durante
1077 3914 1296 3972 Octava
1341 3917 1473 3974 festi
1505 3935 1546 3973 s,
1581 3918 1624 3974 F
1627 3918 1876 3976 rancisci
1932 3917 2172 3976 dierunt
2202 3937 2389 3992 saepe,
2424 3916 2526 3975 sed
2561 3916 2801 3992 plurimi
2829 3915 2943 3973 sub
2965 3913 3098 3988 ejus
3118 3932 3218 3971 no-

592 4002 657 4060 in
705 4001 896 4061 officio
942 4003 1146 4060 divino
1194 4005 1525 4063 recitandae
1570 4010 1754 4065 erant.
1790 4041 1876 4050 —-
1931 4007 2089 4065 mine
2123 4007 2264 4064 editi
2297 4010 2440 4064 sunt
2471 4005 2779 4082 suppositi.
2840 4004 2934 4061 Ita
2964 4021 3036 4060 ex
3073 4011 3213 4068 398,

593 4091 856 4148 Plurima
904 4094 1104 4150 antem
1155 4094 1440 4168 opuscula
1489 4095 1663 4174 (forte
1715 4096 1876 4154 ultra
1930 4114 2081 4169 quos
2114 4095 2350 4154 exhibet
2372 4096 2459 4153 ed.
2486 4096 2749 4154 vaticana
2769 4113 2817 4152 a.
2848 4091 3211 4160 lssstlu„

594 4177 858 4260 centum)
894 4180 950 4238 ei
980 4180 1144 4240 fuere
1177 4183 1486 4258 supposita
1517 4186 1611 4242 vel
1644 4203 1712 4242 ex
1746 4186 1876 4259 ejus
1930 4185 2186 4244 editores
2235 4185 2592 4243 recentiores
2646 4187 3023 4260 agnoverunt
3084 4185 3212 4239 tan·

593 4269 871 4344 operibus
905 4270 1183 4346 genuinis
1235 4273 1567 4348 compilata,
1611 4274 1704 4331 vel
1758 4275 1873 4332 sal·
1928 4277 2059 4331 tum
2098 4284 2176 4337 53
2212 4274 2517 4351 genuinos.
2584 4273 2805 4331 Eorum
2852 4275 3057 4328 tamen
3089 4269 3210 4328 loco

591 4363 712 4416 tem
790 4358 975 4417 dubia
1051 4363 1211 4427 sunt,
1291 4365 1363 4418 ut
1428 4361 1870 4439 Centiloquium‚
1931 4363 2245 4422 sedulitate
2296 4381 2402 4421 sua
2450 4362 2739 4420 indefessa
2789 4359 2932 4419 alios
2993 4359 3208 4417 multos

592 4447 876 4528 Stimulus
924 4451 1161 4524 amoris,
1198 4449 1504 4523 Speculum
1534 4450 1875 4527 disciplinae
1930 4456 2280 4527 repererunt
2311 4452 2615 4528 genuinos.
2679 4450 2765 4508 Ex
2798 4448 3096 4508 codicibus
3131 4456 3200 4509 65

591 4537 663 4594 ad
713 4538 987 4604 novitios,
1042 4538 1201 4613 quod
1247 4539 1484 4598 videtur
1529 4559 1653 4600 esse
1703 4542 1873 4599 Ber·
1928 4560 1963 4598 a
1994 4560 2054 4600 se
2086 4542 2355 4617 expensis
2386 4541 2661 4599 editionis
2691 4558 2836 4599 suae
2867 4543 2910 4595 t.
2930 4537 3029 4596 lx.
3062 4537 3203 4595 inse·

590 4626 812 4684 nardi
843 4645 877 4684 a
904 4627 1096 4696 Bessa,
1119 4627 1190 4686 de
1210 4647 1327 4710 quo
1346 4629 1531 4698 infra3
1568 4630 1874 4704 Speculum
1927 4649 2055 4688 rere
2087 4634 2415 4706 potuerunt
2448 4640 2525 4691 47
2540 4641 2594 4698 5,
2642 4647 2894 4704 quorum
2941 4627 3044 4685 alii
3075 4621 3200 4706 (53)

1930 4739 2113 4777 manu
2146 4720 2273 4795 ipsa
2304 4738 2346 4778 s.
2384 4720 2839 4777 Bonaventurae
2871 4716 3197 4776 summatim

669 4839 703 4898 ι)
734 4831 954 4887 pmdfit
992 4835 1163 4902 hujus
1205 4849 1399 4902 opusc·
1447 4835 1626 4889 versio
1655 4851 1872 4905 germ&
1930 4813 2071 4866 sunt
2102 4808 2434 4908 conscripti,
2462 4807 2593 4907 ‘alii
2644 4807 2718 4876 ab
2763 4807 2893 4907 ejus
2928 4802 3197 4865 auditori-

592 4903 716 4957 nica
745 4904 1182 4974 Friburgi1888
1209 4905 1295 4960 ed.
1323 4911 1372 4960 2.
1929 4898 2041 4955 bus
2082 4897 2270 4956 literis
2319 4897 2666 4974 consignati,
2719 4897 2849 4956 alus
2899 4898 3041 4956 sunt
3086 4911 3193 4951 ser·
