3475 5364
515 391 536 442 1
554 391 586 443 5
599 389 630 442 7
643 393 676 443 9
1160 368 1501 440 Theologiae
1523 369 1693 425 medii
1720 369 1845 423 aevi
1876 368 2059 423 brevis
2086 370 2438 437 conspectus.
2970 385 2989 434 1
3011 383 3042 435 5
3055 383 3090 433 8
3102 378 3136 423 0

505 560 872 635 detemptim‚
938 577 1070 617 cum
1134 558 1398 634 theologi
1450 557 1787 617 scholastici
1844 558 2264 634 archaeologia,
2300 555 2567 631 liturgia,
2618 557 2750 612 acta
2782 557 3134 630 martyrum,

505 668 641 708 vere
673 649 939 724 insignes
961 651 1162 723 postea
1192 647 1385 706 rarius
1406 648 1791 707 inveniantur
1844 667 2022 722 opera
2066 647 2325 723 genuina
2369 648 2430 703 et
2475 645 2706 702 sincera
2749 658 2988 720 patrum
3026 646 3140 701 etc.

507 740 668 814 iique
701 741 794 796 sat
825 738 1018 814 longis
1052 736 1384 795 intervallis
1430 737 1503 794 ab
1536 737 1788 795 invicem
1846 737 2155 796 Rationem
2191 734 2405 794 habeas
2441 743 2495 795 4.
2543 736 2636 792 tot
2666 732 3135 808 disciplinarum,

507 827 716 886 dissiti.
739 828 1005 885 Potiores
1023 826 1176 885 forte
1209 830 1385 885 suut:
1421 828 1686 885 Petrus
1718 827 1791 885 de
1847 846 1999 902 quae
2031 843 2184 884 novo
2216 823 2416 884 studio
2451 844 2486 882 a
2517 842 2627 881 sec.
2661 821 2809 881 XVI.
2830 866 2842 889 ,
2898 821 3141 897 speciali

506 917 849 975 Tarantasia
901 914 1307 997 (Innocentius
1359 915 1424 974 V.
1476 914 1511 982 †
1574 912 1788 995 1276),
1847 915 2190 991 diligentia,
2258 914 2575 991 sagacitate
2626 912 2921 989 singulari
2970 910 3139 970 fuere

507 1005 898 1065 Henricus
934 1004 1323 1081 gandavensis
1348 1002 1408 1085 (†
1432 1002 1646 1085 1293),
1682 1005 1791 1063 Bi·
1847 1005 2130 1076 excultae,
2183 1007 2245 1062 et
2292 1022 2359 1062 ex
2392 1002 2614 1078 quibua
2651 1002 2862 1079 ingens
2906 1001 2971 1059 111
3003 1001 3142 1058 uni-

510 1114 540 1153 c
558 1096 641 1154 ha
661 1096 794 1153 rdu
812 1112 838 1153 3
871 1094 944 1153 de
975 1093 1315 1152 Mediavilla
1348 1092 1408 1175 (†
1438 1093 1652 1175 1307),
1685 1095 1722 1153 J
1728 1114 1791 1153 o·
1848 1113 2077 1153 versam
2099 1092 2460 1169 theologiam
2494 1091 2887 1167 dogmaticam
2909 1089 2981 1149 ad
3002 1108 3140 1165 pro-

506 1203 687 1244 annes
708 1186 755 1243 D
773 1204 870 1243 un
888 1202 914 1241 s
949 1184 985 1241 S
1004 1204 1034 1242 c
1050 1186 1196 1242 otus
1217 1178 1277 1264 (†
1307 1181 1519 1262 1308),
1557 1187 1605 1243 Α
1624 1204 1654 1243 e
1672 1185 1743 1260 gi
1768 1218 1791 1229 -
1847 1184 2089 1253 baudas,
2125 1182 2531 1250 illustrandae,
2574 1180 2834 1240 tuendas
2867 1179 3002 1238 fidei
3036 1198 3139 1237 ve-

506 1274 687 1333 dius
738 1273 810 1331 de
861 1273 1145 1333 Columna
1203 1268 1263 1353 (†
1303 1271 1515 1354 1316),
1580 1276 1794 1333 Petrus
1848 1274 2056 1331 ritates
2087 1272 2386 1331 redundat
2431 1270 2667 1329 utilitas
2698 1288 2972 1344 novaque
3004 1268 3141 1328 luce

505 1363 829 1422 Aureoli
865 1358 928 1443 (†
987 1358 1195 1443 1322),
1230 1362 1579 1422 Franciscus
1611 1365 1793 1439 May·
1851 1362 2296 1437 perfunduntur
2316 1361 2609 1437 dogmata.
2632 1358 2940 1435 Ejusmodi
2961 1358 3142 1416 disci-

506 1472 644 1511 ron
675 1450 921 1532 (1327),
956 1451 1289 1510 Guilelmus
1321 1451 1408 1510 de
1441 1452 1795 1512 Rubione
1851 1452 2045 1526 plinae
2078 1455 2222 1510 sunt
2266 1449 2628 1508 introductio
2676 1452 2797 1507 tam
2842 1448 3141 1525 generalis

511 1540 589 1621 (fl.
614 1536 829 1623 1333),
851 1541 1062 1599 Petrus
1077 1539 1447 1600 Paludanu
1465 1538 1556 1622 s(†
1575 1553 1597 1604 1
1617 1538 1791 1622 342),
1851 1559 2027 1615 quam
2062 1540 2335 1616 specialis
2368 1539 2433 1598 in
2478 1557 2523 1597 s.
2558 1539 2919 1614 Scripturam
2941 1582 2954 1607 ,
3003 1537 3140 1595 her-

508 1632 768 1690 Joannes
801 1631 871 1688 de
902 1631 1149 1689 Bacon
1184 1624 1243 1709 (†
1283 1633 1495 1711 1346),
1534 1632 1794 1708 Grego·
1856 1630 2207 1713 meneutica,
2231 1627 2652 1704 archaeologia,
2675 1626 3023 1703 patrologia,
3046 1626 3140 1684 hi-

509 1721 673 1779 rius
705 1718 1101 1777 Ariminensis
1136 1715 1196 1801 (†
1236 1716 1448 1802 1358),
1496 1722 1794 1780 Thomas
1852 1719 2035 1778 storia
2086 1717 2475 1778 ecclesiastica
2530 1717 2604 1776 ad
2656 1735 2892 1775 omnem
2941 1720 3145 1774 exacta

517 1808 849 1867 Waldensis
885 1804 944 1887 (†
971 1804 1183 1888 1430),
1207 1808 1468 1868 Joannes
1500 1811 1796 1885 Capreo·
1850 1811 2037 1866 artem
2082 1808 2346 1867 criticam
2393 1809 2500 1865 etc.
2579 1805 2914 1864 Memineris
2957 1806 3140 1864 etiam

514 1900 632 1957 lus
667 1892 730 1979 (†
770 1893 982 1978 1444),
1031 1897 1312 1956 Nioolaus
1343 1898 1417 1957 de
1449 1898 1796 1957 Orbellis
1857 1907 1909 1959 5.
1944 1897 2133 1973 campi
2183 1895 2501 1973 theologici
2554 1895 3009 1971 amplitudinem
3062 1895 3141 1954 ob

510 1984 590 2067 (fl.
618 1982 831 2067 1465),
862 1986 1123 2044 Joannes
1155 1986 1659 2047 deTurrecrem
1679 1991 1797 2047 ata
1853 1986 2321 2045 adversariorum
2353 2003 2668 2044 numerum
2684 1985 2748 2043 in
2779 1985 3137 2042 immensum

509 2074 568 2157 (†
621 2072 812 2156 1468)
833 2120 846 2145 ,
913 2075 1346 2152 Dionysius
1407 2077 1794 2136 cartusianus
1851 2077 1971 2135 fere
2003 2075 2240 2134 dilatati
2270 2072 2334 2155 ¹),
2371 2077 2866 2151 argumentorum,
2901 2073 2973 2131 de
3004 2074 3138 2148 qui-

511 2163 572 2247 (†
656 2159 878 2247 1471),
958 2166 1138 2223 Β333
1159 2166 1378 2223 311011
1448 2163 1508 2247 (†
1581 2162 1793 2245 1472),
1852 2166 1965 2223 bus
1998 2164 2434 2240 disputandum
2465 2181 2598 2222 cum
2621 2163 2921 2222 acerrimis
2951 2162 3136 2221 hosti·

510 2254 745 2315 Gabriel
779 2255 825 2312 B
846 2254 948 2311 iel
984 2250 1043 2333 (†
1085 2248 1299 2336 1495).
1348 2256 1416 2314 111
1450 2255 1583 2314 31113
1616 2255 1792 2314 disci·
1853 2255 1981 2323 bus,
2018 2254 2238 2330 copiam
2273 2255 2592 2330 ingentem,
2627 2253 2832 2311 miram
2867 2252 3137 2327 disputa-

509 2344 705 2421 plinis,
740 2343 790 2401 si
813 2344 915 2418 J'us
946 2343 1288 2402 canonicum
1320 2345 1588 2421 excipias,
1636 2345 1794 2419 quod
1851 2344 2031 2402 tionis
2064 2344 2253 2419 ipsius
2285 2343 2630 2402 varietatem
2667 2345 2848 2417 atque
2880 2341 3137 2400 elastici-

506 2453 614 2511 per
645 2432 764 2491 duo
807 2432 1006 2491 secula
1054 2432 1370 2492 admodum
1417 2434 1650 2503 floruit,
1702 2434 1793 2491 in·
1850 2436 2036 2491 tatem
2067 2433 2142 2491 ob
2190 2432 2618 2492 multiformem
2663 2430 3137 2508 impugnationis

509 2525 878 2581 crementum
922 2520 1019 2579 vix
1069 2523 1350 2580 cernitur.
1400 2524 1649 2583 Demum
1682 2541 1795 2584 sec.
1852 2525 2054 2580 artem.
2122 2521 2536 2581 Laetissimum
2601 2521 2761 2579 hunc
2810 2520 3138 2597 profectum

512 2610 659 2671 XVI.
693 2611 937 2670 ineunte
971 2611 1239 2669 refloruit
1269 2612 1598 2691 theologiae
1631 2612 1796 2672 scho-
1852 2611 2084 2687 adjuvit
2136 2628 2275 2669 sane
2325 2629 2528 2669 recens
2572 2613 2807 2687 reperta
2855 2613 3138 2687 typogra-

510 2701 752 2760 lasticae
798 2701 1064 2759 studium
1110 2702 1450 2761 auctoribus
1493 2703 1554 2760 in
1585 2703 1796 2779 primis
1852 2702 2010 2778 phia,
2061 2701 2358 2778 promovit
2401 2720 2540 2777 prae
2586 2701 2794 2776 primis
2838 2704 3140 2775 tamquam

513 2790 798 2850 O.Praed.
834 2790 1138 2849 sodalibus
1170 2791 1460 2867 hispanis:
1494 2792 1796 2851 occasione
1855 2791 2123 2867 princeps
2155 2808 2329 2849 causa
2375 2790 2751 2865 providentia
2797 2808 2841 2848 3.
2879 2789 3141 2865 Spiritus

512 2899 649 2939 vero
699 2879 1074 2937 tristissimae
1125 2879 1473 2940 desectionis
1518 2881 1591 2938 ab
1638 2881 1799 2939 avita
1844 2881 2020 2955 juxta
2065 2880 2279 2938 Christi
2327 2880 2620 2954 promissa
2648 2879 2945 2937 Ecclesiae
2988 2898 3137 2937 sem·

511 2969 640 3038 fide,
675 2987 825 3043 quae
858 2987 924 3026 eo
957 2969 1155 3026 seculo
1204 2970 1479 3039 invaluit,
1529 2972 1589 3027 et
1634 2988 1793 3029 acce·
1853 2988 1958 3044 per
1993 2969 2329 3028 assistentis
2364 2973 2425 3027 et
2456 2969 2721 3027 docentis
2743 2987 2871 3026 earn
2904 2987 3137 3028 omnem

512 3059 688 3116 dente
720 3057 937 3115 efficaci
979 3057 1247 3132 impulsu
1292 3059 1526 3117 concilii
1572 3058 1797 3118 triden-
1853 3059 2196 3128 veritatem3
2249 3058 2612 3117 occasionem
2664 3061 2863 3117 autem
2914 3061 2976 3116 et
3024 3058 3137 3115 im-

512 3147 629 3206 tini
662 3146 976 3222 theologia,
1025 3165 1142 3221 qua
1173 3148 1291 3207 late
1323 3152 1509 3223 patet,
1552 3151 1671 3207 tam
1704 3168 1796 3206 ra·
1856 3148 2092 3224 pulsum
2127 3147 2603 3206 efficasissimum
2625 3147 2920 3205 dederunt
2951 3165 3139 3206 emer-

514 3236 697 3311 pidos‚
733 3236 917 3294 laetos
950 3235 1219 3312 latosque
1249 3237 1390 3296 fecit
1426 3255 1795 3314 progressus,
1852 3239 2058 3314 gentes
2080 3237 2345 3312 undique
2366 3237 2637 3295 haereses
2652 3241 2713 3294 et
2732 3255 2958 3295 errores
2966 3238 3141 3312 juxta

513 3328 583 3384 ut
631 3325 729 3383 vix
779 3324 920 3383 iniri
970 3326 1162 3400 possit
1225 3328 1588 3401 comparatio
1641 3327 1798 3385 inter
1855 3326 2004 3384 illud
2040 3344 2082 3383 3.
2116 3326 2583 3403 Augustini:
2634 3325 2769 3395 ,Ab
2801 3325 3139 3384 adversario

511 3417 840 3491 profectum
888 3415 1167 3475 scientiae
1214 3417 1572 3494 theologicae
1602 3415 1796 3475 medio
1854 3420 2015 3474 mota
2060 3415 2327 3491 quaestio
2378 3415 2639 3473 discendi
2691 3415 2924 3474 exstitit
2974 3432 3139 3473 occa-

512 3524 658 3564 aevo
691 3507 751 3563 et
771 3523 925 3575 eum,
959 3523 1135 3579 quem
1169 3506 1356 3564 veluti
1380 3505 1648 3565 manibus
1667 3507 1793 3581 pal-
1854 3505 1938 3563 sio
1957 3503 2068 3582 2).‘
2105 3505 2311 3580 Neque
2342 3523 2556 3580 parum
2602 3503 2843 3580 profuit,
2898 3509 2969 3562 ut
2998 3522 3137 3562 can-

425 3615 432 3621 ·
511 3612 722 3673 pamus
742 3594 1262 3670 seculissynodum
1278 3595 1793 3654 tridentinamim-
1853 3594 1988 3652 dide
2019 3594 2079 3651 id
2110 3595 2430 3662 fateamur,
2486 3595 2675 3669 major
2722 3611 3000 3652 concessa
3042 3594 3138 3652 vel

512 3685 765 3742 mediate
785 3684 1303 3759 consequentibus,
1337 3683 1428 3743 Ne
1460 3685 1604 3744 haec
1620 3683 1797 3761 e‘xag-
1855 3683 2140 3759 permissa
2183 3683 2457 3750 libertae,
2524 3684 2597 3742 ob
2647 3702 2825 3757 quam
2875 3683 3133 3758 theologi

512 3777 715 3846 gerata
747 3773 1065 3831 videantur
1097 3776 1159 3832 et
1189 3775 1360 3848 quasi
1408 3773 1482 3833 ad
1513 3774 1795 3832 invidiam
1852 3791 1971 3831 non
2004 3773 2259 3848 amplius
2292 3772 2657 3848 cogebantur
2676 3772 2819 3831 adeo
2842 3771 3142 3831 serviliter

513 3863 671 3921 dicta
718 3862 895 3920 medii
946 3862 1107 3932 aevi,
1161 3863 1491 3922 consideres
1523 3863 1704 3921 velim
1747 3875 1795 3925 l.
1856 3862 1972 3920 sere
2009 3880 2191 3920 unum
2239 3862 2432 3938 legere
2482 3867 2541 3918 et
2572 3861 2955 3937 interpretari
2989 3879 3138 3936 opus

512 3953 924 4028 theologorum
959 3970 1304 4011 numerum:
1353 3952 1606 4028 singulis
1638 3952 1795 4010 enim
1854 3951 2140 4027 Magistri,
2206 3969 2354 4025 opus
2418 3969 2560 4009 sane
2611 3968 2731 4008 non
2793 3949 3137 4008 classicum:

512 4042 681 4100 annis
715 4044 808 4099 tot
839 4041 1151 4116 posteriori
1183 4045 1374 4100 aetate
1406 4045 1798 4100 numerantur
1854 4040 1991 4098 hinc
2013 4040 2269 4109 demum,
2305 4040 2646 4110 dolendum,
2682 4043 2804 4097 tam
2844 4056 2973 4098 sero
3004 4057 3134 4098 coe·

511 4131 1279 4206 Sssl‘iptoresiquouempffl‘e
1292 4132 1572 4189 anteriori
1587 4132 1683 4190 Vix
1695 4131 1795 4188 de·
1936 4164 1969 4221 Ι)
1998 4157 2223 4211 Sufficit
2273 4159 2530 4211 conferre
2580 4173 2770 4212 rerum
2815 4156 3033 4211 indices
3084 4159 3142 4209 et

511 4220 735 4278 cenniis
758 4219 1037 4295 singulis;
1075 4220 1229 4278 inter
1259 4220 1394 4278 illos
1417 4240 1552 4280 vero
1578 4230 1631 4281 2.
1651 4226 1798 4295 quot
1853 4229 2287 4298 disciplinarum
2316 4229 2541 4283 tabulas
2562 4228 3034 4296 subsequentium
3056 4230 3141 4283 to·

512 4309 656 4367 clari
693 4312 753 4367 et
785 4308 1052 4368 illustres
1099 4309 1159 4367 in
1193 4309 1490 4368 universis
1524 4310 1644 4367 sere
1678 4309 1792 4368 Eu·
1854 4317 2074 4354 morum
2103 4318 2231 4354 cum
2259 4301 2446 4354 indice
2476 4300 2649 4368 hujlffi
2677 4302 2733 4356 tn
2773 4302 2841 4354 1¹¹⁵
2864 4303 3142 4370 appareat

516 4417 694 4474 ropae
728 4398 1101 4474 regionibus.
1137 4399 1199 4456 in
1231 4402 1322 4458 tot
1354 4398 1663 4457 ordinibus
1696 4418 1791 4456 ve·
1856 4372 1966 4504 ¹¹⁰5)
1987 4373 2495 4497 3233&szssqu
2522 4460 2566 4496 C·
2594 4448 2626 4499 2
2655 4462 2708 4496 n.
2736 4449 2781 4499 l·
2812 4442 3138 4515 Denmsshae-

513 4488 698 4546 ‘mstis
747 4487 848 4587 sed·
885 4491 944 4545 et
978 4492 1241 4547 recenter
1273 4486 1593 4557 institutis,
1648 4506 1796 4561 ‘3¹²⁰‘
1854 4531 2001 4568 reses
2029 4513 2356 4585 permittere
2387 4517 2453 4568 ut
2472 4513 2755 4567 Ecclesiae
2785 4514 3137 4567 occasionem

512 4597 643 4636 rum
695 4596 934 4636 nomina
984 4578 1154 4636 modo
1200 4582 1479 4636 resonant
1522 4578 1797 4636 omnibus
1856 4587 2128 4655 praebeat
2171 4585 2491 4639 accuratius
2538 4587 2596 4639 et
2634 4585 2971 4654 diligentius
2998 4584 3140 4638 veri-

511 4667 629 4725 fere
662 4668 725 4725 in
760 4666 992 4729 scholis,
1027 4666 1373 4724 consideres
1411 4676 1463 4728 3.
1497 4666 1796 4741 probatio·
1856 4660 2032 4712 tstssem
2060 4657 2369 4712 revelassssm
2414 4655 2804 4726 investigandi
2844 4660 3019 4724 alque
3058 4656 3139 4709 1¹¹³

511 4776 653 4815 num
676 4756 832 4832 apud
855 4757 1215 4830 posteriores
1239 4756 1545 4831 theologos
1566 4756 1799 4856 pondus
1853 4728 3141 4871 gggrertepfflegfflfsffisssgacliffissiffiffigffit

513 4850 573 4902 vt
605 4847 722 4904 vim
759 4847 1029 4902 haustam
1061 4864 1128 4903 ex
1164 4848 1256 4903 tot
1277 4846 1418 4903 locis
1450 4845 1797 4921 theologicis
1854 4889 1887 4924 a
1915 4871 2079 4926 nobis
2105 4871 2261 4925 edita
2288 4873 2404 4935 1X2’,
2433 4875 2538 4927 220
2564 4876 2655 4928 gs)
2695 4874 2753 4925 et
2792 4870 3030 4925 historia
3059 4887 3140 4923 ρο-

513 4938 686 4992 antea
736 4934 856 4989 fere
914 4934 1194 5004 occlusis,
1260 4934 1591 5010 cujusmodi
1655 4938 1800 4991 sunt·
1856 4942 2169 4997 clesiastica
2198 4943 2385 5012 palam
2414 4942 2594 4998 docet.
2642 4931 2647 4938 ¹
