3475 5364
298 421 395 476 39
836 403 1107 471 Gelasius,
1128 404 1209 470 II.,
1239 404 1492 460 Calixtus
1519 406 1603 474 II.,
1628 405 1919 462 Honorius
1949 406 2030 471 11..
2059 406 2156 458 lvo
2185 404 2410 460 Caruot.
2853 423 2930 477 70

299 608 541 648 annum
574 588 842 649 cluniaci
873 589 1024 648 obiit
1053 584 1184 672 (29.
1214 590 1348 650 Jan.
1390 602 1454 654 11
1480 587 1598 674 18).
1624 587 2008 667 'insipientes
2039 591 2134 649 vel
2166 591 2584 662 schismaticOS‚
2631 592 2750 651 imo
2796 592 2934 650 hae·

301 678 379 737 Ei
433 697 570 736 mox
615 678 838 737 ibidem
887 679 1168 738 suffectus
1218 682 1311 739 est
1346 689 1399 743 2.
1433 680 1599 744 Febr.
1654 680 1886 751 reticos,
1916 680 2022 757 qui
2051 680 2423 738 conabantur
2445 697 2723 754 asserere,
2767 681 2935 740 dom-

298 767 515 826 Guido
546 766 1025 844 archiepiscopus
1055 768 1399 828 viennensis
1431 769 1596 829 nobi·
1654 788 1800 829 num
1821 788 2033 846 papam
2053 769 2116 828 P.
2140 763 2532 851 (Paschalem)
2565 789 2686 829 non
2719 770 2933 829 debere

304 857 552 915 lissima
610 860 778 915 ortus
841 857 1043 932 stirpe,
1095 858 1199 934 qui
1252 857 1444 917 dictus
1506 862 1600 917 est
1654 877 1865 935 papam
1897 857 2109 928 vocari,
2127 857 2284 933 -quia
2301 858 2623 917 Henricum
2657 860 2800 935 imp.
2832 877 2932 918 ex·

301 945 351 1004 C
370 945 685 1004 alixtus
716 945 791 1003 II.
826 945 934 1004 Vir
963 950 1090 1004 erat
1110 946 1284 1021 plane
1316 947 1597 1024 apostoli·
1654 946 2116 1006 communicavit
2131 946 2195 1027 ¹).

300 1052 450 1103 cus,
482 1034 813 1092 virtutibus
846 1035 1060 1105 clarus,
1092 1037 1199 1111 qui
1231 1055 1431 1111 pacem
1465 1055 1595 1095 cum

303 1123 580 1181 Heni-ico
612 1123 678 1181 V.
709 1122 1002 1182 Ecclesiae
1050 1123 1434 1184 infestissimo
1467 1124 1597 1184 feli·
1746 1134 1846 1187 42.
1878 1124 2133 1195 Primus,
2167 1124 2273 1201 qui
2305 1126 2656 1200 praesertim
2685 1125 2814 1201 juri
2836 1143 2932 1185 ca·

294 1214 474 1271 citer
503 1212 738 1270 tandem
772 1213 1109 1288 composuit
1142 1222 1176 1276 8
1230 1213 1390 1290 Sept.
1430 1222 1596 1277 1122
1652 1213 1866 1272 nonico
1913 1231 2149 1290 operam
2198 1213 2427 1273 dederit
2456 1215 2563 1273 hac
2593 1217 2806 1287 aetate,
2842 1219 2936 1274 est

307 1320 428 1377 per
463 1301 549 1359 sic
587 1300 814 1360 dictum
860 1302 1148 1369 ,Pactum
1176 1302 1598 1361 calixtinum‘.
1656 1302 1709 1365 S.
1745 1301 1872 1361 Ivo
1903 1299 2337 1385 carnotensis2)
2383 1303 2447 1361 in
2497 1323 2638 1380 agro
2670 1304 2935 1363 bellova-

299 1390 632 1448 Sollicitus
680 1390 993 1449 admodum
1044 1390 1116 1449 de
1162 1410 1304 1467 pace
1353 1396 1414 1451 et
1443 1392 1598 1451 bono
1654 1392 1815 1449 censi
1847 1394 2028 1450 natus
2058 1410 2105 1452 c.
2137 1412 2187 1455 a.
2226 1402 2410 1455 1040.
2443 1393 2672 1453 Studiis
2702 1394 2937 1452 vacavit

304 1478 619 1537 Ecclesiae
679 1479 901 1555 ubique
962 1480 1222 1539 locorum
1284 1480 1540 1540 decessit
1556 1476 1600 1563 ¹)
1654 1480 1720 1537 in
1753 1481 1971 1539 celebri
2006 1481 2274 1539 beccensi
2293 1482 2654 1541 monasterio
2675 1482 2789 1540 sub
2809 1501 2933 1540 ma-

312 1581 343 1630 1
365 1577 431 1631 3.
464 1568 598 1628 Dec.
638 1577 820 1631 1124.
851 1568 997 1644 Ejus
1029 1569 1307 1645 epistolas
1328 1576 1390 1628 et
1409 1569 1599 1646 diplo-
1654 1569 1902 1645 gisterio
1935 1569 2262 1641 Lanfranci,
2310 1570 2413 1628 ubi
2460 1574 2521 1629 et
2564 1589 2699 1630 cum
2732 1589 2777 1629 s.
2810 1573 2932 1629 An-

305 1661 491 1715 mata
523 1656 837 1733 diligenter
882 1660 1149 1717 recenset
1179 1657 1331 1717 Jaffe
1361 1659 1406 1729 Ι,
1445 1667 1600 1722 780-
1656 1657 1838 1717 selmo
1871 1658 2281 1735 condiscipulo
2297 1678 2617 1735 perennem
2631 1659 2770 1718 iniit
2785 1659 2933 1719 ami-

306 1755 452 1809 821
482 1768 496 1813 ς
533 1745 604 1813 ΙΙ,
645 1755 793 1816 735;
825 1746 1107 1805 exhibent
1127 1747 1324 1824 Migne
1357 1747 1600 1819 CLXIII,
1656 1747 1876 1805 citiam.
1911 1747 2175 1807 Primum
2225 1748 2343 1808 fuit
2386 1749 2701 1808 canonicus
2740 1748 2932 1825 nigel-

315 1846 342 1897 1
363 1845 498 1897 090
512 1844 763 1898 —1338
783 1856 797 1904 3
832 1835 898 1897 U.
929 1834 1150 1894 Robert
1166 1837 1429 1895 Bullaire
1450 1837 1532 1896 du
1546 1857 1600 1913 p.
1655 1835 1870 1894 lensis:
1904 1840 2109 1912 postea
2139 1840 2383 1896 vocatus
2404 1858 2438 1895 a
2457 1836 2728 1897 Gnidone
2748 1838 2935 1896 bello-

291 1924 551 1984 Calixte
598 1923 671 1991 11,
702 1923 868 1982 Paris
925 1934 1080 1987 1891
1120 1928 1164 1983 t..
1200 1935 1266 1995 23
1319 1927 1604 2001 opuscula
1660 1925 1891 1984 vacensi
1966 1925 2240 2001 episcopo
2318 1926 2656 2002 praeficitur
2704 1922 2932 2008 (1078)

291 2014 641 2088 supposita
670 2012 870 2089 Migne
902 2013 981 2076 ib.
1025 2024 1487 2078 1:369—1415:
1535 2034 1603 2073 ea
1656 2014 2029 2089 praepositus
2060 2032 2168 2073 seu
2198 2014 2380 2073 abbas
2426 2015 2724 2074 canonicis
2756 2034 2932 2091 regu·

294 2108 469 2161 sunt
502 2102 795 2160 Mracula
826 2121 872 2163 ε.
904 2102 1129 2179 Jacobs,
1164 2102 1237 2161 de
1270 2122 1389 2179 quo
1420 2122 1598 2180 opus·
1656 2102 1882 2161 laribus
1943 2122 1988 2161 s.
2039 2103 2331 2175 Quintini,
2394 2123 2576 2180 quam
2626 2105 2932 2163 canoniam

292 2191 459 2250 culo
512 2198 593 2248 at
641 2190 1004 2249 Trithemius
1054 2191 1127 2250 de
1178 2192 1285 2256 SE.
1332 2212 1392 2253 n.
1444 2202 1600 2255 359:
1658 2195 1824 2250 extra
1854 2192 2022 2251 urbis
2054 2210 2256 2251 muros
2290 2193 2419 2267 ipse
2450 2193 2760 2269 episcopus
2793 2210 2931 2251 con-

304 2321 341 2349 ,
361 2279 625 2355 Scripsit
663 2275 843 2361 (illud
876 2276 1164 2361 Calixtus)
1197 2281 1458 2357 expolito
1479 2299 1602 2339 ser·
1657 2280 1903 2339 diderat.
1949 2280 2041 2339 Ibi
2072 2280 2431 2358 theologiam
2471 2282 2674 2341 docuit
2704 2285 2768 2340 et
2797 2300 2932 2341 cum

292 2388 492 2428 mone
505 2374 567 2426 et
576 2367 1164 2446 maximadiligentia;
1182 2408 1210 2440 ,
1223 2370 1553 2429 sermone-sl
1562 2371 1619 2428 V
1656 2370 1721 2427 in
1741 2369 2072 2429 canonibus
2088 2373 2245 2429 esset
2264 2370 2722 2442 versatissimus,
2755 2388 2930 2446 quas-

302 2461 383 2517 in
421 2476 469 2521 s.
501 2457 826 2527 Jacobum3
867 2458 935 2515 de
966 2459 1118 2517 obitu
1148 2466 1198 2516 et
1230 2460 1344 2518 vita
1375 2466 1600 2518 sancto·
1657 2458 1793 2517 dam
1855 2458 2316 2518 constitutiones
2379 2458 2683 2519 sodalibus
2747 2458 2929 2530 dedit,

296 2566 500 2621 rum;
538 2547 871 2606 Thesaurus
883 2566 1238 2623 pauperum,
1260 2548 1365 2623 qui
1387 2547 1601 2607 tribui·
1658 2548 1817 2606 unde
1851 2566 1958 2623 pro
1990 2548 2403 2607 canonicorum
2438 2549 2804 2625 regularium
2837 2548 2930 2606 in-

296 2641 426 2697 tur
456 2635 729 2713 alioquin
759 2635 981 2696 Joanni
1012 2635 1161 2709 XXI,
1196 2637 1267 2697 de
1300 2656 1418 2713 quo
1450 2637 1605 2697 infra
1658 2636 1941 2697 stitutore
1986 2636 2254 2697 habetur.
2316 2638 2386 2696 In
2436 2638 2629 2698 locum
2662 2636 2933 2699 Gaufridi

304 2728 671 2801 loquemur3
707 2725 836 2784 Vita
868 2726 1073 2785 Jacobi
1098 2745 1186 2802 ep.
1212 2726 1388 2804 primi
1406 2730 1604 2786 taren·
1657 2727 1731 2786 ob
1764 2727 2078 2785 simoniam
2121 2727 2335 2803 dejecti
2383 2727 2698 2803 episcopus
2729 2745 2934 2787 carno·

302 2815 607 2875 tasiensis
642 2811 781 2896 (sec.
801 2813 877 2895 V)
908 2819 1019 2874 etc.
1056 2849 1135 2859 —
1172 2815 1485 2875 callixtum
1505 2834 1603 2875 ex·
1658 2816 1846 2874 tensis
1886 2816 2061 2892 juxta
2104 2816 2330 2875 monita
2375 2817 2594 2876 summi
2636 2816 2935 2892 pontificis

298 2904 487 2980 cepit
519 2903 911 2963 Honorius
943 2903 1018 2963 II.
1053 2900 1252 2986 (1124
1286 2914 1420 2970 ·13.
1436 2906 1606 2969 Febr.
1658 2905 1883 2963 Urbani
1914 2903 1989 2965 lI.
2021 2924 2055 2963 a
2086 2905 2242 2964 clero
2273 2907 2335 2964 et
2365 2906 2588 2981 populo
2607 2906 2856 2982 eligitur
2874 2908 2936 2964 et

312 3006 349 3058 1
376 3005 401 3056 1
419 2992 532 3069 30)
565 2996 738 3051 antea
767 2993 1119 3052 Lambertus
1138 2993 1450 3070 Fagnanus
1482 2994 1603 3053 dic·
1659 2994 1734 3052 ab
1766 2993 1972 3053 eodem
2003 2993 2185 3053 etiam
2216 2998 2594 3053 consecratur
2626 2989 2759 3077 (24.
2788 2995 2936 3057 Nov.

303 3089 447 3153 tus,
481 3081 831 3159 parentibus
875 3082 1186 3142 mediocris
1227 3083 1500 3142 fortunae
1543 3083 1607 3141 in
1669 3077 1884 3164 1090).
1945 3083 2053 3142 Vir
2080 3083 2406 3142 multarum
2444 3084 2739 3142 virtutum
2770 3086 2834 3142 et
2862 3083 2938 3141 li-

303 3172 620 3232 tomitatu
649 3170 1002 3230 bononiensi
1031 3174 1227 3243 natue,
1261 3172 1366 3247 qui
1397 3171 1607 3231 merito
1659 3173 1923 3230 terarum
1985 3172 2309 3247 plurimum
2375 3172 2699 3231 illustravit
2769 3191 2937 3232 suam

304 3259 686 3320 eruditionis
719 3277 861 3320 suae
893 3260 1005 3319 sub
1030 3260 1298 3320 Paschali
1328 3262 1387 3319 11
1418 3260 1604 3320 cardi·
1660 3260 1983 3332 ecclesiam,
2060 3260 2380 3336 apostolico
2456 3262 2661 3339 vigore
2709 3261 2938 3321 restitit

319 3349 491 3408 nalis
524 3353 585 3407 et
616 3349 932 3425 episcopus
966 3350 1246 3408 ostiensis
1266 3351 1358 3409 est
1375 3354 1608 3409 creatus
1662 3349 2017 3408 adulterinis
2036 3348 2267 3424 nuptiis
2285 3349 2550 3426 Philippi
2568 3350 2746 3427 regis,
2766 3370 2801 3408 a
2819 3368 2939 3427 quo

305 3445 385 3498 ct
419 3458 456 3496 a
488 3437 714 3497 Calixto
734 3437 791 3495 II
822 3439 1064 3510 electus,
1095 3439 1202 3514 qui
1234 3439 1461 3498 celebre
1492 3439 1606 3497 ini·
1662 3439 1855 3497 multa
1897 3442 2208 3514 propterea
2251 3443 2345 3498 est
2386 3457 2616 3515 passus.
2676 3439 2942 3498 Decessit

310 3533 421 3587 ret
454 3545 588 3585 cum
623 3526 879 3585 Heni-ico
911 3527 979 3590 V.
1009 3528 1428 3587 concordatum
1460 3546 1608 3587 wor·
1668 3536 1770 3590 23.
1802 3528 1937 3590 Dec.
1977 3537 2179 3599 11163
2213 3527 2540 3586 secundum
2573 3528 2719 3586 alios
2747 3539 2811 3590 11
2840 3538 2936 3590 17.

310 3617 638 3676 metiense.
688 3615 983 3695 Epistolas
1042 3620 1309 3676 recenset
1367 3616 1518 3675 Jaffe
1562 3617 1608 3688 Ι,
1664 3616 1934 3675 Lucerna
1961 3615 2344 3675 occidentalis
2388 3616 2568 3687 orbiS,
2614 3615 2813 3689 decus,
2846 3634 2940 3675 or-

323 3714 685 3770 823—840
710 3725 725 3775 ;
775 3703 850 3776 ΙΙ,
907 3714 1065 3776 755;
1120 3705 1309 3764 edidit
1358 3705 1610 3782 Migne
1664 3708 2010 3764 namentum
2025 3723 2090 3763 ac
2107 3705 2308 3782 fulgor
2320 3704 2643 3782 gallicanae
2662 3704 2943 3764 ecclesiae

312 3793 574 3864 CLXVI,
618 3801 1087 3866 1215—1314;
1121 3794 1391 3854 Liverani
1420 3795 1486 3853 in
1505 3795 1610 3854 Co·
1666 3795 2018 3853 salutatura
2037 3794 2306 3857 Baroni0.
2341 3793 2415 3851 Et
2446 3797 2605 3853 certe
2635 3793 2944 3854 recondita

323 3884 459 3942 dice
481 3882 864 3959 diplomatico
884 3901 917 3941 e
934 3883 1184 3943 bollario
1215 3883 1277 3942 di
1296 3883 1513 3942 Onorio
1532 3882 1609 3954 11,
1666 3901 1735 3942 ac
1764 3882 2149 3959 praecellenti
2180 3881 2520 3942 eruditione
2567 3883 2942 3960 conspicuus,

314 3972 491 4031 inter
533 3973 667 4048 ejus
718 3971 1025 4051 operaIV,
1079 3983 1150 4035 91
1194 3990 1291 4043 ss„
1324 3974 1614 4032 Macerata
1658 3972 1817 4048 juris
1847 3971 2040 4030 divini
2072 3971 2433 4048 humanique
2473 3972 2721 4032 scientia
2750 3973 2943 4049 operi-

339 4073 364 4125 1
382 4071 530 4132 859,
561 4061 673 4137 qui
703 4064 766 4119 et
796 4065 841 4124 t.
872 4059 977 4120 ΙΙΙ.
1008 4061 1247 4120 exhibet
1277 4063 1409 4138 ejus
1429 4061 1612 4120 vitam
1665 4061 1901 4137 busque
1931 4061 2176 4132 celeber,
2211 4061 2442 4120 eximiis
2485 4081 2551 4120 ac
2594 4062 2771 4137 plane
2802 4079 2944 4123 con·

318 4150 710 4225 inscriptam:
743 4148 1058 4209 Lamberto
1087 4150 1163 4208 da
1191 4149 1507 4228 Fiagnano.
1523 4150 1613 4213 W.

320 4239 546 4298 Schum
579 4239 636 4298 ei
667 4238 883 4297 asserit
911 4238 1187 4298 libellum
1214 4257 1323 4316 pro
1344 4238 1614 4298 Paschali
1784 4253 1821 4320 ¹)
1860 4251 1944 4303 Of.
1995 4248 2261 4303 Brischar
2307 4248 2421 4304 KL.
2483 4249 2605 4314 Vp,
2668 4254 2947 4310 257—602

320 4328 768 4406 8p01080ffi0um
817 4327 883 4386 in
930 4328 1051 4390 god·
1084 4328 1439 4404 inscriptum
1470 4328 1612 4387 Dig-
1668 4320 1882 4391 ZOPffel
1909 4320 2169 4376 Realenc.
2197 4319 2373 4385 Vlss',
2413 4325 2518 4376 316
2563 4338 2693 4374 Cum
2721 4321 2947 4390 copiosa

320 4420 560 4491 putatio
592 4418 690 4476 vel
724 4416 989 4477 defensio
1007 4417 1382 4492 quorundam
1413 4417 1614 4477 catho-
1668 4391 2000 4516 {WFRPPm‘
2027 4391 2291 4446 Livemni
2318 4391 2561 4473 ‘’Pucit*
2607 4392 2819 4447 sebum
2844 4391 2949 4447 Die

328 4506 581 4566 ficorum
632 4505 1033 4565 enrdinalium
1077 4509 1285 4565 eontra
1327 4506 1611 4581 quosdam
1672 4461 2468 4596 ussiffsshpafimpifmffiiff
2510 4463 2571 4587 ἐξ
2613 4479 2815 4590 αἰῖξῗ
2851 4462 2952 4588 <iffi

1672 4605 1856 4658 Akad.
1923 4605 2261 4662 emeinniltz.
2289 4603 2630 4660 Wissensch.
2658 4624 2728 4660 zu
2757 4605 2953 4659 Erfurt

440 4677 592 4734 ⁸1Cf.
622 4674 915 4731 Notitiam
954 4675 1281 4730 historicam
1368 4675 1616 4728 raeviam
1673 4681 1853 4749 &18773
1937 4677 2020 4730 eft
2045 4676 2193 4730 VllI.

318 4746 390 4801 ‘in
413 4745 612 4819 Migne
643 4745 890 4809 CLXIII,
926 4751 1296 4804 1073—1090.
1416 4745 1616 4800 erL.
1785 4743 2145 4819 ²)'Distingui
2191 4747 2284 4801 hic
2329 4746 2498 4801 debet
2545 4764 2581 4800 a
2631 4766 2673 4805 s.
2725 4749 2951 4802 lvone

328 4819 823 4878 11.1701-1705;
874 4817 940 4871 U.
982 4816 1208 4872 Robert.
1249 4818 1394 4873 Hist.
1439 4817 1518 4872 du
1564 4835 1618 4887 p.
1675 4818 1871 4873 Helori
1914 4836 2235 4888 pauperum
2279 4820 2522 4888 patrono
2572 4823 2630 4871 et
2675 4819 2952 4872 advocato

320 4889 682 5020 ξδέιῗὲὃὲι,
729 4886 965 4943 Parisiis
1008 4893 1178 4950 1891;
1232 4889 1374 4944 Hist.
1422 4889 1509 4944 lit.
1552 4890 1620 4953 X,
1676 4892 1753 5014 {¹}
1779 4892 2217 5024 Iliffissf'lllssffl
2246 4895 2330 4946 19.
2358 4889 2491 4958 Maj.
2522 4894 2699 4959 1303),
2744 4889 2813 4943 de
2840 4906 2952 4957 quo

2566 5049 2623 5104 3.
