3475 5364
216 348 247 398 ς
269 351 308 395 0
326 347 351 399 1
1310 340 1314 345 ·
1389 329 1763 384 Abaelardus.

2757 346 2874 402 102

208 514 508 590 pontifex
551 508 956 595 (coelestinus
1001 512 1103 595 11),
1148 513 1366 590 viginti
1412 532 1535 573 car·
1595 515 1737 577 Gen.
1771 516 1846 587 H,
1889 526 1983 585 17,
2017 515 2248 590 reliqua
2279 514 2512 574 desunt.
2565 517 2876 575 Commen-

206 603 473 662 dinales
524 610 589 661 et
640 620 823 678 supra
875 612 955 665 50
1007 603 1430 679 archiepiscopi
1479 607 1540 662 et
1593 604 1882 663 tariorum
1903 623 2083 679 super
2103 622 2148 662 S.
2170 604 2342 662 Pauli
2372 623 2458 680 ep.
2495 606 2575 663 ad
2605 616 2880 664 romanos

206 692 523 768 episcopi.
1594 694 1652 751 ll.
1689 696 1727 750 5
1761 688 1824 775 (7
1836 688 2185 774 83—978).
2218 692 2576 752 Introductio
2607 696 2687 752 ad
2722 696 2874 753 theo-

1596 783 1808 859 loqiam
1839 782 1902 841 in
1933 783 1996 842 11.
2022 791 2055 845 3
2091 781 2300 852 divisa,
2325 801 2484 857 ⁴quae
2504 802 2624 842 uon
2643 783 2879 861 integra

1595 871 1866 947 pervenit
1921 872 1996 929 ad
2032 889 2142 930 nos
2169 865 2389 953 (svs-1
2408 871 2573 949 114).
2624 872 2881 931 Exhibet

1599 960 1902 1036 ,aliquam
1935 978 2132 1021 sacrae
2162 959 2520 1020 eruditionis
2568 980 2874 1032 summam,

328 880 440 932 56.
473 869 801 927 Abaelsrdi
829 887 1006 944 opera
1024 870 1270 928 collecta
1300 870 1538 945 prodie-

212 963 389 1017 runt
440 958 647 1016 studio
695 960 768 1016 A.
803 956 1152 1026 Quercetani
1184 963 1244 1017 et
1275 976 1415 1017 cura
1446 959 1540 1020 Fr.

216 1048 592 1106 d'Amboise
625 1044 684 1124 (†
710 1041 904 1128 1620)
925 1047 1169 1106 Parisiis
1194 1058 1356 1111 1616
1386 1048 1450 1105 in
1470 1057 1539 1118 43
1595 1049 1765 1125 quasi
1811 1049 2047 1107 divinae
2092 1048 2432 1124 Scripturae
2483 1049 2876 1109 introductio·

222 1137 489 1213 plenius
544 1155 687 1194 curs
716 1136 938 1195 Cousin
969 1137 1047 1194 ib.
1090 1145 1287 1206 18363
1342 1146 1541 1199 1849·
1594 1146 1793 1198 nem.‘
1885 1138 2103 1197 Fusius
2181 1137 2247 1194 in
2323 1157 2391 1197 ea
2450 1139 2524 1197 de
2588 1140 2876 1215 mysterio

234 1236 459 1289 1859:
524 1230 589 1283 et
650 1224 792 1283 inde
843 1225 1041 1302 Migne
1091 1234 1134 1288 t.
1186 1224 1539 1289 CLXXVIII.
1597 1245 1675 1290 ss.
1707 1227 2023 1285 Trinitatis
2054 1219 2197 1303 agit.
2236 1228 2571 1304 Theoloyiae
2601 1229 2869 1286 christia-

230 1315 492 1373 Potiora
555 1316 730 1371 suut:
762 1320 765 1321 ’
796 1314 1090 1389 Epistolac
1149 1316 1304 1394 (12),
1384 1315 1543 1372 inter
1594 1336 1706 1375 nae
1754 1317 1811 1375 ll.
1866 1320 1904 1373 5
1955 1312 2278 1396 (1113·-1
2298 1312 2473 1398 330),
2538 1318 2879 1376 retractatio

222 1422 398 1479 quas
435 1403 664 1461 eminet
694 1422 781 1473 es,
814 1422 966 1478 quae
998 1403 1149 1462 solet
1194 1404 1312 1462 dici
1344 1404 1540 1462 Histo-
1597 1405 2225 1481 velutiop.deunitate
2237 1406 2579 1465 ettrinitate
2592 1406 2793 1464 divina
2806 1404 2877 1487 ¹),

226 1497 337 1550 ria
440 1493 846 1550 calamitatum
924 1492 1240 1551 Abaelurdi
1316 1486 1542 1572 (Turici
1596 1495 1658 1554 in
1690 1494 1937 1553 concilio
1972 1494 2377 1553 suessionensi
2397 1493 2677 1565 damnati,
2698 1514 2876 1570 quam

247 1591 417 1645 1841
464 1581 557 1640 ed.
594 1575 890 1663 Orelli),
926 1580 1125 1640 studio
1155 1581 1415 1658 partium
1448 1581 1538 1640 in·
1596 1602 1643 1642 s.
1678 1583 2012 1643 Bernardus
2044 1584 2082 1641 1.
2115 1601 2162 1647 c.
2213 1584 2475 1659 graviter
2505 1583 2717 1660 carpit.
2782 1584 2878 1643 Sic

224 1672 405 1730 fecta
437 1688 554 1728 nec
586 1687 823 1745 semper
854 1670 998 1728 satis
1031 1670 1144 1728 fide
1177 1670 1372 1747 digna.
1435 1670 1541 1746 Ep.
1592 1680 1646 1730 et
1676 1692 1809 1745 non,
1855 1691 2032 1746 quem
2062 1673 2100 1735 l.
2135 1667 2211 1753 (a.
2243 1672 2282 1730 f.
2323 1674 2721 1753 1115·1117)
2753 1674 2876 1748 pri·
2913 1690 2914 1693 ’

226 1761 364 1818 alia
420 1758 782 1818 inscribitur
837 1758 1130 1818 Heloissae
1179 1760 1542 1836 problemata
1596 1781 1760 1820 mum
1782 1761 1989 1833 elidit,
2012 1761 2111 1820 sed
2131 1762 2487 1837 incomplete
2508 1762 2727 1821 Cousin
2751 1762 2871 1820 Ou-

226 1844 552 1929 (42)(311111
570 1847 891 1905 Abaelardi
905 1848 1303 1908 solutionibus
1318 1843 1542 1930 (Migne
1596 1869 1806 1926 vrages
1839 1850 2055 1909 inedits
2088 1849 2402 1908 d'Abelard
2435 1852 2679 1910 Parisiis
2709 1860 2871 1915 1836

228 1936 615 2007 CLXXVIII,
656 1945 1000 2001 113—380
1049 1942 1108 1996 et
1146 1934 1540 2020 677—730).
1597 1941 1661 1998 in
1698 1950 1753 2001 4.
1788 1934 1870 2019 (p.
1918 1936 2226 2022 1—169);
2261 1940 2566 2017 integrum
2599 1940 2878 1999 exhibent

234 2028 560 2085 Sermones
591 2020 754 2107 (34),
777 2044 928 2101 quos
948 2025 1160 2085 habuit
1179 2025 1541 2104 ad‘virgines
1598 2029 1886 2089 Ernestus
1918 2028 2062 2091 Luc,
2097 2028 2315 2087 Theod.
2348 2021 2559 2088 Henke
2587 2032 2648 2087 et
2668 2030 2874 2106 Georg.

235 2116 703 2190 paraclitenses,
767 2133 1018 2190 quarum
1083 2115 1357 2174 antistita
1417 2120 1543 2174 erat
1598 2118 1800 2192 Steph.
1861 2117 2259 2186 Lindenkohl,
2313 2117 2616 2195 Marburgi
2688 2127 2873 2188 1851,

236 2205 495 2264 Heloisa
520 2200 959 2283 (379—610);
981 2206 1544 2279 expositioorationis
1597 2206 1736 2265 dein
1768 2206 1970 2283 Migne
1988 2226 2046 2282 p.
2078 2207 2552 2275 1329·1610‚in
2572 2225 2690 2282 quo
2709 2208 2873 2265 testi-

236 2290 600 2363 dominu'cae,
635 2292 913 2351 nonnihil
936 2292 1132 2362 dubia,
1165 2297 1228 2351 et
1255 2294 1543 2369 expositio
1599 2295 1795 2354 monia
1825 2300 2066 2371 patrum
2098 2296 2169 2353 de
2199 2295 2380 2353 variis
2409 2296 2758 2371 theologicis
2779 2315 2872 2354 ar-

232 2383 513 2459 symhost,
548 2381 713 2457 quod
756 2380 979 2439 dicitur
1026 2382 1448 2458 apostolorum,
1482 2386 1543 2441 et
1596 2385 1900 2463 gumentis
1933 2380 2114 2466 (158)
2148 2384 2262 2442 sibi
2293 2385 2357 2442 in
2377 2384 2571 2459 specie
2603 2385 2877 2461 opposita

241 2473 309 2530 in
362 2470 715 2548 symbolum
759 2470 1068 2529 Athanasii
1118 2467 1541 2552 (611-632).
1596 2473 1838 2549 profert,
1873 2475 2017 2549 quin
2050 2492 2117 2531 ea
2147 2473 2461 2532 conciliare
2506 2473 2753 2533 nitatur.
2814 2474 2874 2533 Is

240 2562 463 2619 Ethica
484 2579 595 2619 seu
621 2560 812 2628 ,scito
830 2562 891 2617 te
912 2559 1149 2636 ipsum⁸
1175 2578 1219 2619 s.
1240 2560 1540 2619 Bernardo
1596 2561 1750 2621 forte
1782 2562 1937 2621 idem
1969 2566 2060 2621 est
2091 2578 2227 2621 cum
2259 2562 2363 2621 illo
2385 2563 2555 2632 libre,
2591 2562 2696 2637 qui
2728 2562 2874 2621 dici·

234 2650 447 2709 invisa
479 2653 543 2709 et
575 2668 611 2708 a
648 2649 884 2726 magnis
925 2647 1110 2708 seculi
1140 2649 1267 2709 XII.
1299 2649 1443 2709 viris
1472 2652 1543 2709 ut
1596 2655 1699 2710 tur
1730 2652 1908 2711 Liber
1937 2654 2364 2711 sententiarum.
2406 2652 2529 2711 Hoc
2561 2670 2736 2728 opere
2768 2670 2871 2711 uo·

233 2739 564 2798 erroribus
587 2737 831 2797 infamis
850 2738 1252 2798 condemnata.
1273 2740 1538 2819 ,Legite,
1597 2761 1728 2799 vam
1761 2741 2000 2800 induxit
2029 2740 2390 2812 methodum,
2423 2760 2558 2800 nam
2589 2741 2878 2817 relinquit

245 2829 467 2887 scribit
501 2847 547 2886 s.
582 2827 923 2886 Ber-'nardus
964 2845 1054 2903 ep.
1093 2836 1213 2892 188
1247 2829 1322 2886 ad
1353 2828 1535 2887 cardi·

233 2918 416 2976 nales
450 2917 519 2975 Ε.
554 2917 639 2986 R..
672 2920 736 2975 et
765 2915 949 2974 alium
983 2935 1157 2991 quem
1179 2916 1388 2976 dicunt
1408 2936 1539 2976 sen-

236 3008 589 3065 tentiarum
636 3005 784 3082 ejus,
828 3023 938 3064 nec
979 3024 1098 3065 non
1144 3009 1205 3064 et
1233 3006 1407 3064 illum
1440 3003 1540 3087 (li-

236 3096 477 3169 brum),
512 3096 620 3172 qui
651 3094 1032 3162 inscribitun
1072 3095 1230 3153 Scito
1260 3095 1539 3171 teipsum,

238 3193 305 3243 et
339 3182 825 3253 animadvertite,
859 3186 1147 3259 quantum
1195 3187 1257 3241 et
1285 3184 1403 3260 ipsi
1436 3184 1541 3243 sil·

241 3277 503 3333 vescant
535 3275 739 3349 segete
768 3272 1209 3349 sacrilegiorum
1240 3277 1420 3349 atque
1451 3293 1541 3333 er-

234 3380 494 3422 rorum:
548 3361 696 3438 quid
728 3360 948 3420 sentiat
978 3362 1049 3419 de
1080 3361 1277 3421 anima
1306 3362 1538 3433 Christi,

1598 2830 1920 2889 lectoribus
1941 2831 2476 2889 controversiarum
2493 2831 2869 2900 solutionem,

1596 2919 1671 2978 ad
1702 2939 1882 2996 quam
1913 2919 2330 2978 inveniendam
2379 2920 2507 2995 ipse
2539 2920 2780 2996 regulas
2811 2919 2876 2978 in

1596 3008 1847 3087 prologo
1891 3010 2186 3084 proponit.
2248 3008 2412 3067 Inter
2454 3009 2874 3084 philosophum,

1595 3098 1892 3156 Judaeum
1953 3105 2005 3156 et
2070 3097 2470 3156 Christianum
2521 3093 2874 3181 (dialogus),

1597 3206 1775 3262 quem
1806 3205 1874 3245 ex
1904 3186 2067 3249 codd.
2098 3185 2489 3245 bibliothecae
2524 3205 2667 3245 caes,
2711 3187 2877 3245 vien·

1596 3275 1799 3335 nensis
1830 3275 2058 3352 primus
2089 3275 2281 3334 edidit
2310 3276 2403 3333 Fr.
2425 3275 2497 3337 H.
2516 3275 2876 3335 Rheinwald.

1595 3365 1710 3423 Hic
1743 3366 1922 3423 etiam
1953 3365 2118 3441 typis
2151 3364 2315 3423 dedit
2333 3366 2615 3438 epitomen
2645 3363 2876 3424 theolo-

236 3453 320 3510 de
352 3469 618 3527 persona
648 3449 890 3521 Christi,
923 3450 994 3507 de
1012 3450 1299 3510 descensu
1320 3451 1541 3510 Christi
1596 3454 1727 3530 giae
1747 3453 2122 3525 christianae,
2157 3454 2258 3512 sed
2278 3454 2577 3525 mendose,
2613 3454 2875 3513 Berolini

236 3540 320 3599 ad
373 3540 622 3610 inferOS,
673 3538 746 3597 de
796 3547 1157 3598 sacramento
1201 3540 1423 3613 altaris,
1470 3540 1540 3599 de

243 3633 554 3706 potestate
606 3627 837 3706 ligandi
887 3630 1066 3704 atque
1127 3629 1416 3706 solvendi,
1468 3630 1541 3688 de

1595 3677 1665 3730 de
1694 3677 1749 3729 la
1775 3676 2045 3732 Biblioth.
2075 3677 2365 3732 nationale
2393 3677 2550 3730 Paris
2580 3681 2876 3735 1890—93.

240 3719 538 3796 originali
571 3720 833 3794 Peccato’
865 3717 938 3816 (1.6
957 3718 1451 3794 ‘oncupiscentia’
1468 3718 1541 3777 de
1596 3748 1665 3812 V,
1691 3749 1798 3805 ⁴236
1825 3765 1893 3802 ss,
1922 3748 2135 3802 Ibidem
2159 3748 2198 3811 I,
2220 3753 2287 3804 5⁶2
2307 3782 2344 3789 —
2363 3753 2432 3805 68
2452 3748 2748 3802 exhibetur
2770 3749 2803 3803 l.
2828 3755 2879 3806 1.

239 3811 494 3884 peccato
527 3805 959 3877 delectationoe,
1005 3806 1078 3865 de
1109 3810 1345 3883 peccato
1376 3807 1539 3866 infir·
1595 3819 1988 3874 commentarii
2015 3819 2114 3872 Th
2130 3836 2159 3872 e
2175 3836 2207 3873 0
2224 3820 2260 3873 d
2277 3837 2309 3874 0
2326 3819 2430 3873 ric
2445 3819 2465 3873 i
2481 3819 2731 3891 (Tetrici)
2756 3837 2879 3889 pro·

242 3897 501 3964 gustatis,
572 3895 645 3953 de
705 3897 946 3971 peccato
1005 3895 1393 3973 ignorantiae,
1469 3897 1542 3954 de
1597 3891 1824 3945 fessoris
1868 3891 2218 3944 carnotensis
2255 3891 2318 3944 in
2345 3891 2750 3955 Hexaemeron,
2779 3892 2878 3960 qui

238 4004 427 4061 opere
438 3984 689 4061 peccati,
707 3984 779 4042 de
793 3984 1100 4043 voluntate
1110 3985 1387 4061 peccandi
1402 3989 1542 4050 ‘etc.

246 4075 482 4134 Prodiit
528 4076 771 4131 tantum
802 4072 839 4133 l.
883 4084 931 4135 1.
978 4073 1038 4132 in
1070 4074 1227 4132 Pezii
1260 4074 1543 4133 thesauro

1596 3962 1911 4016 secundum
1938 3961 2204 4015 Haureau
2233 3963 2655 4031 pantheismum
2682 3963 2880 4033 Spino-

1597 4033 2096 4158 zBZeeggiqliejaggu
2102 4051 2189 4157 saat
2198 4038 2552 4158 qiilioAi-{liizn
2564 4034 2879 4160 fiililfflsgli·

242 4164 449 4226 anecd·
484 4181 627 4221 nov.
660 4161 759 4232 ΠῙ,
796 4171 855 4231 2,
894 4170 1046 4233 2263
1082 4162 1221 4221 Ῑῐὶᾶθ
1251 4163 1316 4221 in
1338 4164 1542 4240 Migne
1599 4176 1699 4229 der
1725 4174 1935 4230 Philos.
1963 4176 2030 4239 X,
2059 4180 2178 4232 136.
2234 4176 2311 4230 De
2335 4177 2445 4231 hoc
2472 4177 2593 4231 viro
2620 4194 2723 4230 suo
2745 4180 2880 4231 tem·

246 4272 302 4328 p,
338 4260 721 4317 631—67g‚
755 4251 1041 4326 Sequitur
1065 4252 1215 4328 ib,p,
1239 4261 1545 4316 731-7g4,
1600 4264 1736 4317 pore
1764 4247 1987 4311 celebri,
2030 4247 2130 4315 qui
2175 4250 2316 4301 teste
2356 4247 2443 4302 J0.
2474 4248 2881 4302 Saresberiensi

249 4342 561 4419 Expogmo
596 4343 659 4399 5„
689 4339 1091 4399 Remo„
1136 4359 1244 4418 pro
1274 4341 1546 4401 Heloissa
1600 4316 1923 4371 Aristotelis
1951 4333 2122 4388 opera
2162 4335 2192 4371 e
2232 4336 2428 4373 somno
2473 4319 2545 4373 ad
2590 4320 2768 4373 vitam
2803 4337 2882 4372 re·

242 4433 500 4508 ejusque
513 4428 902 4488 monialibus·
912 4429 1070 4488 Illud
1081 4430 1399 4489 secundum
1410 4449 1544 4490 sen·

1602 4390 1846 4452 vocavit,
1888 4391 2012 4442 fuse
2052 4389 2277 4443 disserit
2316 4390 2539 4444 Clerval
2583 4390 2794 4461 passim
2820 4391 2881 4442 in

1601 4479 1694 4530 op.
1745 4461 1913 4513 docto
1966 4460 2068 4513 Les
2120 4460 2314 4516 Ecoles
2377 4462 2446 4515 de
2498 4462 2756 4516 Chartres
2807 4479 2880 4514 au

248 4538 379 4580 sum
413 4519 717 4579 literalem
759 4518 1078 4600 exponit1).
1141 4519 1443 4597 Pertingit
1474 4519 1546 4579 ad
1603 4535 1935 4600 moyen-age
1980 4532 2058 4585 du
2104 4532 2179 4584 ve
2224 4551 2295 4586 au
2342 4533 2497 4586 xvle
2542 4534 2710 4588 estole
2751 4532 2882 4604 (Μρ-

1600 4605 1808 4658 moires
1846 4603 1916 4655 de
1955 4603 2012 4656 la
2051 4603 2270 4658 Societe
2295 4605 2553 4660 Archeol.
2594 4604 2801 4658 d'Eure
2827 4607 2885 4657 et

1603 4674 1784 4738 Loire,
1827 4673 2090 4728 chartres
2132 4679 2271 4732 1895
2311 4693 2368 4744 p.
2409 4680 2513 4733 169
2541 4694 2641 4735 ss:
2681 4681 2787 4733 254
2812 4695 2882 4730 ss.

319 4753 354 4800 ¹}
385 4746 587 4816 Hujus
634 4743 784 4806 finis,
830 4744 932 4811 qui
971 4744 1246 4799 hactenus
1273 4743 1548 4798 desidera·
1603 4750 1745 4816 etc).
1799 4744 2048 4798 Decessit
2091 4753 2282 4800 autem
2329 4746 2708 4801 Theodericus
2757 4752 2884 4816 post

244 4820 429 4885 batur,
470 4815 773 4888 reperitur
818 4815 976 4883 apud
1016 4815 1284 4870 Haureau
1320 4815 1547 4870 Notices
1604 4835 1653 4870 a.
1682 4821 1838 4873 1148.

241 4895 297 4945 et
325 4890 590 4945 Exn-aits
659 4904 691 4941 e
709 4884 996 4955 quelques
1012 4887 1349 4942 manuscrits
1376 4888 1549 4941 latins

1686 4895 1719 4960 ¹)
1752 4888 1833 4943 Cf.
1861 4889 1993 4944 hist.
2021 4888 2213 4944 Jahrb.
2243 4893 2384 4946 1890
2409 4907 2463 4958 p.
2491 4894 2596 4945 673
2623 4909 2689 4946 ss.

2491 4982 2550 5034 4.
