3475 5364
887 337 1258 391 1476—1500.
1287 331 1631 403 Patrologia.
1663 332 1862 398 Venia,
1889 334 2164 400 Andreae,
2192 334 2491 403 Heynlein‚
2519 336 2779 390 Persona.
2983 352 3148 407 1023

543 352 708 410 1027

536 525 761 583 domini
818 522 1125 609 apostolici
1181 540 1357 597 super
1403 520 1806 595 indulqentias,
1864 519 2049 602 rensi)
2084 522 2323 580 Parisiis
2373 517 2599 601 (1454)
2651 521 2868 580 studiis
2914 539 3150 597 operam

524 614 834 689 plenariae
861 612 1218 671 remissionis
1263 628 1370 687 pro
1402 609 1713 667 animabus
1746 609 1809 667 in
1865 610 2030 669 dedit
2060 610 2253 669 factus
2285 613 2503 670 artium
2536 612 2823 688 magister
2852 614 2911 670 et
2941 610 3146 669 bacca-

534 702 897 780 purgatori0‚
933 721 976 761 s.
1009 701 1047 758 l.
1081 704 1142 758 et
1172 720 1220 758 a.
1254 732 1340 743 —-
1372 699 1456 758 De
1495 697 1810 774 indulgen·
1864 699 2104 759 laureus
2135 700 2466 777 theologiae
2498 696 2726 781 (antea.
2769 694 2979 782 1463).
3045 700 3151 758 Vir

536 793 638 850 tiis
669 793 896 867 pariter
925 790 1255 866 disputavit
1287 784 1511 869 (1479)
1545 787 1809 845 Alber-
1865 794 1993 847 erat
2026 808 2273 866 magnae
2295 789 2665 859 eruditionis,
2700 789 3068 864 eloquentiae
3088 792 3149 847 et

534 883 661 939 tus
694 880 767 939 de
800 880 971 938 albo
1018 878 1277 953 lapide
1328 871 1808 958 (Weissenstein)
1865 878 2117 954 insignis
2163 879 2420 954 pietatis.
2468 880 2573 954 qui
2621 878 2938 938 salutarem
2986 897 3147 937 exer-

535 970 598 1029 0.
633 970 834 1029 Praed.
868 969 1202 1044 theologiae
1222 966 1535 1042 professor,
1569 965 1673 1039 qui
1704 965 1809 1023 diu
1865 968 1992 1024 cuit
2006 967 2294 1025 influxum
2313 967 2773 1043 inJuventutem
2790 968 3144 1026 studiosam:

531 1059 696 1136 degit
728 1059 791 1116 in
824 1060 1120 1117 conventu
1148 1055 1434 1114 turicensi
1479 1057 1541 1112 et
1580 1054 1809 1128 aliquo-

531 1149 645 1207 ties
675 1148 977 1206 adhibitus
1008 1146 1127 1204 fuit
1145 1147 1215 1203 ad
1237 1142 1700 1220 promulgandas
1718 1144 1809 1200 in-

532 1238 888 1314 dulgentias,
950 1236 1015 1293 in
1064 1235 1103 1293 l.
1153 1233 1460 1292 rarissimo
1521 1232 1809 1308 inscripto

529 1327 702 1395 Lam,
767 1323 1194 1384 commendatio
1244 1326 1305 1381 et
1353 1321 1684 1380 exhortatio
1735 1321 1808 1378 de

529 1415 772 1492 punctis
788 1413 1223 1473 etnotabilibus
1234 1414 1390 1470 circa
1406 1410 1805 1487 indulyentias,

523 1506 755 1581 qratias
785 1511 832 1560 et
863 1504 1166 1577 facultates
1208 1500 1468 1559 ecclesiis
1499 1499 1804 1558 thuricen-

530 1594 696 1652 sibus
731 1637 741 1649 .
777 1640 790 1656 .
822 1640 836 1655 .
880 1612 913 1650 a
945 1610 1019 1650 ss.
1055 1593 1119 1649 D.
1154 1591 1314 1652 Sixto
1346 1608 1497 1664 papa
1529 1588 1807 1648 moderno

528 1700 845 1752 concessas,
867 1700 907 1740 s.
928 1682 966 1739 l.
987 1684 1048 1738 et
1066 1699 1118 1744 a.
1137 1680 1334 1755 Hujus
1356 1675 1681 1737 doctrinam
1702 1678 1801 1735 ad·

529 1789 740 1830 versus
771 1772 1014 1847 Brieger
1045 1770 1114 1827 N.
1148 1769 1371 1826 Paulus
1404 1767 1641 1844 egregie
1673 1769 1805 1825 tue-

528 1864 633 1917 tur
664 1861 725 1917 in
749 1859 968 1918 Ztschr.
991 1858 1026 1915 f.
1049 1858 1104 1915 k.
1126 1857 1325 1916 Theol.
1348 1856 1538 1913 XXIII
1563 1853 1805 1937 (1899),

532 1958 900 2012 423—437.

619 2135 760 2189 492.
793 2127 1047 2202 Reperta
1077 2127 1204 2182 arte
1234 2123 1661 2200 typographica
1690 2124 1804 2181 mi-

526 2235 660 2274 rum
694 2234 818 2274 esse
851 2234 968 2274 non
1002 2213 1192 2282 debet,
1228 2213 1279 2270 si
1314 2213 1426 2270 viri
1459 2212 1677 2271 eruditi
1709 2230 1805 2271 co-

525 2305 848 2381 gitaverint
863 2322 996 2362 mox
1014 2303 1084 2361 de
1100 2301 1340 2360 edendis
1352 2304 1590 2375 patrum
1611 2302 1801 2377 operi·

1865 1056 2237 1114 realistarurn
2272 1075 2409 1115 vero
2441 1057 2743 1116 doctrinae
2788 1061 2915 1116 erat
2945 1057 3144 1115 addic-

1865 1150 1978 1202 tus
2013 1145 2255 1204 Parisiis
2287 1146 2529 1204 transiit
2558 1147 2851 1205 Basileam
2888 1141 3141 1228 (1464),

1864 1235 1969 1292 ubi
1997 1234 2414 1293 dominabatur
2444 1235 2541 1294 via
2559 1235 2841 1294 moderna
2870 1235 3145 1294 nomina-

1864 1323 2165 1382 listarum:
2200 1324 2338 1382 hino
2369 1343 2492 1383 non
2511 1325 2627 1383 nisi
2659 1342 2832 1401 aegre
2863 1328 3140 1399 receptus

1864 1412 1983 1470 fuit
2013 1413 2074 1470 in
2120 1413 2339 1471 artium
2385 1414 2756 1474 facultatem:
2804 1413 3144 1472 realismum

1863 1504 2064 1560 tamen
2113 1501 2333 1560 ibidem
2379 1502 2695 1578 plantavit,
2749 1502 3053 1562 roboravit
3083 1507 3144 1560 et

1864 1591 2045 1647 auxit.
2111 1592 2250 1650 Post
2282 1592 2588 1650 biennium
2633 1592 2849 1649 iterum
2882 1591 3142 1650 Parisios

1863 1679 2058 1749 rediit,
2093 1680 2199 1737 ubi
2219 1681 2481 1738 lauream
2501 1680 2859 1740 doctoralem
2890 1681 3141 1755 adeptus

1862 1773 1954 1825 est
1985 1778 2047 1826 et
2078 1769 2412 1827 cathedram
2435 1769 2495 1827 in
2521 1770 2860 1839 Sorbonua;
2895 1789 2943 1828 a.
2976 1779 3136 1832 1469

1862 1858 2085 1916 electus
2107 1861 2200 1916 est
2218 1858 2279 1916 in
2308 1862 2612 1917 rectorem.
2646 1860 2904 1917 Multum
2924 1858 3143 1917 meruit

1863 1946 1935 2004 de
1966 1947 2187 2006 literis:
2221 1951 2347 2005 erat
2378 1948 2643 2011 Basileae
2674 1947 2847 2022 quasi
2870 1950 3140 2006 centrum

1862 2039 1922 2093 et
1964 2036 2130 2095 focus
2180 2036 2388 2094 mundi
2421 2037 2694 2095 literarii:
2742 2037 2869 2111 ipse
2930 2036 3142 2095 accivit

1861 2124 2080 2199 primos
2129 2126 2535 2202 typographos
2567 2145 2599 2184 e
2631 2125 2942 2184 Germania
2972 2126 3140 2184 Pari·

1861 2215 1977 2273 sios
2009 2214 2130 2276 scil.
2162 2215 2246 2273 sic
2275 2215 2463 2273 dictos
2492 2215 2703 2273 fratres
2723 2214 3137 2285 alamannicos,

1859 2322 2009 2377 quos
2041 2304 2299 2362 multum
2321 2304 2480 2379 juvit
2516 2303 2580 2362 in
2611 2303 2853 2362 edendis
2896 2308 3138 2378 patrum

524 2394 638 2452 bus
657 2389 704 2474 ¹)
748 2398 926 2468 atque
971 2393 1056 2450 ita
1086 2391 1309 2450 semina
1331 2392 1587 2466 jecerint
1616 2409 1805 2449 novae
1858 2392 2153 2467 operibus,
2217 2394 2390 2451 Anno
2432 2402 2595 2456 1478
2641 2396 2886 2451 vocatus
2918 2392 3034 2450 fuit
3063 2392 3138 2451 ad

519 2483 673 2541 disci
679 2483 872 2558 plinae
885 2481 1251 2557 theologicae
1269 2479 1306 2537 i.
1325 2499 1371 2537 e.
1389 2480 1800 2556 patrologicae.
1858 2481 2179 2540 docendam
2190 2482 2550 2559 theologiam
2561 2481 2751 2540 Tubin
2756 2501 2890 2557 gam
2902 2482 3137 2540 eodem-

522 2571 819 2641 Quosdam
881 2571 974 2629 hic
1035 2570 1338 2628 nominare
1399 2569 1617 2627 licebit.
1709 2569 1804 2626 Ita
1856 2589 1971 2644 que
2005 2589 2159 2630 anno
2192 2573 2426 2629 creatus
2459 2573 2550 2629 est
2570 2570 2985 2629 universitatis
3007 2588 3135 2629 rec-

523 2661 892 2720 Masellus
937 2658 1174 2719 Venia
1218 2659 1280 2717 Ο.
1330 2661 1382 2717 S.
1415 2659 1567 2732 Aug.
1615 2657 1803 2716 edidit
1855 2673 1966 2717 tor.
2028 2658 2165 2718 Non
2212 2659 2316 2718 diu
2360 2661 2564 2720 tamen
2607 2660 2827 2719 ibidem
2860 2659 3135 2720 substitit

522 2750 811 2826 quaedam
843 2749 1118 2823 opuscula
1150 2766 1194 2805 s.
1225 2747 1541 2816 Ambrosii,
1576 2747 1798 2805 Medio·
1855 2748 2007 2806 forte
2039 2749 2114 2808 ob
2146 2748 2399 2808 aliorum
2449 2751 2862 2826 theologorum
2897 2751 3135 2825 opposi-

522 2841 646 2898 lani
702 2849 884 2900 1477.
933 2870 1014 2883 --
1048 2837 1087 2894 J
1120 2854 1404 2894 oannes
1456 2835 1800 2894 Andreas
1854 2838 2095 2902 tionem,
2129 2837 2320 2896 Variis
2364 2839 2427 2896 in
2473 2838 2616 2897 locis
2662 2839 3136 2898 concionatorem

521 2929 648 2987 Nic.
684 2927 895 2986 (lusani
927 2925 1370 2984 contubernalis
1404 2928 1464 2982 et
1494 2944 1564 2982 ex
1583 2923 1799 2983 biblio·
1855 2927 1994 3002 egit,
2059 2928 2298 2986 demum
2360 2928 2569 2986 mundi
2628 2928 3023 2987 instabilitate
3073 2932 3136 2988 et

520 3018 726 3075 thecae
771 3015 1076 3075 vaticanae
1122 3014 1436 3072 secretario
1485 3013 1799 3089 episcopus
1854 3016 2119 3074 vanitate
2213 3019 2521 3092 pertaesus
2617 3018 2680 3075 in
2757 3017 3133 3078 carthusiam

520 3105 824 3165 aleriensis
865 3104 930 3161 in
962 3103 1191 3162 Corsica
1219 3102 1418 3161 insula
1450 3098 1796 3183 (1468-93)
1852 3123 2034 3180 prope
2108 3105 2402 3164 Basileam
2479 3124 2541 3165 se
2616 3107 2839 3181 recepit
2902 3101 3131 3188 (1487;

517 3195 741 3271 primas
802 3192 1090 3251 editiones
1151 3210 1420 3250 romanas
1475 3191 1797 3250 bibliorum
1852 3191 1887 3260 †
1930 3190 2136 3275 1496).
2171 3195 2511 3253 Amicitiam
2544 3195 2690 3254 fovit
2724 3214 2855 3254 cum
2889 3196 3033 3255 viris
3051 3196 3129 3254 il-

518 3284 839 3342 latinorum
876 3300 920 3339 c.
953 3292 1109 3345 1471
1150 3284 1194 3338 t.
1219 3289 1252 3342 2
1292 3282 1356 3339 in
1390 3281 1448 3351 f„
1483 3283 1796 3339 auctorum
1852 3283 1970 3341 lius
2002 3283 2131 3342 aevi
2164 3283 2357 3355 claris,
2392 3287 2463 3342 ut
2493 3302 2625 3344 cum
2654 3285 2809 3348 Guil,
2844 3284 3130 3355 Textoris‚

513 3374 900 3432 classicorum
920 3376 981 3430 et
1002 3372 1358 3446 scriptorum
1376 3370 1465 3429 La
1480 3372 1552 3429 ct
1569 3389 1603 3428 a
1617 3389 1659 3428 n
1676 3376 1702 3427 t
1719 3370 1794 3441 ii,
1852 3373 2100 3430 Matthia
2114 3373 2185 3431 de
2202 3373 2614 3449 Gangenbaoh,
2632 3374 2827 3432 Ulrico
2849 3374 3127 3451 surgant,

515 3466 566 3521 A
584 3482 625 3520 u
640 3483 681 3540 g
696 3480 737 3520 u
754 3480 781 3520 s
798 3462 964 3531 tini,
1030 3461 1084 3518 H
1100 3461 1122 3517 i
1137 3479 1168 3518 e
1182 3478 1261 3518 ro
1275 3479 1316 3518 n
1333 3480 1371 3535 y
1390 3460 1485 3517 mi
1553 3459 1793 3536 egregie
1851 3461 2047 3520 Geiler
2062 3460 2134 3521 de
2152 3461 2556 3540 Kaisersberg‚
2579 3462 2925 3521 Sebastiano
2946 3464 3132 3522 Brant

514 3551 830 3627 promovit,
864 3550 1168 3609 recensuit
1184 3549 1640 3624 emendavitque
1657 3567 1791 3607 cum
1849 3554 1957 3608 etc.
2020 3550 2195 3609 Juvit
2243 3550 2534 3609 Joannem
2595 3551 3017 3610 Amerbach
3065 3552 3130 3610 in

513 3642 605 3701 Jo.
684 3643 820 3698 Ant.
899 3640 1057 3698 Cam
1077 3657 1269 3714 pano
1360 3639 1628 3714 aliisque.
1705 3672 1793 3684 -—
1848 3640 2091 3698 edendis
2124 3639 2399 3716 operibus
2444 3640 2930 3716 philosophorum
2964 3644 3127 3700 vete-

512 3730 552 3788 J
568 3747 854 3790 oannes
907 3728 1296 3804 Heynlein
1328 3746 1362 3785 a
1393 3727 1614 3803 Lapide
1650 3722 1793 3811 (von
1846 3748 1980 3786 rum
2012 3729 2385 3787 ethnicorum
2426 3733 2487 3788 et
2519 3734 2759 3806 patrum
2792 3735 2862 3788 ut
2895 3750 2939 3788 S.
2973 3732 3126 3789 Am-

510 3821 695 3888 Stein‚
744 3837 925 3894 prope
958 3816 1284 3876 Pforzbeim
1315 3817 1375 3873 in
1409 3817 1633 3874 ditione
1668 3816 1790 3892 spi·
1848 3817 2097 3876 brosii
2173 3821 2235 3876 et
2312 3837 2354 3876 S.
2418 3820 2845 3895 Augustini
2922 3816 3128 3900 (huius

1848 3902 2161 3989 epistolis).
2196 3906 2392 3982 Opera
2422 3927 2561 3966 vero
2592 3908 2817 3966 edenda
2846 3908 2912 3966 in
2943 3910 3124 3967 lecto-

591 4048 626 4110 1)
655 4041 735 4094 De
787 4041 827 4093 G
851 4039 1099 4110 gorgio
1140 4040 1540 4107 trapezuntino
1569 4057 1622 4108 p·
1652 4042 1788 4096 1021
1845 4015 1977 4054 rum
2011 3995 2382 4054 commodum
2428 3997 2705 4055 distinxit
2748 3998 2812 4055 in
2844 3998 3122 4073 capitula,

509 4130 747 4184 egimus.
769 4143 831 4151 -
849 4111 893 4163 Τ
910 4111 949 4164 h
965 4127 997 4165 o
1015 4130 1066 4163 m
1086 4126 1119 4163 a
1137 4128 1159 4163 s
1181 4110 1224 4163 D
1242 4128 1274 4165 o
1292 4128 1319 4162 r
1335 4129 1371 4163 n
1389 4111 1406 4163 i
1427 4112 1461 4164 b
1477 4127 1505 4163 e
1521 4128 1549 4162 r
1565 4129 1603 4178 g
1621 4109 1791 4163 Mem·
1848 4085 2065 4160 qnibus
2108 4088 2530 4161 argumentum
2571 4087 2915 4162 praemittit·
2978 4085 3123 4163 Ejus

509 4185 624 4240 min
631 4183 834 4255 gensis,
863 4182 1217 4236 decretorum
1238 4183 1563 4248 artiumque
1591 4181 1791 4235 libera-
1847 4174 2271 4233 Resolutorium
2300 4175 2608 4234 dubiorum
2628 4176 2781 4234 circa
2811 4176 3122 4234 missarum

508 4256 651 4312 lium
696 4255 894 4308 doctor
933 4259 990 4308 et
1028 4255 1357 4308 consulatus
1399 4253 1670 4321 spirensis
1696 4252 1789 4305 ad·
1845 4263 2298 4322 celebrationem
2346 4265 2787 4323 ocean-emim„
2818 4284 2887 4324 01
2918 4283 2993 4324 gg,
3025 4282 3121 4322 ω-

510 4328 763 4391 vocatus‚
808 4325 1075 4380 interfuit
1111 4324 1473 4394 inquisitioni
1518 4325 1580 4377 in
1619 4323 1790 4377 Joan·
1844 4370 2070 4411 nonum
2101 4352 2486 4427 probatorum
2529 4353 2834 4413 doctorum
2882 4357 3120 4413 senten-

509 4417 638 4452 nem
683 4398 752 4452 de
783 4397 1030 4451 Wesalia
1065 4401 1140 4479 (p.
1172 4400 1327 4478 1035)
1373 4399 1430 4448 et
1456 4395 1791 4476 compilavit
1842 4441 1909 4498 t..
2019 4443 2030 4454 .
2065 4442 2077 4454 .
2484 4469 2491 4479 ·
2905 4444 2917 4456 .
2958 4443 2971 4456 .

507 4474 778 4526 aur-colam
823 4486 886 4522 ex
953 4484 1304 4521 suavrssmns
1367 4466 1789 4535 salut1fer1sque
1872 4460 1946 4500 ¹¹⁸
1975 4442 2298 4518 dlhgentffl‘
2316 4443 2625 4501 collectum
2660 4462 2768 4502 SOU
2798 4443 3121 4503 declslones

507 4542 742 4597 floribus
789 4540 1026 4612 gloriosi
1070 4538 1402 4594 confessoris
1441 4539 1496 4591 b.
1543 4539 1788 4593 Hiero·
1845 4550 2055 4590 aureae
2101 4549 2346 4590 casuum
2380 4528 2559 4612 (166)
2607 4533 2760 4591 circa
2804 4532 3120 4592 missarum

505 4632 597 4683 ny
610 4614 721 4679 mi,
743 4613 954 4666 ROmaO
975 4611 1188 4668 1472511
1207 4610 1244 4665 f·
1267 4609 1601 4680 Composuit
1615 4610 1785 4664 etiam
1843 4621 2294 4680 celebrationem
2341 4639 2513 4696 saepe
2549 4618 2790 4704 (saltem
2821 4617 3027 4705 vicies)
3059 4625 3121 4681 et

504 4686 752 4739 indicem
772 4685 835 4738 in
855 4684 914 4739 ll.
941 4683 1043 4735 Vll
1070 4680 1406 4750 Compendii
1431 4682 1788 4752 theologicae
1845 4710 2021 4768 variis
2055 4710 2119 4768 in
2149 4710 2294 4768 locis
2324 4709 2561 4786 prodiit·
2625 4712 2817 4788 Opera
2862 4712 3119 4787 philoso-

504 4757 762 4811 veritatis
791 4757 878 4820 (cf.
906 4769 1078 4824 supra
1102 4772 1154 4822 p.
1176 4757 1316 4819 383),
1346 4753 1501 4821 quod
1527 4769 1654 4807 cuin
1682 4753 1786 4807 illo
1926 4800 1937 4811 .
2167 4799 2177 4810 .
2494 4802 2505 4812 .

504 4828 1002 4899 prodiits.l.1473‚
1034 4825 1184 4877 unde
1202 4841 1485 4879 nonnemo
1504 4825 1610 4878 hoc
1629 4825 1786 4879 Com·
1841 4800 2011 4875 Phlca
2045 4798 2308 4858 Baffllefle
2340 4801 2693 4874 promerunt
2742 4820 2878 4860 0¹11·ss
2911 4802 3116 4860 Amer-

1841 4887 1969 4946 baci
2016 4889 2145 4963 ejus
2196 4888 2502 4965 discipuli3
2553 4890 2885 4967 theologica
2942 4891 3119 4967 plura

504 4899 777 4971 pendium
805 4897 914 4967 ipsi
943 4895 1160 4951 tribuit.
