3475 5364
368 336 501 389 ⁴245
603 366 606 369 =

379 513 433 567 2.
469 524 524 581 p.
559 503 698 564 Vita
747 505 800 564 b.
832 506 924 566 Jo.
959 507 1462 579 Rusbroehii3
1494 528 1549 584 p.
1586 518 1656 571 3:

247 668 258 676 ·
375 593 512 652 Vita
541 594 612 651 fr.
644 593 737 656 J0.
784 595 856 653 de
903 596 1197 655 Leuwis
1242 597 1393 656 alias
1437 596 1510 655 de
1556 599 1658 657 Af-

377 682 622 760 fliginio‚
669 684 772 758 qui
820 684 1016 745 dictus
1058 690 1148 745 est
1179 687 1382 745 Bonus
1414 704 1657 762 coquus,

376 771 439 831 in
456 772 906 832 Anal.Bolland.
947 783 1129 840 1884.
1159 774 1257 845 IV,
1292 785 1658 840 263-333.

375 894 462 904 —
514 862 908 921 Martinus
971 863 1042 922 de
1101 864 1449 943 Senging
1499 865 1657 924 OSB.

378 950 540 1025 prior
571 950 634 1008 in
666 970 756 1027 ep.
805 952 878 1010 ad
910 953 1200 1012 Joannem
1242 953 1314 1012 de
1347 954 1656 1013 Weilhaim

372 1035 504 1122 (28.
539 1040 663 1099 Oct.
710 1036 897 1121 1457)
927 1042 1112 1101 refert
1142 1044 1211 1101 de
1240 1051 1398 1103 statu
1431 1062 1659 1103 monas-

377 1130 510 1187 terii
539 1129 954 1202 bursfeldensis
984 1132 1098 1190 sub
1115 1131 1358 1191 initium
1394 1151 1535 1191 suae
1565 1152 1658 1191 re-

377 1218 774 1289 formationis,
823 1239 1002 1296 quam
1053 1222 1164 1279 Pez
1212 1222 1275 1279 in
1306 1222 1447 1280 bibl.
1482 1226 1656 1281 ascet.

377 1306 533 1375 VIII,
589 1318 935 1373 550—555
987 1309 1260 1385 publicae
1307 1311 1426 1369 luci
1476 1310 1656 1370 dedit.

376 1396 468 1454 Ad
488 1413 645 1455 conc.
667 1397 994 1457 basileense
1013 1399 1229 1458 direxit
1255 1401 1545 1460 Tuitiones
1564 1402 1657 1460 ob-

942 320 1241 385 Martinus‚
1267 321 1515 375 Joannes
1544 320 1763 385 eichst„
1792 321 1997 390 Meyer,
2024 322 2109 377 Jo.
2139 323 2446 392 Bragman.

2870 344 2992 395 946

1712 508 2047 584 theologiae
2080 509 2278 578 lector,
2311 508 2453 568 olim
2504 509 2712 568 laxiori
2757 509 2992 585 regula-

1714 615 1846 656 rum
1880 598 2291 657 observantiae
2307 598 2563 668 deditus,
2579 617 2647 658 ex
2664 598 2835 657 corde
2856 617 2993 658 con-

1714 705 1923 746 versus
1955 687 2146 746 factus
2178 690 2272 747 est
2292 687 2609 746 strictioris
2640 687 2994 763 disciplinae

1715 776 2155 835 fervidissimus
2170 776 2489 852 apostolus.
2510 776 2852 836 Incredibili
2872 777 2994 836 zelo

1714 864 2066 925 Hollandiae
2097 870 2159 924 et
2187 866 2534 925 Germaniae
2549 865 2843 925 inferioris
2859 886 2993 942 pro-

1713 954 1938 1013 vincias
1970 955 2306 1032 peragravit
2339 973 2514 1013 verus
2547 954 2752 1031 populi
2773 955 2835 1014 in
2849 956 2995 1013 vitia

1714 1044 1988 1121 prolapsi,
2023 1044 2166 1102 cleri
2217 1044 2479 1103 universi
2529 1048 2593 1103 et
2625 1044 2848 1103 ordinis
2900 1045 2997 1103 sui

1711 1132 2093 1192 reformator:
2127 1133 2464 1208 multosque
2479 1137 2804 1193 conventus
2821 1134 2991 1192 stric-

1712 1222 1851 1281 tiori
1883 1223 2294 1280 observantiae
2325 1221 2556 1282 deditos
2589 1241 2827 1297 quaqua
2857 1241 2986 1281 ver—

1713 1329 1817 1370 sus
1849 1330 2066 1388 magna
2096 1311 2287 1387 plebis
2335 1311 2689 1370 christianae
2721 1310 2991 1370 aedifica-

1711 1400 1873 1458 tione
1904 1399 2182 1459 condidit.
2233 1400 2387 1459 Hinc
2417 1400 2575 1459 inter
2604 1400 2824 1476 primos
2859 1420 2993 1475 pro·

374 1488 943 1564 servantiam-cyme
961 1507 1005 1547 s.
1027 1489 1417 1559 Benedicti,in
1436 1490 1657 1565 quibus
1714 1489 1941 1548 vinciae
1975 1489 2328 1548 coloniensis
2375 1490 2728 1549 reformatae
2778 1489 2992 1548 funda-

364 1573 616 1634 -disserit
633 1574 707 1633 de
727 1580 895 1636 statu
917 1578 1407 1637 monasteriorum
1427 1580 1657 1639 OSB.in
1712 1581 1873 1637 tores
1906 1582 1998 1638 est
2026 1578 2447 1648 numerandus,
2481 1580 2651 1654 cujus
2666 1582 2727 1638 et
2744 1579 2993 1637 vicarius

377 1664 633 1734 Austri&
669 1665 747 1723 ib·
770 1686 903 1743 pag·
943 1676 1416 1731 505—55o.—
1439 1669 1531 1726 Ab
1551 1669 1659 1727 hoc
1713 1668 1846 1726 fuit.
1882 1667 2051 1726 Obiit
2099 1668 2331 1727 meritis
2382 1668 2595 1744 plenus
2645 1667 2993 1743 prophetico

381 1753 535 1811 alius
611 1758 704 1812 est
781 1756 1174 1815 Martinus
1238 1757 1395 1816 OSB.
1465 1758 1659 1833 patria
1714 1776 1949 1832 quoque
1994 1757 2214 1832 spiritu
2260 1757 2454 1815 clarus
2513 1769 2608 1819 19.
2643 1757 2767 1816 Oct.
2808 1767 2993 1820 1473.

376 1841 717 1919 Euagon-us,
742 1845 1505 1907 monachusinmonasterio
1522 1848 1658 1906 Sco·
1728 1845 1919 1904 Vitam
1962 1866 2007 1904 s.
2041 1847 2348 1905 Lidwinae
2394 1844 2452 1924 (†
2493 1844 2685 1928 1433)
2732 1850 2826 1905 ter
2855 1847 2994 1905 scri-

367 1933 578 1990 torum
611 1931 891 2004 Viennae,
925 1935 1099 2009 cujus
1120 1934 1344 1995 electus
1367 1940 1460 1995 est
1477 1936 1658 1995 abbas
1715 1936 1854 2012 psit.
1917 1935 2119 1993 Prima
2177 1935 2402 2011 prodiit
2450 1935 2725 1995 Coloniae
2796 1945 2991 1999 1483:

367 2016 622 2101 (1446).
686 2023 737 2080 A
769 2023 1014 2082 Nicolao
1047 2024 1276 2083 Cusano
1309 2024 1657 2103 designatus
1706 2026 1885 2100 juxta
1917 2024 2092 2083 Dirks
2125 2025 2275 2083 Hist.
2310 2025 2397 2082 lit.
2420 2044 2473 2099 p.
2500 2036 2535 2087 4
2559 2024 2800 2084 Lovanii
2830 2033 2989 2087 1485

377 2114 471 2167 est
501 2111 606 2185 qui
655 2128 791 2169 cum
837 2112 1072 2171 duobus
1122 2113 1256 2172 aliis
1304 2116 1658 2174 monasteria
1714 2114 1843 2172 sine
1893 2114 2152 2172 auctoris
2202 2113 2457 2172 nomine.
2520 2114 2665 2172 Cum
2714 2131 2852 2171 vero
2903 2112 2991 2171 Jo.

365 2191 533 2262 ⁵083.
612 2200 945 2275 provinciae
1008 2203 1435 2262 ecclesiasticae
1490 2204 1655 2263 salis·
1715 2202 2038 2261 Gerlach
2073 2202 2321 2262 eandem
2353 2202 2584 2277 plenius
2617 2203 2994 2278 descripserit

376 2287 690 2365 burgensis
722 2289 999 2348 visitaret
1028 2295 1091 2350 et
1108 2292 1474 2362 reformaret,
1499 2292 1657 2368 quod
1714 2291 1901 2371 (Delft
1941 2301 2136 2359 14873
2184 2287 2394 2371 1490),
2446 2292 2626 2367 hujus
2676 2292 2863 2350 vitam
2908 2292 2993 2351 la-

373 2378 678 2451 praestitit
708 2397 829 2438 non
861 2380 990 2438 sine
1025 2381 1232 2439 multis
1264 2381 1568 2440 laboribus
1600 2386 1662 2441 et
1713 2381 1839 2439 tine
1857 2381 2037 2439 vertit
2055 2379 2574 2456 additionibusque
2594 2381 2993 2457 locupletavit.

376 2465 845 2531 difficultatibus,
922 2469 1315 2529 Renunciavit
1374 2490 1421 2528 a.
1495 2481 1656 2534 1455
1716 2470 1873 2529 Haec
1920 2473 2224 2545 tamquam
2275 2470 2400 2527 vita
2446 2470 2611 2545 prior
2658 2469 2883 2545 prodiit
2932 2469 2992 2527 in

366 2554 662 2632 dignitati
693 2556 996 2628 abbatiali,
1030 2561 1101 2617 ut
1132 2560 1395 2634 quietius
1430 2560 1658 2620 incum-
1713 2561 1845 2618 Act.
1879 2559 1975 2618 SS.
2019 2569 2111 2620 14.
2146 2560 2284 2635 Apr.
2318 2559 2392 2627 ΙΙ,
2431 2568 2736 2622 270-273.
2800 2558 2995 2633 Hujus
3054 2597 3057 2600 -

377 2643 545 2704 beret
575 2646 899 2706 scribendis
945 2648 1122 2707 variis
1154 2649 1432 2725 operibus
1465 2644 1527 2731 (†
1562 2659 1658 2714 29.
1713 2648 1965 2708 Thomas
2015 2668 2049 2707 a
2098 2648 2338 2724 Kempis
2371 2647 2672 2725 epitomen
2721 2648 2991 2709 confecit.

378 2733 416 2792 J
421 2735 500 2792 ul.
546 2731 770 2817 1470):
805 2755 873 2795 ex
906 2737 997 2795 his
1015 2740 1217 2796 tamen
1238 2740 1298 2797 ll.
1323 2742 1659 2816 argumenti
1715 2758 1867 2814 quae
1899 2738 2058 2797 inter
2089 2738 2219 2812 ejus
2252 2737 2470 2813 prodiit
2501 2756 2677 2813 opera
2707 2737 2793 2797 ed.
2829 2737 2994 2796 Som-

363 2824 577 2900 ‘potius
627 2824 864 2884 ascetici
912 2827 1134 2902 prodiit
1190 2833 1427 2888 tantum
1479 2830 1515 2887 l.
1568 2829 1657 2887 in·
1713 2828 1877 2886 malii
1910 2827 2013 2897 ΙΙΙ,
2056 2836 2197 2891 114.
2231 2827 2497 2902 Denique
2513 2845 2724 2886 novam
2757 2826 2993 2886 concin-

377 2913 634 2988 scriptus
699 2915 1066 2974 Senatorium
1127 2918 1284 2991 apud
1335 2917 1496 2977 Hier.
1547 2918 1659 2978 Pez
1715 2917 1881 2975 navit
1943 2916 2127 2974 vitam
2179 2934 2245 2973 ex
2298 2916 2550 2974 aliorum
2601 2916 2993 2975 relationibus

376 3002 586 3078 Script.
621 3022 729 3061 rer.
764 3004 1040 3066 austriae.
1073 3005 1148 3074 ΙΙ.
1188 3016 1312 3070 626
1331 3025 1424 3076 ss..
1459 3007 1658 3081 inquo
1712 3010 1962 3075 auctam,
2011 3024 2161 3080 quae
2205 3004 2429 3081 prodiit
2461 3005 2785 3064 Schiedami
2829 3014 2990 3068 1498

375 3092 559 3150 refert
587 3090 660 3150 de
693 3110 756 3152 se
787 3094 977 3168 deque
1025 3094 1368 3154 visitatione
1419 3115 1526 3154 sua
1555 3097 1656 3155 de·
1712 3096 1800 3152 ed.
1835 3094 2156 3163 rarissima,
2192 3095 2255 3151 in
2276 3095 2404 3156 Act.
2439 3094 2533 3154 SS.
2569 3094 2645 3152 ib.
2679 3115 2734 3170 p.
2775 3104 2990 3158 306—-

365 3198 492 3254 que
523 3179 653 3239 aliis
673 3183 1058 3258 argumentis.
1092 3202 1242 3258 qnae
1261 3184 1334 3243 ad
1356 3186 1655 3244 historiam
1716 3193 1860 3246 364.
1912 3183 2254 3242 Elaboravit
2284 3202 2523 3259 quoque
2573 3184 2874 3258 piissimas
2925 3186 2994 3240 de

369 3269 654 3327 Austriae
730 3275 1005 3346 spectant
1018 3268 1082 3353 1).
1161 3307 1246 3315 —
1307 3273 1349 3331 J
1364 3293 1558 3333 oann
1579 3294 1610 3333 e
1629 3294 1656 3332 s
1711 3275 1829 3330 vita
1860 3272 2078 3331 Christi
2097 3272 2529 3342 meditationeS,
2565 3291 2712 3347 quas
2731 3272 2994 3347 primum

376 3358 688 3434 episeopus
720 3360 1161 3420 eichstettensis
1194 3359 1349 3442 (111.)
1401 3364 1657 3422 illustris
1710 3361 1899 3419 edidit
1960 3362 2103 3420 Mon
2165 3380 2256 3436 op.
2320 3362 2415 3419 cit.
2484 3361 2554 3430 ΙΙ,
2623 3370 2991 3424 283—407.

367 3444 889 3526 (1445-1464).
954 3469 1132 3525 quem
1179 3452 1322 3510 Pius
1368 3452 1440 3509 II.
1505 3452 1658 3511 dixit
1711 3449 1946 3518 Quanta
2007 3453 2204 3509 autem
2254 3449 2437 3508 fuerit
2487 3450 2548 3506 in
2595 3449 2991 3509 concionando

374 3536 754 3603 ,columnam
831 3558 1075 3599 auream
1150 3548 1213 3599 et
1279 3541 1654 3616 praeeipuam
1709 3539 2005 3606 facundia,
2053 3539 2244 3613 liquet
2302 3558 2369 3596 ex
2421 3537 2628 3614 adagio
2677 3556 2868 3613 usque
2918 3539 2989 3595 ad

376 3625 726 3694 Ecclesiae‚“
804 3632 1011 3686 narrat
1084 3631 1387 3688 historiam
1463 3632 1652 3703 refor-
1708 3627 2487 3704 nostratcmporaapopulo
2506 3631 2820 3702 usurpato:
2857 3628 2986 3684 Uti-

377 3713 652 3773 mationis
703 3720 1045 3775 monasterii
1091 3739 1136 3776 s.
1205 3720 1544 3799 Walpuryis
1591 3720 1653 3778 in
1710 3736 1846 3775 nam
1893 3725 1964 3776 ut
1995 3718 2302 3793 Brugman
2348 3715 2515 3790 loqui
2562 3734 2790 3791 possem
2805 3716 2869 3794 ¹).
2906 3750 2990 3760 —-

375 3802 514 3860 bibl.
562 3808 734 3864 ascet.
781 3806 868 3865 ed.
916 3826 950 3864 a
994 3807 1105 3865 I'ez
1141 3807 1294 3868 VIII.
1333 3819 1653 3872 650--71-

374 3925 462 3936 —
494 3892 752 3953 «Ioannes
798 3895 1048 3972 Meyer
1099 3896 1161 3955 Ο.
1197 3897 1289 3960 Pr.
1335 3892 1419 3978 (fl.
1460 3895 1653 3976 1460)

376 3981 618 4055 collegit
649 3983 683 4040 l.
726 3985 794 4042 de
823 3987 967 4042 viris
994 3986 1318 4044 illustribus
1351 3987 1412 4045 Ο.
1447 3986 1652 4045 Praed.

1791 3893 1825 3954 Γ)
1852 3889 2086 3942 Janssen
2136 3889 2177 3951 Ι,
2227 3892 2331 3944 682
2384 3892 2578 3942 annot.
2625 3886 2710 3941 ed.
2758 3891 2825 3943 18
2843 3908 2853 3939 :
2902 3888 2989 3941 JO.

1712 3960 1755 4011 B
1772 3978 1800 4012 r
1820 3979 1854 4013 u
1872 3977 1977 4028 gm
1990 3977 2071 4013 an
2098 3976 2201 4012 aus
2220 3960 2470 4029 Kempen
2489 3976 2581 4012 am
2600 3958 2989 4020 Niederrhein,

1710 4030 1810 4084 der
1826 4030 2075 4101 innigste
2092 4031 2315 4086 Freund
2336 4032 2434 4085 des
2451 4033 2531 4086 als
2548 4029 2992 4085 Reformations-

369 4089 470 4145 PP-
505 4070 601 4140 VI,
636 4091 812 4147 quem
860 4074 946 4131 ed·
981 4074 1154 4133 M0¹10
1187 4074 1652 4143 QuellenSssmm·
1711 4101 1977 4171 theologe
2040 4102 2099 4155 iu
2162 4121 2306 4172 ganz
2371 4102 2601 4171 Europa
2665 4100 2990 4155 beka-auten

369 4159 524 4235 lung
574 4180 679 4220 zur
733 4162 1046 4222 badischen
1095 4163 1519 4240 Landesgesch.
1554 4165 1651 4233 IV,

383 4256 459 4309 13
481 4271 494 4318 ;
529 4251 927 4326 fragmentum
951 4252 1140 4311 edidit
1160 4254 1384 4311 Denifle
1400 4254 1464 4312 in
1482 4255 1654 4315 Arch.

369 4337 412 4393 f.
446 4336 746 4397 Literatur
775 4344 884 4398 etc.
919 4342 975 4399 11
1006 4337 1251 4422 (1886),
1297 4353 1413 4425 1¹90
1449 4363 1489 4401 S·

469 4526 502 4576 4
515 4526 545 4577 5
558 4527 612 4578 9.
647 4517 950 4596 Haqioloqi
967 4519 1147 4578 fuere:
1164 4519 1203 4577 J
1205 4539 1422 4579 oannes
1435 4522 1481 4578 B
1493 4541 1522 4578 r
1539 4542 1576 4580 u
1589 4541 1655 4598 g-

1712 4173 2016 4241 Dionysius
2034 4174 2232 4228 Riekel
2261 4192 2376 4226 war
2392 4175 2574 4227 neben
2593 4173 2718 4226 dem
2749 4173 2991 4226 Franzis-

1711 4245 1889 4299 kaner
1907 4245 2063 4299 Died.
2083 4245 2288 4299 Coelde
2306 4245 2461 4299 einer
2478 4248 2576 4298 der
2592 4244 2822 4315 gewalti
2867 4246 2991 4296 sten

1712 4316 2156 4388 Volksprediger
2182 4319 2365 4369 seiner
2392 4315 2514 4369 Zeit
2538 4316 2656 4369 und
2671 4315 2755 4369 als
2773 4333 2832 4368 so
2860 4316 2993 4368 cher

1711 4388 1850 4440 zwei
1876 4388 2217 4441 Jahrzehnte
2246 4387 2531 4441 hindurch
2558 4387 2619 4440 in
2647 4387 2757 4440 den
2774 4386 2992 4439 nieder-

1711 4459 2027 4513 deutschen
2054 4458 2369 4513 Provinzen
2398 4458 2599 4512 rastlos
2627 4457 2836 4527 thatig.
2868 4457 2912 4509 V
2916 4458 2991 4527 gl.

1712 4532 1851 4584 iiber
1896 4529 1995 4583 ihn
2043 4530 2236 4584 Theol.
2279 4529 2519 4584 Studien
2566 4530 2682 4582 und
2724 4528 2993 4581 Kritiken

369 4624 540 4662 man
573 4602 981 4688 (Brugnanus)
1031 4609 1094 4666 Ο.
1128 4610 1267 4667 Min,
1302 4610 1656 4686 Hempensig
1712 4605 1853 4658 1860
1896 4602 1947 4655 S.
1976 4605 2275 4666 165--174,
2318 4602 2420 4655 ubi
2459 4601 2682 4671 magnis
2721 4599 2991 4653 encomiis

371 4694 437 4751 in
499 4694 725 4754 ditione
777 4696 993 4757 Oliviae
1045 4717 1099 4755 n.
1151 4699 1301 4757 forte
1364 4719 1409 4756 c.
1472 4711 1653 4768 1400.

456 4891 488 4948 ¹)
518 4884 599 4938 Cf.
627 4885 1030 4938 Braunmiiller
1056 4885 1169 4940 KL.
1202 4885 1349 4948 VllI,
1376 4891 1498 4941 935.

1711 4673 2027 4728 celebratur
2054 4671 2114 4726 in
2142 4673 2468 4726 recensione
2509 4672 2628 4726 scil.
2657 4671 2869 4740 egregii
2901 4689 2991 4740 op.

1711 4744 1743 4796 J
1749 4743 1838 4796 oh.
1866 4743 2159 4814 Brugman
2203 4745 2321 4798 und
2367 4744 2469 4796 das
2516 4743 2777 4813 religiose
2805 4743 2991 4794 Leben

1714 4831 1945 4868 unserer
1972 4819 2145 4870 Viiter
2172 4815 2251 4868 im
2280 4820 2363 4872 15.
2390 4815 2832 4868 .Jal1rh.auct0re
2852 4813 2992 4866 Moll

1714 4887 2068 4940 Amsterdam
2100 4890 2239 4943 1854
2266 4889 2305 4938 t.
2332 4892 2379 4950 2,
2423 4887 2484 4938 in
2513 4903 2626 4952 quo
2654 4884 2993 4938 exhibentur
