3475 5364
411 368 431 419 1
458 365 572 418 177
785 349 1005 414 Garzia,
1032 348 1103 403 de
1129 349 1319 414 Como,
1348 347 1718 415 castellanus,
1748 350 2113 413 Alberteschi‚
2141 350 2228 405 Jo.
2257 350 2519 420 Hugonis
2545 353 2648 404 etc.
2856 370 2874 420 1
2897 368 3020 424 173

402 554 474 593 ss.
521 551 811 594 canonum
859 537 1187 611 interprete
1236 536 1315 617 (fl.
1359 532 1550 616 1513)
1598 571 1684 580 -
1741 540 1803 594 et
1832 538 1904 594 tr.
1938 536 2124 595 nostri
2155 535 2450 595 Bernardi
2479 538 2549 594 de
2577 538 2886 614 striyibus;
2918 523 3026 613 qui

403 624 727 683 Nicolao
774 626 1116 684 Simonis
1150 626 1213 683 Ο.
1246 625 1428 684 Carm.
1475 626 1684 684 Harle-
1743 624 1965 699 prodiit
2012 625 2190 684 etiam
2236 626 2295 683 in
2346 625 2685 685 collectione
2736 627 3020 685 similium

403 713 593 772 mensi
629 709 689 795 (†
729 712 941 793 1511),
977 716 1148 791 cujus
1180 716 1598 791 disputationes
1635 722 1684 772 et
1741 716 2184 791 opusculorum,
2232 715 2509 791 Lugduni
2557 724 2714 777 1669
2747 717 2809 774 in
2845 726 2900 778 4.
2935 747 3019 760 —-

401 805 761 877 repetitiones
789 803 1141 879 prodierunt
1173 804 1435 863 Venetiis
1484 812 1682 874 14873
1740 804 2077 863 Jacobus
2110 804 2612 862 castellanus
2645 805 2717 862 de
2749 804 2895 863 Fara
2927 824 3023 864 ca-

411 903 610 961 14973
642 893 711 950 cle
730 900 1007 965 potestate
1028 913 1258 970 papae,
1306 893 1682 968 imperatoris
1740 892 1988 952 nonicus
2019 893 2435 961 lateranensiS,
2484 894 2587 968 qui
2621 894 2800 953 Leoni
2832 895 2898 953 X.
2931 895 3019 953 di-

402 985 463 1040 et
493 982 724 1041 concilii
757 982 818 1039 ll.
857 993 887 1043 4
925 983 990 1041 in
1024 992 1078 1045 2.
1113 984 1150 1040 l.
1196 982 1411 1042 decret.
1452 983 1524 1041 de
1557 982 1681 1042 foro
1740 982 1895 1040 cavit
1925 986 1998 1040 tr.
2046 983 2114 1039 de
2146 982 2249 1041 SS.
2295 984 2760 1057 canonizatione,
2807 984 2869 1042 in
2903 1002 3024 1059 quo

403 1071 759 1146 competenti
805 1089 850 1130 c.
898 1071 949 1130 si
981 1071 1113 1147 quis
1147 1077 1351 1131 contra
1383 1073 1679 1142 clericum,
1739 1068 2052 1148 diligenter
2070 1071 2316 1129 collecta
2345 1075 2620 1146 recteque
2640 1072 2877 1149 digesta
2895 1073 3019 1131 edi-

404 1159 712 1220 Mediolani
742 1171 905 1222 1495
927 1182 941 1231 ;
985 1171 1092 1223 151
1112 1173 1168 1231 Ο,
1192 1180 1341 1237 quae
1361 1174 1560 1220 tamen
1581 1161 1682 1218 alii
1739 1161 1829 1218 dit
1860 1179 2245 1236 quaecunque
2277 1161 2385 1219 hac
2403 1160 2475 1219 de
2496 1179 2558 1219 re
2577 1161 2756 1219 allata
2776 1161 3024 1220 fuerunt

403 1249 686 1309 tribuunt
745 1250 870 1312 Nic.
933 1250 1315 1310 Tudeschi
1377 1249 1680 1309 Panormi·
1735 1254 1867 1308 tum
1901 1270 1935 1308 a
1972 1251 2127 1313 card.
2161 1249 2572 1308 Hostiensi
2618 1254 2799 1326 atque
2847 1271 2881 1310 a
2926 1269 3020 1309 ce·

402 1341 544 1399 tano
570 1336 615 1420 ¹)
650 1372 737 1382 -
768 1340 807 1397 J
822 1357 1056 1398 oanne
1088 1340 1324 1399 Mario
1359 1336 1440 1421 (le
1471 1335 1678 1419 Maire)
1736 1340 1881 1397 teris
1906 1339 2063 1413 juris
2097 1338 2381 1413 pontificii
2401 1338 2853 1414 professoribus,
2887 1343 3020 1398 tum

403 1428 601 1505 Belga,
634 1429 737 1504 qui
772 1430 1005 1504 praeter
1035 1428 1072 1486 l.
1107 1429 1450 1488 fabulosum
1470 1428 1543 1486 de
1565 1428 1679 1486 ori·
1739 1448 1772 1486 a
1803 1428 2000 1487 Troilo
2034 1430 2086 1486 M
2106 1427 2405 1486 alvetio
2453 1424 2548 1509 (cf.
2581 1448 2635 1504 p.
2680 1426 2887 1509 1070).
2931 1462 3018 1472 -

403 1517 540 1593 gine
557 1517 855 1577 Gallorum
890 1518 1203 1593 aTrojanis
1236 1519 1473 1594 scripsit
1504 1517 1679 1576 etiam
1740 1517 1880 1576 Sal.
1914 1516 2451 1587 Alberteschi,
2495 1519 2601 1592 qui
2634 1518 2916 1576 disseruit
2948 1518 3024 1575 de

404 1609 611 1666 contra
658 1606 871 1684 agendi
932 1608 1219 1666 rationem
1271 1607 1421 1666 Julii
1483 1607 1555 1665 II.
1618 1608 1682 1665 in
1739 1607 2034 1682 potestate
2078 1606 2469 1664 cardinalium
2513 1611 2748 1666 mortuo
2782 1607 2874 1665 vel
2906 1608 3016 1665 im·

401 1696 560 1754 bello
608 1695 891 1755 adversus
942 1697 1304 1756 Ludovicum
1352 1695 1460 1755 XII
1510 1697 1580 1754 de
1623 1696 1682 1754 la
1739 1696 1936 1773 pedito
1980 1714 2153 1771 papa,
2201 1695 2421 1754 Romae
2467 1713 2513 1757 c.
2555 1704 2738 1759 1520.
2791 1730 2866 1740 -
2898 1695 3018 1754 Jo-

402 1785 709 1858 difference
739 1787 837 1843 des
870 1785 1153 1845 Schismes
1192 1790 1252 1844 et
1283 1786 1385 1844 des
1420 1786 1681 1844 Conciles
1737 1803 1978 1843 annes
2028 1785 2382 1861 Hugonis
2441 1785 2663 1854 Alsata,
2728 1785 3024 1860 parochus

403 1874 475 1932 de
507 1873 763 1950 l’Eglise
793 1879 854 1933 et
884 1874 1034 1933 dela
1052 1876 1457 1951 preeminence
1473 1877 1533 1933 et
1560 1875 1680 1932 uti·
1741 1875 2124 1950 Argentorati
2168 1873 2242 1931 ad
2286 1891 2328 1931 a.
2368 1874 2653 1949 Stephani
2696 1874 3019 1942 ecclesiam,

404 1964 510 2022 lite
554 1963 657 2021 des
690 1964 950 2022 Conciles
996 1964 1068 2023 de
1113 1965 1172 2022 la
1217 1985 1263 2023 s.
1308 1963 1508 2042 Eglise
1541 1964 1680 2023 Gal·
1739 1962 2009 2022 notarius
2042 1962 2399 2038 apostolicus
2431 1966 2492 2020 et
2511 1980 2834 2033 caesareus,
2867 1964 3018 2038 Ray·

402 2052 606 2121 licane,
666 2062 822 2115 1511
865 2053 928 2111 in
961 2054 1017 2123 f.,
1064 2054 1104 2113 l.
1151 2053 1446 2128 quondam
1481 2053 1680 2128 prohi·
1739 2052 1948 2111 mundi
1998 2052 2177 2128 legati
2228 2052 2534 2126 apostolici
2595 2057 2656 2109 et
2708 2052 3026 2110 cardinalis

404 2141 952 2216 bitum—aliisque,
973 2161 1121 2218 quos
1133 2144 1256 2218 jam
1285 2142 1678 2214 laudavimus,
1739 2143 2047 2218 gurcensis
2092 2140 2460 2216 capellanus,
2513 2140 2854 2216 compilavit
2871 2137 2917 2220 ι)
2951 2159 3019 2199 ex

404 2231 476 2289 de
538 2232 902 2307 argumentis
962 2233 1359 2310 sinqularibus
1432 2235 1683 2308 egerunt
1731 2232 1869 2305 jure
1902 2230 2180 2289 canonico
2212 2233 2272 2288 et
2311 2247 2578 2288 caesareo
2619 2230 3020 2302 Quadruvium

404 2320 832 2379 Fortunius
864 2321 1130 2380 Garzia
1170 2320 1242 2379 de
1274 2320 1504 2389 Erzilla,
1540 2320 1683 2379 alias
1742 2318 2113 2401 (quadrigam
2192 2318 2383 2377 voluit
2443 2316 2662 2400 dicere)
2736 2319 3022 2377 Ecclesiae

405 2410 665 2485 Arteaga
694 2408 1000 2479 Cantaber,
1036 2412 1331 2470 Bononiae
1363 2410 1683 2485 primarius
1740 2413 1996 2484 quatuor
2028 2409 2423 2484 praelatorum
2465 2407 2720 2467 officium
2743 2453 2755 2477 ,
2803 2407 3020 2483 quibus

404 2498 606 2574 legum
638 2498 946 2574 interpreS,
982 2520 1015 2559 a
1049 2499 1244 2559 Carolo
1280 2500 1343 2559 V.
1375 2499 1439 2557 in
1470 2498 1679 2575 Hispa·
1741 2499 1932 2557 omnis
1978 2502 2172 2557 status
2216 2500 2348 2555 tum
2394 2496 2673 2556 secularis
2719 2501 2848 2556 tum
2881 2515 3024 2556 vero

405 2586 562 2645 niam
614 2594 890 2647 evocatus
940 2590 1141 2666 regius
1193 2588 1572 2648 consiliarius
1622 2592 1684 2646 et
1739 2587 2172 2646 ecclesiasticus
2234 2586 2584 2662 subjicitur,
2662 2587 3021 2663 Argentinae

405 2676 665 2752 supremi
699 2677 988 2738 castellae
1020 2684 1263 2738 senatus
1298 2682 1480 2756 pater,
1515 2678 1684 2754 cujus
1752 2687 1945 2746 15043
1979 2676 2158 2736 etiam
2188 2675 2264 2734 ib.
2287 2674 2648 2752 germanice:
2685 2676 2802 2734 Das
2822 2675 3020 2734 kirch-

404 2770 640 2842 praeter
665 2763 842 2848 alia2)
867 2773 1035 2828 sunt:
1071 2769 1158 2826 De
1175 2771 1375 2827 ultimo
1393 2768 1511 2842 fine
1530 2766 1682 2826 utri·
1740 2767 1891 2825 licbe
1923 2766 2327 2842 Viergespann
2371 2765 2513 2824 oder
2541 2765 2647 2823 der
2679 2765 2733 2822 h.
2767 2766 3022 2823 Kircben

405 2874 595 2931 usque
634 2857 789 2931 juris
823 2858 1084 2917 canonici
1117 2862 1177 2916 et
1208 2857 1414 2927 civilis,
1458 2858 1530 2915 de
1565 2851 1682 2932 pri-4
1739 2856 1861 2915 und
1884 2856 1988 2914 der
2005 2862 2150 2914 rom.
2166 2854 2741 2930 Reichswagenfuhr.
2775 2853 2855 2911 Hi
2874 2873 3021 2929 qua-

404 2964 498 3004 mo
544 2946 826 3021 principio
872 2950 933 3004 et
976 2947 1479 3022 subsequentibus
1512 2964 1681 3022 prae·
1737 2948 1879 3004 tuor
1899 2945 2164 3020 praelati,
2200 2944 2302 3019 qui
2323 2943 2614 3003 Ecclesiae
2634 2961 2871 3002 currum
2895 2948 3022 3001 tra-

406 3035 609 3109 ceptis,
672 3035 743 3092 de
807 3035 1170 3095 derivatione
1220 3040 1280 3095 et
1330 3035 1681 3094 differentiis
1741 3036 1909 3102 hunt,
1957 3038 2099 3092 sunt
2129 3033 2413 3109 pontifex,
2462 3034 2632 3108 cujus
2669 3034 2811 3108 jura
2842 3032 3019 3090 etiam

405 3123 739 3197 utriusque,
761 3124 1057 3184 Bononiae
1084 3135 1279 3195 15143
1320 3136 1482 3188 1517
1522 3122 1678 3204 (cum
1740 3125 1891 3182 circa
1938 3122 2289 3197 temporalia
2340 3139 2710 3198 summopere
2764 3121 3020 3188 extollit,

408 3211 565 3276 aliis)
600 3210 661 3269 in
692 3212 763 3280 f.;
811 3212 1084 3272 Coloniae
1138 3224 1300 3278 1585
1337 3214 1402 3271 in
1443 3223 1498 3277 8.
1532 3232 1681 3288 opus
1740 3213 2016 3288 episcopi,
2062 3211 2296 3288 parochi
2343 3216 2402 3270 et
2444 3211 2796 3286 imperator,
2847 3211 3019 3284 cujus

406 3318 439 3356 a
469 3301 822 3360 nonnemine
854 3322 1221 3378 summopere
1255 3302 1682 3372 collaudatum;
1739 3302 2204 3378 praerogativae,
2239 3318 2373 3358 curn
2394 3300 2670 3358 dominus
2692 3299 2773 3358 sit
2792 3298 3024 3368 mundi,

409 3388 481 3445 ad
501 3389 594 3446 tit.
616 3391 685 3447 de
700 3390 921 3460 iustitia
943 3399 992 3448 et
1003 3393 1150 3465 jure,
1166 3392 1463 3451 Bononiae
1484 3403 1504 3452 1
1525 3402 1593 3454 51
1615 3401 1680 3461 ’ἲς
1740 3391 2066 3465 plurimum
2098 3390 2370 3458 celebrat,
2405 3389 2505 3447 sed
2525 3408 2659 3447 eum
2678 3388 2870 3446 filium
2887 3393 3018 3446 vult

405 3478 755 3550 deeoepensis
772 3486 832 3537 et
851 3481 1361 3540 meliorationibus
1392 3485 1453 3538 et
1481 3499 1683 3555 sump-
1741 3498 1866 3539 esse
1913 3479 2330 3555 obsequiosum
2369 3478 2678 3536 Ecclesiae.
2743 3477 3021 3535 Concedit

405 3566 567 3625 tibus
601 3567 787 3627 bonae
807 3572 867 3627 et
886 3571 1077 3629 malae
1095 3570 1233 3628 fidei
1262 3587 1681 3646 possessorum,
1739 3572 1939 3627 tamen
1971 3569 2125 3644 eijus
2169 3571 2422 3644 urgente
2469 3584 2643 3625 causa
2689 3565 3024 3641 deponendi

405 3656 983 3717 usufructuariorum
1018 3662 1234 3717 etc.—
1265 3659 1492 3718 Berua
1510 3659 1682 3716 rdus
1741 3677 1885 3717 rom.
1932 3657 2283 3732 pontificem.
2353 3657 2567 3715 Contra
2613 3658 2751 3713 Ant.
2798 3654 3019 3714 Roselli

405 3744 475 3802 de
508 3746 716 3805 Como
759 3747 821 3806 Ο.
856 3748 1061 3807 Praed.
1108 3748 1243 3807 fidei
1291 3767 1497 3806 censor
1544 3744 1605 3828 (†
1638 3765 1682 3805 c.
1743 3743 1838 3827 (cf.
1873 3766 2052 3821 supra
2081 3766 2136 3822 p.
2174 3742 2327 3824 965)
2376 3749 2448 3803 tr.
2482 3746 2553 3804 de
2589 3751 2867 3817 potestate
2905 3763 3022 3818 pa·

415 3831 624 3915 1510),
658 3836 718 3893 in
751 3838 984 3895 lucerna
1004 3839 1411 3914 inquisitorum
1440 3839 1683 3896 haereti-
1736 3854 1867 3911 pac,
1900 3835 2280 3912 Argentorati
2326 3845 2506 3897 1504.

404 3943 500 3982 cae
520 3927 855 4000 pravitatis,
903 3927 964 3985 in
1009 3947 1127 4002 qua
1172 3927 1512 3986 summatim
1546 3944 1683 3984 con-

403 4013 631 4071 tinetur
652 4015 944 4090 quidquid
964 4016 1331 4075 desideratur
1348 4016 1418 4074 ad
1434 4016 1684 4090 hujusce

406 4109 677 4160 sanctum
699 4123 915 4163 munus
935 4105 1342 4181 inquisitionis
1362 4122 1683 4179 exsequen-

405 4190 565 4260 dum,
603 4193 910 4251 Mediolani
954 4204 1116 4257 1566
1141 4195 1202 4253 in
1227 4202 1296 4265 83
1330 4213 1462 4253 cum
1498 4210 1683 4252 anno-

1836 4058 1976 4112 558.
2011 4049 2430 4106 convertamus
2462 4067 2569 4107 nos
2591 4047 2664 4105 ad
2686 4049 3020 4122 theoloyiam

1741 4138 2012 4195 moralem
2032 4141 2092 4196 et
2105 4138 2472 4212 pastoralem.
2507 4137 2650 4196 Com
2663 4135 2810 4195 edus
2829 4136 2864 4194 S
2878 4156 2919 4194 u
2932 4155 3019 4192 m-

1739 4247 1798 4283 m
1815 4246 1846 4285 e
1863 4247 1903 4284 n
1919 4227 1956 4284 h
1974 4246 2007 4284 a
2021 4229 2093 4284 rt
2122 4225 2720 4302 wurtembergensis,
2753 4244 2808 4282 n.
2831 4225 2895 4282 in
2915 4242 3021 4300 op-

403 4280 733 4380 tfltffinffss'uss
777 4282 867 4340 Fr·
909 4281 1177 4385 Pe‘fiaffi
1223 4285 1439 4385 Rf’mffe
1480 4291 1679 4383 {5843
1739 4315 1880 4391 pido
1911 4316 2082 4384 Calw,
2116 4315 2355 4373 Parisiis
2388 4315 2601 4373 studiis
2633 4315 2881 4385 vacavit,
2915 4312 3022 4372 ubi

406 4368 668 4427 Venetus
698 4381 880 4440 1596,
916 4390 1012 4431 cui
1035 4373 1515 4448 editioniadJect1
1538 4374 1683 4431 sunt
1739 4411 1799 4463 et
1862 4404 2224 4462 baccalaurei
2287 4404 2538 4481 gradum
2602 4407 2692 4461 est
2767 4404 3022 4478 adeptus

405 4458 540 4561 duo.
563 4461 639 4515 ω’·
687 4460 776 4559 J.⁰'
818 4461 1135 4562 Gers⁰.n’
1186 4463 1339 4563 aum..
1383 4463 1452 4519 de
1486 4468 1680 4536 l'moe'
1741 4491 1985 4575 (1476),
2020 4497 2081 4552 ct
2099 4493 2291 4551 factus
2325 4494 2615 4568 professor
2646 4493 2710 4550 in
2740 4493 3021 4551 facultate

403 4553 643 4604 aunone
674 4566 827 4606 cmm
858 4555 1162 4609 maumam
1200 4550 1374 4620 fide¹3
1420 4551 1571 4609 aster
1615 4551 1685 4608 de
1742 4583 1961 4642 artium
1993 4582 2322 4641 academiae
2365 4585 2708 4641 neoerectae
2739 4580 3020 4656 tubinga-

402 4636 584 4711 siynis
606 4640 965 4709 pertinaciae
1008 4642 1322 4698 haereticae
1345 4642 1681 4716 pravitatiS,

486 4847 521 4898 'l
549 4841 631 4896 Cf.
662 4842 952 4897 Fabricius
986 4844 1045 4908 V,
1074 4851 1193 4901 125.
1823 4851 1857 4916 ¹)
1887 4843 1967 4898 Cr.
2011 4843 2269 4897 Schmidt
2311 4843 2451 4896 Hist.
2493 4843 2688 4896 Litter.
2734 4841 2909 4895 d'Als.
2954 4840 3018 4894 11.

479 4922 516 4972 2')
546 4913 670 4968 Nic.
702 4915 983 4968 Antonius
1014 4916 1051 4979 Ι,
1079 4921 1183 4972 395
1211 4934 1252 4971 8.
1741 4922 1802 4972 51
1827 4921 1968 4971 -55,
