3475 5364
574 396 657 450 ‘19

1259 384 1629 437 1109—1141.
1656 378 1972 449 Theologia
1998 377 2238 448 mystica
2266 382 2324 434 et
2349 385 2525 449 praet.

3038 372 3224 449 'so

573 563 890 623 tudinibus
910 559 1235 646 (405—41
1255 559 1341 646 4).
1377 565 1730 641 Explanatio
1743 559 1854 645 (al-
1912 566 1950 623 1.
1993 576 2043 627 l.
2063 564 2425 623 narrationis
2448 567 2510 624 et
2530 564 2959 639 disputationis
2978 564 3226 623 seriem

572 653 834 730 legorica
864 665 925 712 et
956 653 1341 732 tropologica)
1373 654 1438 712 in
1469 654 1768 713 canticum
1800 653 1855 712 b.
1912 654 2152 713 deducit
2199 674 2234 712 a
2283 652 2574 729 principio
2625 653 2834 711 mundi
2874 671 3072 728 usque
3133 653 3222 711 ad

570 742 794 802 Mariae
825 737 988 824 (Luc.
1030 753 1080 815 1,
1103 752 1358 806 46—55
1380 762 1435 818 p.
1456 739 1855 824 413—432):

569 833 928 908 quaestiones
988 839 1038 891 et
1099 834 1411 891 decisiones
1459 832 1524 890 in
1570 833 1854 908 epistolas

571 938 617 979 s.
652 920 826 979 Pauli
860 917 1237 1002 (431-634);
1286 940 1438 996 quae
1485 926 1684 980 tamen
1715 940 1851 980 auc-

570 1009 687 1067 tori
740 1013 945 1069 nostro
994 1010 1068 1068 ab
1118 1010 1412 1082 Haureau,
1468 1010 1694 1069 Denifle
1744 1014 1853 1070 etc.

571 1098 1007 1174 abjudicantur,
1042 1103 1103 1157 et
1133 1098 1365 1157 cuidam
1399 1099 1693 1175 discipulo
1726 1100 1854 1158 Hu-

570 1187 745 1264 gonis
820 1189 1206 1258 tribuunt-un
1293 1207 1400 1263 pro
1477 1189 1853 1266 genuinitate

569 1279 770 1335 tamen
822 1280 985 1335 stant
1034 1277 1190 1335 Hist.
1241 1277 1332 1335 lit.
1377 1277 1450 1335 de
1483 1278 1537 1336 la
1567 1279 1692 1348 Fr.;
1726 1278 1853 1335 Kil-

568 1366 846 1441 genstein
894 1370 1004 1425 etc.
1038 1364 1427 1424 Posteriorum
1440 1362 1487 1449 ¹)
1536 1370 1849 1441 excerptio-

570 1473 710 1512 num
730 1456 786 1517 ll.
810 1453 897 1514 :20
919 1455 1291 1514 continentes
1309 1454 1625 1532 utriusque
1646 1456 1849 1515 Testa-

572 1544 757 1602 menti
789 1543 1120 1621 allegorias,
1155 1561 1304 1619 opus
1335 1564 1551 1621 magna
1581 1564 1648 1603 ex
1682 1549 1853 1621 parte

568 1631 839 1694 dubium.
904 1632 993 1691 Ob
1039 1632 1144 1691 hos
1190 1632 1252 1690 in
1286 1651 1329 1693 s,
1365 1633 1733 1710 Scripturam
1766 1633 1851 1692 la-

569 1718 744 1779 bores
780 1720 1027 1796 Cornely
1059 1720 1370 1797 Hugonem
1391 1722 1740 1782 melioribus
1760 1722 1851 1781 in-

569 1810 939 1884 terpretibus
1031 1808 1470 1891 adnumerat2):
1564 1813 1851 1888 sagacitas

566 1900 768 1957 tamen
812 1898 1042 1976 ingenii
1090 1900 1350 1958 auctoris
1402 1901 1594 1959 nostri
1628 1901 1691 1959 in
1723 1901 1851 1959 suis

567 1986 805 2063 scriptis
839 2005 909 2046 se
942 1988 1142 2046 minus
1174 1988 1391 2063 prodit.
1423 2023 1509 2032 —
1544 1991 1851 2049 Commen-

567 2076 857 2135 tariorum
869 2079 929 2134 in
940 2077 1330 2135 hierarchiam
1341 2076 1622 2137 coelestem
1643 2098 1690 2140 s,
1710 2079 1851 2137 Dio-

566 2165 725 2241 nysii
756 2166 1150 2243 Areopagitae
1194 2167 1521 2225 secundum
1552 2168 1852 2243 interpre-

1911 742 2378 802 incarnationem
2423 741 2632 811 Verbi3
2683 742 2748 800 in
2779 742 2816 801 l.
2853 751 2886 804 2
2924 739 3043 822 (pp.
3099 739 3223 822 18)

1911 832 1984 891 ab
2017 832 2421 891 incarnatione
2452 831 2631 890 Verbi
2663 849 2858 904 usque
2909 830 2981 888 ad
3013 830 3223 889 finem

1910 925 1971 979 et
2032 921 2603 980 consummationem
2664 919 2936 978 omnium
2985 919 3224 979 ordine

1910 1009 2205 1086 procedit:
2248 1010 2470 1085 quibus
2502 1009 2736 1068 duobus
2767 1008 2849 1078 11.,
2903 1009 3008 1084 qui
3038 1008 3226 1067 duo-

1908 1099 2024 1157 bus
2071 1099 2431 1173 respondent
2475 1098 2891 1165 Testamentis,
2939 1116 2988 1160 s.
3033 1098 3220 1156 Scri·

1910 1191 2120 1264 pturae
2152 1187 2510 1265 theologiam
2532 1187 2770 1246 exhibet
2785 1191 2848 1260 1).
2882 1187 3006 1245 Hoc
3020 1205 3220 1263 prae-

1909 1277 2152 1352 cipuum
2184 1280 2276 1334 est
2307 1276 2565 1335 auctoris
2583 1275 2778 1335 nostri
2812 1294 2967 1350 opus
3000 1275 3219 1352 insig-

1909 1366 2002 1424 nis
2036 1365 2392 1443 sagacitatis,
2440 1365 2612 1440 cujus
2646 1384 2861 1442 magna
2910 1364 3028 1423 fuit
3060 1383 3220 1423 auc·

1907 1455 2118 1513 toritas
2181 1472 2363 1530 penes
2407 1460 2672 1530 posteros
2729 1453 3061 1530 theologos,
3117 1485 3218 1497 —-

1907 1545 2278 1602 Eruditionis
2321 1544 2706 1601 didascalicae
2751 1544 2807 1600 ll.
2860 1545 2920 1617 7,
2970 1542 3219 1617 quibus

1907 1632 2145 1691 exhibet
2160 1632 2457 1708 quandam
2472 1632 2662 1691 veluti
2677 1631 3216 1708 encyclopaediam

1907 1724 1967 1780 et
1998 1721 2514 1798 methodologiam‚
2567 1721 3081 1780 introductionem
3133 1719 3218 1778 ad

1908 1810 2175 1869 studium
2207 1829 2251 1868 s.
2269 1810 2609 1886 Scripturae
2641 1814 2698 1868 et
2721 1809 2966 1868 modum
2984 1827 3118 1884 quo
3138 1828 3214 1867 ex

1906 1918 2105 1957 rerum
2138 1899 2468 1958 visibilium
2502 1898 2974 1958 consideratione
3005 1898 3087 1957 ad
3113 1899 3217 1955 in-

1907 1987 2164 2046 visibilis
2197 1989 2376 2047 etiam
2409 1988 2644 2047 divinae
2677 1987 2992 2046 Trinitatis
3026 1988 3216 2064 agni-

1906 2077 2133 2135 tionem
2165 2095 2474 2152 assurgere
2506 2077 2803 2153 possimus
2854 2072 2936 2157 (p.
2975 2086 3204 2139 739—

1910 2164 2083 2243 838).
2114 2166 2380 2224 Libellus
2432 2167 2502 2224 de
2528 2172 2798 2241 potestate
2828 2172 2878 2223 et
2907 2167 3218 2224 voluntate

568 2254 853 2313 tationem
898 2255 993 2314 Jo.
1038 2255 1194 2314 Scoti
1227 2255 1289 2313 ll.
1332 2266 1404 2319 10
1441 2252 1850 2335 (923·1154).
1907 2255 2017 2312 Dei
2066 2257 2201 2313 utra
2250 2255 2438 2329 major
2489 2256 2570 2313 sit
2631 2251 3081 2334 (⁸39—842);
3140 2256 3214 2313 de

570 2376 658 2385 —
680 2343 1030 2418 Sequuntur
1042 2345 1167 2419 jam
1187 2362 1363 2420 opera
1394 2344 1849 2422 dogmatica:
1906 2351 2154 2419 quatuor
2202 2344 2591 2402 voluntatibus
2640 2344 2702 2401 in
2736 2343 2966 2402 Christo
3019 2343 3210 2402 libel·

569 2431 969 2491 Institutiones
999 2433 1063 2491 in
1095 2432 1441 2510 decalogum
1474 2435 1626 2511 legis
1658 2433 1850 2493 domi·
1907 2432 2003 2490 lus
2038 2428 2120 2511 (p.
2157 2427 2512 2514 842·846);
2544 2434 2613 2491 de
2642 2434 2935 2506 sapientia
2954 2435 3212 2491 animae

567 2520 734 2579 nicae
781 2519 1005 2600 (Migne
1038 2521 1327 2589 CLXXVI,
1366 2519 1625 2602 9—18),
1678 2525 1851 2598 quasi
1911 2521 2147 2598 Christi,
2183 2541 2259 2580 an
2292 2522 2557 2597 aequalis
2604 2540 2739 2580 cum
2771 2521 2978 2580 divina
3011 2522 3210 2581 fuerit

566 2608 932 2668 introductio
955 2610 1026 2668 ad
1050 2628 1300 2686 sequens
1335 2629 1517 2687 opus;
1551 2612 1622 2670 de
1656 2630 1845 2670 sacra·
1905 2611 1985 2685 (p.
2023 2607 2437 2691 845—857);
2484 2611 2553 2669 de
2600 2611 2648 2670 b.
2685 2610 2915 2670 Mariae
2945 2611 3204 2689 viryini·

568 2699 785 2757 mentis
818 2698 966 2775 legis
997 2699 1285 2758 naturalis
1331 2704 1391 2758 et
1437 2701 1688 2778 scriptae
1718 2703 1850 2761 dia·
1905 2706 2022 2758 tate
2054 2700 2294 2760 libellus
2323 2701 2681 2776 epistolaris,
2716 2701 2780 2759 in
2799 2719 2919 2776 quo
2940 2719 3205 2778 respon-

564 2788 732 2863 loyus
763 2784 1109 2868 (17—42);
1161 2807 1389 2847 summa
1434 2793 1849 2850 sententiarum
1906 2790 2008 2848 det
2039 2789 2272 2848 cuidam
2305 2788 2360 2847 b.
2396 2788 2460 2848 V.
2496 2790 2711 2848 Mariae
2756 2808 2893 2848 cum
2944 2789 3207 2867 deroga-

568 2873 658 2954 (in
690 2876 899 2952 primis
945 2895 989 2938 s.
1024 2874 1377 2959 Augustini)
1424 2879 1487 2936 in
1518 2890 1570 2941 ‚7
1619 2882 1694 2941 tr.
1727 2880 1848 2939 dis·
1904 2877 2069 2936 tione
2101 2878 2468 2954 obloquenti,
2502 2878 2664 2954 quod
2684 2879 2864 2955 Virgo
2886 2879 3205 2955 virginum

569 2964 759 3023 tincta
808 2961 890 3046 (p.
946 2963 1299 3049 41—174)‚
1363 2967 1427 3026 in
1476 2988 1594 3044 qua
1642 2969 1850 3047 agitur
1906 2967 2202 3026 diceretur
2234 2964 2673 3046 (857-876);
2721 2969 2789 3025 de
2819 2969 3034 3026 anione
3066 2987 3202 3027 cor·

565 3054 641 3112 de
671 3054 1001 3114 virtutibus
1034 3055 1403 3134 theologicis,
1450 3058 1522 3115 de
1554 3058 1849 3117 Trinitate
1900 3053 3202 3139 porisetspiritusoefflxvn,285-295).-

564 3147 630 3200 et
660 3142 1078 3212 incarnatione,
1112 3144 1182 3203 de
1212 3146 1507 3205 creatione
1527 3151 1588 3205 et
1604 3148 1846 3225 angelis,
1905 3145 1996 3203 Ad
2013 3146 2374 3222 theologiam
2408 3147 2830 3222 mysticam,
2852 3164 3037 3220 quam
3058 3146 3204 3221 plu-

564 3232 641 3291 de
674 3236 837 3291 statu
885 3237 1133 3292 naturae
1179 3235 1487 3305 humanae,
1535 3236 1607 3294 de
1656 3254 1845 3295 sacra·
2285 3298 2294 3308 ,
2611 3298 2621 3308 ,
2664 3298 2674 3307 ,
2850 3297 2861 3307 ,
3157 3299 3168 3308 ,

2019 3302 2054 3370 ¹)
2106 3298 2408 3353 Occasione
2459 3297 2709 3368 duplicis
2758 3297 2935 3366 hujus
3003 3315 3203 3369 operis

569 3321 1846 3402 mentis,compendiumproindetheologiae,
1904 3373 2096 3424 censet
2122 3370 2409 3423 Scheeben
2436 3368 2660 3424 Hamil„
2687 3369 2787 3422 der
2808 3369 2971 3429 kath·
2990 3370 3199 3441 Dogm

564 3409 642 3468 de
674 3411 845 3486 cujus
879 3412 1253 3489 genuinitate
1285 3413 1508 3472 Denifie
1530 3415 1621 3472 Vir
1643 3414 1708 3473 in
1728 3415 1848 3473 ὥθ’
1903 3441 1940 3495 l.
1971 3459 2025 3498 n.
2053 3446 2190 3498 1042
2212 3462 2223 3494 :
2251 3440 2439 3494 Wenn
2457 3440 2625 3509 Hugo
2646 3456 2719 3493 an
2743 3441 2975 3495 Schfirfe
2999 3441 3202 3495 hinter

562 3500 875 3558 cernendis
909 3500 1217 3560 veteribus
1263 3504 1566 3562 codicibus
1613 3504 1665 3561 si
1709 3504 1847 3579 quis
1905 3512 1984 3566 St.
2014 3513 2265 3575 Ansclm,
2292 3528 2366 3564 au
2383 3511 2538 3566 Tiefe
2566 3505 2760 3565 hinter
2775 3513 2992 3567 seinem
3010 3516 3201 3583 spate·

567 3589 1051 3671 sagacissimus³)
1085 3590 1341 3652 dubitat.
1374 3593 1435 3655 P.
1462 3602 1515 3654 7.
1549 3593 1617 3650 de
1647 3611 1847 3651 sacra·
1905 3600 2004 3637 10¹2
2045 3582 2364 3638 Mitbruder
2408 3583 2649 3637 Risshssrd
2695 3583 3090 3648 zurfickateht‚
3137 3600 3197 3636 ³0

565 3687 754 3737 memo
783 3682 1039 3757 com-“952-
1070 3681 1279 3739 saltem
1330 3681 1570 3739 videtur
1602 3700 1730 3739 esse
1763 3681 1849 3739 al,
1906 3655 2241 3709 bezeichnet
2283 3671 2341 3708 er
2382 3654 2530 3708 doch
2555 3655 2737 3708 durch
2783 3654 2937 3708 aeine
2966 3655 3198 3725 sinnige

563 3768 774 3826 terius·
808 3769 893 3827 De
923 3771 1303 3828 moramentis
1335 3771 1685 3828 christianae
1713 3771 1850 3844 fidet
1906 3725 2269 3780 Einfachheit
2295 3726 2463 3779 einen
2505 3725 2697 3779 hohen
2726 3725 2879 3780 Grad
2907 3725 3109 3782 theolo
3157 3726 3200 3778 i·

1904 3798 2064 3852 scher
2109 3796 2313 3851 Cultur
2357 3796 2476 3850 und
2521 3796 2677 3849 kann
2715 3797 2860 3866 jetzt
2903 3798 3056 3851 noch
3133 3803 3199 3850 iir

564 3853 648 3936 (Ρ.
690 3856 1020 3939 173·618),
1071 3877 1187 3931 quo
1234 3858 1297 3917 in
1332 3877 1506 3935 opere
1538 3859 1848 3934 prolixiori
1904 3870 2198 3938 Ansanger
2223 3869 2309 3922 als
2326 3868 2541 3921 Fiihrer
2566 3867 2627 3921 in
2645 3868 2745 3921 der
2763 3866 3080 3938 Theologie
3098 3869 3196 3922 des·

1904 3940 1982 3998 hl,
2012 3940 2303 4011 Augustin
2333 3939 2555 3993 dienen.
2584 3938 2814 3994 Laforet
2838 3939 2956 3994 Con
3024 3939 3197 3994 d'oeil

1903 4029 2001 4065 sur
2046 4012 2217 4065 l‘hist.
2265 4011 2334 4065 de
2378 4010 2436 4064 la
2481 4010 2655 4064 theol.
2697 4010 2906 4082 dogm„
2995 4010 3194 4066 ovanii

1906 4088 2060 4146 1851,
2103 4099 2231 4153 pag.
2261 4088 2354 4138 59:
2399 4082 2633 4151 Hugues
2673 4083 2938 4137 demeare
2965 4087 3000 4137 a
3029 4085 3195 4137 notre

1903 4155 2024 4207 avis
2051 4172 2131 4207 un
2159 4153 2489 4224 theologien
2506 4153 2583 4207 du
2601 4153 2846 4223 premier
2862 4154 3047 4208 ordre.
3077 4157 3190 4208 Son

1904 4225 2095 4279 'fraite
2135 4224 2233 4278 des
2273 4227 2631 4286 sacrements,
2678 4228 2921 4289 surtout,
2963 4231 3053 4280 est
3078 4241 3192 4279 une

1903 4297 2057 4351 mine
2086 4297 2200 4351 fort
2225 4296 2379 4350 riche
2407 4313 2554 4366 pour
2579 4296 2635 4349 la
2660 4295 2880 4351 science
2907 4296 3193 4367 theologi·

1904 4386 2045 4436 que:
2071 4368 2115 4421 il
2140 4369 2420 4422 renferme
2447 4384 2559 4421 une
2581 4368 2734 4422 foule
2755 4367 2951 4436 d'aper
2987 4387 3055 4422 us
3077 4371 3190 4422 tres

1903 4439 2177 4509 profonda
2204 4456 2299 4493 sur
2326 4457 2407 4493 un
2446 4439 2630 4509 grand
2667 4440 2901 4493 nombre
2942 4386 3014 4493 de
3054 4440 3190 4508 dog·

1903 4528 2018 4565 mes
2036 4532 2048 4571 ς
2076 4514 2134 4564 et
2159 4510 2202 4566 il
2227 4511 2400 4565 serait
2418 4514 2450 4563 ῑι
2471 4509 2683 4565 desirer
2702 4527 2813 4578 que
2831 4515 2920 4565 cet
2935 4525 3188 4580 ouvrage

1904 4583 1994 4637 fat
2019 4583 2200 4636 moins
2245 4582 2437 4636 oublie
2482 4582 2578 4635 des
2624 4582 2879 4636 hommes
2918 4584 3023 4651 qui
3064 4584 3190 4637 font

1903 4671 2015 4708 une
2044 4654 2213 4708 etude
2240 4671 2266 4707 s
2311 4654 2483 4707 cciale
2511 4654 2578 4707 de
2608 4654 2664 4706 la
2690 4654 3082 4725 dogmatique.
3111 4652 3186 4706 La

2300 4742 2480 4794 ugues
2524 4727 2609 4779 est
2633 4724 2824 4789 claire,
2864 4727 3032 4789 aises,
3059 4741 3186 4779 cou-

682 4086 716 4134 1)
746 4082 1159 4148 Escmwtiommi
1182 4086 1432 4148 priorum
1457 4085 1509 4139 ll.
1539 4089 1607 4136 10
1632 4082 1848 4153 (Migue

564 4150 881 4214 CLXXVII,
913 4156 1210 4223 193-285)
1237 4155 1423 4222 agunt
1447 4153 1517 4207 de
1543 4153 1766 4224 origine
1792 4158 1851 4208 et

563 4221 905 4276 discretione
932 4222 1175 4283 artium;
1216 4223 1285 4276 de
1327 4225 1439 4278 situ
1468 4229 1764 4290 terrarum,
1792 4229 1850 4280 et

566 4309 597 4345 a
652 4294 688 4347 l.
738 4300 773 4349 4
823 4294 1092 4348 exhibent
1155 4312 1431 4350 summam
1478 4297 1847 4351 historiarum

566 4383 747 4432 usque.
774 4365 845 4419 ad
877 4369 1132 4435 tempora
1160 4384 1279 4427 sua,

571 4512 598 4562 ᾖ
677 4440 715 4506 ²)
746 4437 956 4490 Introd.
985 4437 1048 4491 in
1082 4437 1140 4491 V.
1169 4438 1231 4492 Τ.
1272 4438 1448 4493 libros
1489 4455 1675 4494 sacros
1714 4440 1846 4494 diss.

563 4513 577 4560 :
604 4554 616 4566 ,
645 4525 692 4560 e.
719 4514 753 4564 4
780 4519 806 4574 Si
834 4513 919 4563 14.

674 4583 715 4648 ⁸)
743 4579 955 4633 Archiv
984 4581 1074 4633 fiir
1102 4580 1389 4634 Literatur
1430 4582 1549 4634 und
1577 4581 1847 4636 Kirchen·

606 4650 891 4704 eschichte
933 4652 1030 4705 des
1071 4652 1433 4706 Mittelalters
1464 4655 1554 4717 ΙΙΙ,
1582 4659 1844 4710 634—40.

592 4724 825 4776 'eterum
853 4727 910 4776 ct
937 4725 1001 4778 A.
1042 4724 1240 4792 Migu
1260 4742 1290 4779 o
1311 4742 1348 4776 n
1388 4741 1481 4778 eas
1508 4724 1711 4779 tribuit
1736 4725 1848 4796 ipsi
1901 4725 2118 4780 diction
2146 4725 2214 4778 de

563 4793 605 4846 L
626 4810 657 4848 o
677 4814 729 4847 m
751 4796 785 4848 b
800 4811 832 4848 a
848 4812 876 4847 r
893 4794 929 4848 d
948 4812 978 4848 o
1027 4797 1317 4863 tamquam
1349 4796 1633 4866 specimen
1661 4797 1847 4866 operis
1902 4796 2027 4850 lant
2051 4798 2111 4850 et
2135 4797 2250 4850 l'on
2277 4812 2346 4852 ne
2372 4798 2630 4850 recontre
2651 4797 2816 4868 point
2834 4798 2971 4851 chez
2993 4797 3078 4850 lui
3099 4799 3186 4849 cet

562 4866 646 4918 sui
678 4867 924 4934 majoris.
954 4866 1037 4923 Cf.
1057 4866 1247 4920 Revue
1266 4866 1362 4920 des
1390 4868 1634 4922 sciences
1650 4868 1844 4923 eccles,
1902 4867 2117 4922 attirail
2183 4868 2252 4921 de
2314 4867 2608 4932 divisione,
2671 4868 2740 4921 de
2781 4868 3183 4928 subdivisione,

563 4943 701 4992 1890
728 4938 797 5000 11,
825 4943 929 4994 524
957 4956 1025 4990 ss.
1903 4939 2279 5008 d’objections
2305 4940 2364 4992 et
2387 4939 2456 4993 de
2484 4940 2750 5010 reponses
2778 4943 2884 4994 etc.
