3475 5364
413 392 540 445 965

976 373 1290 444 Theologia
1316 372 1632 442 pastoralis.
1662 372 1716 429 S.
1742 372 1774 425 J
1780 389 1885 427 oan
1896 388 1991 424 nes
2017 371 2087 426 de
2115 370 2466 441 Capistrano.

2901 388 3023 442 966

411 562 544 620 dem
579 560 910 636 respiciunt
939 579 1170 619 morum
1202 559 1689 620 reformationem.
1751 560 1914 627 leret,
1947 581 1980 617 a
2011 560 2279 618 Ladislao
2325 579 2462 636 rege
2507 560 2885 636 neapolitano
2934 559 3026 617 in·

405 669 594 725 quam
624 668 731 725 pro
762 649 992 707 viribus
1011 650 1073 708 in
1091 649 1358 707 omnium
1390 648 1692 708 hominum
1750 648 2002 707 stitutus
2034 650 2260 725 estjam
2280 668 2328 707 a.
2355 657 2517 711 1412
2551 648 2783 707 Perusii
2809 648 3027 725 guber-

415 740 598 798 classe
631 756 977 814 promovere
1007 738 1328 797 nitebatur.
1362 737 1494 796 Huc
1526 755 1690 813 spec·
1744 741 1937 807 nator,
1990 757 2140 812 quae
2190 738 2334 796 urbs
2383 740 2531 796 tunc
2578 737 2853 820 Ladislao
2901 740 3030 796 erat

413 831 549 887 tant
580 829 710 903 ejus
730 826 1033 887 Petitiones
1052 828 1453 903 reliyioaorum
1472 845 1579 902 pro
1598 846 1692 885 re·

414 916 763 977 formatione
826 916 917 974 sui
968 918 1186 984 status,
1243 915 1402 991 apud
1447 916 1692 992 Kliipfel

415 1006 598 1064 Vetus
629 1005 899 1064 biblioth.
922 1004 1056 1064 eccl.
1072 1005 1193 1083 frig
1210 1005 1496 1081 ,Brigojae
1529 1014 1687 1068 3780

1748 827 2148 903 oppignerata.
2213 827 2505 886 Defuncto
2565 845 2703 904 rege
2764 827 3027 902 ortisque

1748 918 2063 990 propterea
2092 915 2289 974 turbis
2321 916 2623 991 conjectus
2669 920 2762 975 est
2805 916 2871 975 in
2902 934 3027 974 car-

1749 1021 1956 1073 cerem,
1989 1004 2095 1063 ubi
2125 1008 2342 1064 nactus
2376 1008 2464 1064 est
2484 1005 2669 1063 otium
2700 1004 3027 1064 meditandi

414 1115 469 1170 p.
513 1105 629 1158 146
665 1113 775 1163 ss.;
808 1096 877 1152 de
906 1094 1244 1171 neyliyemia
1269 1095 1688 1169 praelatorum,
1747 1110 1948 1151 rerum
1979 1093 2371 1152 humanarum
2404 1093 2746 1157 vanitatem.
2796 1093 3028 1153 Visione

413 1184 570 1260 apud
622 1183 839 1254 walch,
893 1184 929 1241 l.
982 1203 1028 1244 c.
1070 1184 1114 1252 Ι,
1162 1183 1299 1241 fasc.
1337 1194 1411 1251 4.,
1464 1183 1529 1242 111
1574 1201 1692 1257 quo

413 1273 672 1350 graviter
733 1274 923 1348 carpit
996 1272 1215 1331 abusus
1274 1272 1690 1350 religiosorum

413 1363 565 1421 circa
612 1364 1055 1437 paupertatem3
1119 1363 1554 1420 Avisamentum
1615 1361 1694 1419 ad

1748 1200 1790 1239 s.
1840 1181 2133 1241 Francisci
2185 1182 2536 1241 Assisinatis
2600 1186 2902 1242 recreatus
2969 1185 3030 1240 et

1748 1271 1943 1347 gratia
1970 1271 2078 1330 Dei
2110 1272 2336 1330 excitus
2368 1272 2632 1330 decrevit
2657 1290 2719 1331 se
2747 1271 2904 1330 illius
2924 1272 3028 1329 ad-

1748 1358 1941 1417 dicere
2000 1360 2260 1418 militiae.
2323 1360 2622 1419 Libertate
2683 1366 3031 1437 recuperata

412 1469 629 1526 papam
660 1470 767 1527 pro
799 1449 1215 1510 reformatione
1246 1450 1552 1520 Ecclesiae,
1585 1450 1636 1507 N
1643 1451 1692 1506 1-
1747 1448 2155 1525 gravibusque
2232 1451 2526 1526 superatis
2590 1449 3029 1509 tentationibus

414 1540 578 1599 colao
628 1539 692 1597 V.
745 1538 1025 1608 oblatum,
1078 1539 1239 1615 apud
1282 1538 1520 1615 Kliipfel
1561 1539 1600 1596 1.
1644 1558 1689 1597 c.

416 1649 470 1704 p.
512 1638 634 1692 134
670 1646 765 1697 ss„
812 1629 878 1686 in
917 1647 1037 1705 quo
1081 1628 1373 1704 principia
1419 1632 1480 1687 et
1524 1646 1693 1687 sensa

417 1717 813 1794 reperiuntur,
861 1736 1012 1791 quae
1060 1717 1124 1775 in
1174 1735 1331 1777 conc.
1382 1717 1694 1776 basileensi

414 1810 824 1876 resonuerunt,
886 1805 1150 1865 modeste
1198 1810 1398 1865 tamen
1449 1809 1511 1865 et
1559 1825 1692 1865 cum

414 1895 748 1954 reverentia
777 1896 1112 1970 proposita3
1160 1897 1229 1952 de
1258 1903 1468 1970 septem
1497 1895 1691 1954 Eccle-

417 1987 539 2044 siae
586 1985 830 2043 statibus
878 1985 941 2042 in
973 1985 1333 2061 Apocalypsi
1383 1984 1693 2060 descriptis

414 2092 519 2132 seu
549 2073 623 2132 de
643 2073 999 2132 auctoritate
1018 2073 1313 2133 Ecclesiae
1334 2074 1580 2148 ejusque
1600 2092 1692 2131 re-

412 2163 792 2222 formatione:
871 2163 1042 2237 cujus
1103 2163 1306 2238 scripti
1355 2162 1694 2238 genuinitas

412 2251 594 2311 dubia
623 2250 808 2309 videri
838 2254 1057 2326 posset,
1105 2270 1241 2309 nam
1282 2252 1396 2309 etsi
1428 2250 1691 2326 ejusdem

412 2340 533 2398 fere
566 2341 904 2416 argumenti
933 2342 1025 2398 est
1053 2340 1271 2411 01111111.
1291 2340 1693 2415 praecedenti-

412 2430 543 2498 bus,
578 2428 778 2487 differt
807 2428 882 2487 ab
912 2428 987 2487 iis
1007 2429 1161 2488 haud
1184 2447 1396 2505 parum
1414 2428 1694 2488 dictionis

414 2523 559 2577 tono
590 2517 801 2577 acerbo
822 2521 882 2576 et
903 2518 1195 2576 sentiendi
1225 2519 1483 2577 ratione:
1517 2518 1694 2576 nimis

414 2607 603 2684 nigris
636 2607 794 2665 enim
825 2606 1119 2666 coloribus
1153 2609 1377 2666 statum
1401 2607 1694 2665 Ecclesiae

414 2697 684 2773 depingit
716 2700 777 2754 et
805 2696 1069 2755 animum
1087 2715 1330 2774 prorsus
1361 2697 1695 2772 despondet

412 2786 484 2845 de
500 2775 723 2845 futuro.
757 2785 1059 2844 Sermones
1076 2787 1447 2844 dominicales
1467 2786 1691 2845 autori-

416 2879 583 2934 sante
627 2874 874 2934 Nicolao
916 2894 1071 2951 papa
1116 2875 1181 2935 V.
1230 2893 1273 2932 s.
1324 2875 1358 2932 l.
1393 2877 1453 2933 et
1483 2894 1566 2944 a.;
1627 2875 1696 2933 de

415 2964 714 3022 erroribus
773 2969 825 3023 et
885 2964 1143 3022 moribus
1206 2963 1694 3039 Christianorum,

413 3052 715 3112 Lubeccae
771 3060 931 3116 1488
988 3051 1087 3131 (m.
1132 3049 1295 3132 150).
1360 3053 1695 3111 Lavacrum

414 3139 808 3216 eonscientiae,
857 3142 1016 3217 quod
1067 3141 1452 3218 probabiliter
1481 3147 1574 3200 est
1606 3142 1693 3218 ip-

416 3231 555 3299 sine,
589 3248 759 3306 saepe
791 3230 1036 3299 editum,
1085 3231 1291 3290 novies
1338 3231 1550 3288 saltem
1583 3249 1692 3290 sec.

415 3318 564 3390 XV.;
598 3318 867 3378 Coloniae
891 3328 1087 3389 15063
1120 3320 1484 3396 Argentinae
1510 3329 1692 3381 1515.

414 3408 549 3466 Jam
587 3418 752 3470 1465
789 3408 1017 3466 exstitit
1049 3409 1177 3484 ejus
1209 3409 1420 3467 versio.

506 3595 646 3648 466.
683 3585 789 3643 His
852 3585 1148 3644 addantur
1210 3586 1313 3661 qui
1362 3587 1694 3663 theoloqiam

406 3672 762 3749 pastoralem
782 3675 1184 3734 excoluerunt.
1201 3674 1399 3734 Primo
1417 3675 1543 3733 loco
1559 3693 1693 3733 eum

413 3763 808 3834 laudabimus,
841 3782 1019 3839 quem
1049 3763 1307 3822 Ecclesia
1353 3767 1696 3822 sanctorum

413 3851 736 3911 honoribus
767 3852 1015 3927 dignum
1043 3853 1293 3918 censuit,
1326 3852 1365 3910 J
1381 3872 1694 3911 oannem

414 3941 535 3999 scil.
569 3941 641 4000 de
676 3941 1145 4018 Capistrano
1177 3942 1251 3999 ab
1272 3943 1488 4018 oppido
1502 3941 1694 4018 patrio

411 4029 479 4088 in
538 4049 679 4106 agro
724 4031 1023 4106 aquilano,
1075 4052 1108 4087 a
1159 4030 1382 4089 familia
1443 4031 1692 4090 Chioli

412 4118 658 4177 dictum.
723 4120 918 4178 Natus
962 4119 1013 4178 is
1059 4123 1149 4178 est
1197 4128 1296 4183 24.
1329 4119 1471 4179 Jun.
1525 4127 1689 4183 1386

415 4203 766 4288 (secundum
812 4206 1192 4285 alios-1385)
1235 4208 1480 4283 jurique
1528 4208 1693 4266 dedit

413 4314 666 4372 operam,
700 4301 761 4356 et
794 4317 928 4356 cum
961 4297 1182 4373 ingenii
1233 4297 1474 4357 dotibus
1507 4298 1692 4357 excel-

413 4519 525 4556 von
550 4502 738 4557 Jakob
763 4520 873 4558 von
902 4503 952 4557 J.
981 4502 1053 4556 Es
1075 4503 1301 4557 euthalt
1321 4504 1451 4557 sehr
1469 4519 1691 4572 genaue

409 4573 839 4629 kanonistische
885 4575 1003 4628 und
1048 4574 1425 4628 kasuistische
1472 4575 1691 4629 19τὸ1110-

411 4663 519 4699 run
562 4662 635 4700 en
679 4646 792 4699 und
844 4648 1045 4700 betont
1085 4645 1190 4699 mit
1233 4646 1389 4700 einer
1415 4646 1694 4700 1111οἱ11111-

410 4717 525 4771 11011
571 4717 653 4772 eit
702 4718 820 4771 und
870 4716 1151 4781 Klarheit‚
1217 4717 1309 4770 die
1374 4717 1559 4772 nichts
1621 4736 1690 4771 zu

410 4789 718 4842 wunschen
745 4789 914 4859 fibrig
939 4788 1070 4853 laPt,
1111 4789 1217 4843 dass
1263 4788 1353 4841 die
1381 4787 1536 4844 Reue
1572 4789 1691 4842 und

409 4860 563 4913 Busse
591 4860 683 4914 die
711 4859 1252 4930 Grundbedingung
1278 4859 1381 4912 der
1407 4860 1692 4915 Rechtfer·

410 4930 618 5001 tigung
645 4931 725 4986 sei
753 4934 858 4985 etc.

1748 1541 1972 1596 vestem
2004 1539 2371 1615 seraphicam
2390 1538 2592 1598 induit
2613 1549 2668 1601 4.
2691 1538 2814 1598 Oct.
2845 1549 3028 1601 1416.

1748 1627 1819 1685 In
1850 1627 2148 1704 theologia
2177 1628 2528 1705 magistrum
2563 1627 2776 1687 habuit
2807 1646 2851 1686 s.
2884 1629 3027 1687 Ber-

1749 1715 2069 1775 nardinum
2146 1717 2476 1785 senensem,
2554 1716 3029 1793 condiscipulum

1751 1823 1794 1862 s.
1809 1804 1845 1862 J
1849 1806 2098 1864 acobum
2115 1826 2149 1864 a
2165 1806 2440 1865 Marchia.
2478 1806 2829 1882 Magistrum
2853 1824 3030 1863 suum

1750 1894 2067 1952 comitatus
2107 1898 2199 1953 est
2230 1896 2293 1953 in
2338 1894 2643 1954 laboribus
2673 1894 3027 1970 apostolicis,

1749 1982 1934 2042 donec
1947 1983 2072 2059 ipse
2100 1984 2223 2043 zelo
2251 1984 2575 2059 apostolico
2603 1986 2663 2041 et
2678 1984 2908 2060 Spiritu
2922 1984 3030 2041 Dei

1749 2072 2016 2147 repletus
2046 2073 2447 2148 expeditiones
2465 2073 2817 2149 apostolicas
2837 2073 3028 2131 incre·

1750 2159 1919 2219 dibili
1969 2164 2061 2219 est
2111 2180 2428 2239 aggressus
2461 2180 2750 2231 successu,
2799 2161 3031 2238 ingenti

1751 2267 1856 2325 per
1885 2250 2118 2309 Italiam
2150 2250 2490 2309 auditorum
2521 2269 2829 2315 concursu,
2850 2251 3029 2309 mira-

1752 2338 1856 2395 bili
1890 2338 2219 2398 animorum
2252 2340 2656 2399 commotione.
2703 2339 3030 2399 Institutas

1751 2430 1843 2485 est
1873 2447 1907 2485 a
1938 2427 2191 2488 Martino
2222 2428 2286 2487 V.
2333 2432 2537 2488 contra
2587 2428 3027 2488 Fraticellorum

1752 2521 1970 2575 sectam
2017 2535 2149 2575 cum
2196 2517 2415 2578 Jacobo
2455 2517 2528 2576 de
2573 2513 2890 2599 Marchial)
2937 2517 3028 2574 in-

1750 2605 2007 2680 quisitor
2052 2608 2113 2665 et
2161 2610 2367 2666 contra
2399 2625 2629 2665 omnem
2676 2607 3030 2666 haereticam

1749 2696 2104 2772 pravitatem
2126 2696 2451 2772 inquisitor
2468 2697 2780 2773 generalis.
2812 2696 3028 2771 Dispu-

1749 2787 1884 2843 tans
1916 2785 2132 2844 Romae
2166 2804 2297 2844 cum
2331 2785 2652 2844 Gamaliele
2697 2804 3031 2863 synagogae

1751 2874 2032 2950 magistro
2083 2892 2219 2933 eum
2270 2893 2405 2934 cum
2442 2884 2522 2938 39
2556 2874 2726 2934 sociis
2771 2874 2844 2933 ad
2875 2874 3031 2933 veri·

1751 2964 1896 3022 tatis
1959 2964 2380 3038 professionem
2441 2963 2700 3022 adduxit.
2777 2964 2922 3022 Cum
2986 2982 3031 3020 s.

1752 3052 2112 3111 Bernardino
2143 3053 2435 3129 regularis
2479 3053 2821 3128 disciplinae
2854 3051 3028 3111 stric-

1750 3141 1961 3199 tiorem
1994 3141 2427 3200 observantiam
2477 3142 2691 3201 zelavit
2736 3143 2915 3216 atque
2948 3142 3031 3199 fe-

1752 3228 2029 3289 licissimo
2062 3248 2184 3289 non
2204 3231 2398 3289 solum
2433 3249 2539 3304 per
2556 3230 2790 3289 Italiam
2808 3229 3030 3296 fructu,

1753 3318 1857 3376 sed
1890 3323 1949 3376 et
1981 3337 2086 3393 per
2116 3319 2264 3377 alias
2296 3320 2564 3394 Europae
2594 3320 2864 3395 regiones
2896 3337 3032 3395 pro-

1832 3513 1865 3570 ι)
1894 3505 1998 3558 Η10
2024 3505 2353 3561 Jacobus
2381 3505 2895 3561 etiamPicenus
2922 3507 3033 3559 dic-

1754 3578 1863 3641 tus,
1892 3578 2029 3645 quia
2055 3577 2116 3631 in
2143 3577 2334 3631 Piceni
2378 3594 2517 3648 agro
2557 3579 2826 3632 asculano
2858 3581 3031 3643 ortus,

1751 3665 1794 3700 0.
1822 3648 2160 3702 Bernardini
2187 3649 2499 3730 discipulus
2525 3651 2584 3702 et
2607 3666 2649 3704 s.
2669 3648 2702 3701 J
2707 3666 2755 3705 0.
2783 3666 2818 3702 a
2844 3649 3033 3718 Capis-

1752 3722 1917 3772 trano
1945 3720 2149 3784 socius,
2174 3720 2449 3783 doctrina,
2472 3719 2675 3791 spiritu
2696 3719 3032 3790 prophetico

1751 3790 2179 3859 innumerisque
2207 3792 2495 3845 miraculis
2532 3791 2774 3845 illustris
2800 3801 2845 3857 (†
2873 3796 3032 3852 1476)

1752 3879 1785 3915 a
1810 3861 2119 3916 Benedicto
2147 3863 2296 3918 XIII.
2324 3863 2474 3917 inter
2500 3865 2723 3917 sanctos
2750 3863 2864 3917 fuit
2890 3861 3032 3916 rela-

1752 3936 1861 3987 tus.
1889 3932 2148 4002 Reliquit
2174 3933 2423 4003 plurima
2439 3933 2650 4004 scripta
2671 3934 2943 4007 (inedita),
2969 3937 3036 3989 ut

1751 4004 2155 4059 commentaria
2201 4004 2261 4058 in
2302 4011 2337 4063 4
2377 4006 2436 4060 11.
2488 4006 2915 4071 sententiarum,
2961 4006 3032 4058 de

1751 4075 2031 4146 sanguine
2073 4076 2300 4142 Christi,
2342 4081 2625 4146 dialoyum⁸
2649 4088 2837 4133 contra
2867 4081 3032 4146 frati-

1749 4151 1915 4215 cellos,
1944 4164 2088 4217 quos
2133 4148 2234 4202 diu
2276 4151 2505 4203 strenue
2543 4147 2912 4220 impugnavit
2948 4149 3031 4201 in-

1751 4219 1995 4287 quisitor
2020 4223 2216 4274 contra
2243 4236 2337 4274 eos
2363 4220 2704 4275 auctoritate
2732 4219 3029 4289 pontificia.

1749 4289 2083 4344 institutus:
2125 4291 2276 4345 unde
2316 4291 2439 4361 ejus
2476 4295 2546 4345 tr.
2589 4292 2782 4362 magni
2809 4296 2893 4345 est
2918 4306 3032 4344 mo-

1751 4361 1930 4416 menti
1955 4363 2029 4416 ad
2056 4363 2503 4433 cognoscendam
2525 4367 2583 4417 et
2601 4362 3029 4434 dijudicandam

1751 4433 1897 4486 hanc
1923 4436 2149 4489 sectam.
2202 4433 2469 4488 Publicae
2509 4434 2627 4488 luci
2666 4434 2827 4488 dedit
2865 4433 3031 4487 illum

1752 4504 1807 4556 M
1822 4521 1856 4557 a
1873 4523 1910 4558 n
1926 4522 1951 4557 s
1967 4503 1988 4557 i
2012 4504 2075 4558 in
2102 4503 2478 4559 Miscellaneis
2495 4504 2591 4570 IV,
2618 4509 2918 4564 595—610.
2948 4506 3032 4557 In-

1750 4575 1963 4630 defesse
2003 4592 2233 4645 quoque
2274 4577 2563 4659 pugnavit
2607 4577 2879 4631 adversus
2919 4577 3031 4630 Ma-

1751 4645 2017 4700 nichaeos
2042 4647 2102 4700 in
2129 4648 2339 4701 Bosma
2364 4651 2423 4701 et
2450 4648 2693 4713 Oroatia,
2723 4648 3029 4701 Patarenos

1750 4721 1808 4772 et
1834 4719 2070 4771 Arianos
2095 4719 2155 4773 in
2184 4719 2497 4790 Hungaria‚
2540 4736 2573 4771 a
2614 4719 2822 4787 quibus
2856 4717 3029 4788 pluri-

1750 4806 1869 4842 mas
1896 4805 2097 4858 passus
2123 4793 2209 4843 est
2230 4790 2468 4844 insidias
2509 4793 2568 4843 et
2599 4790 2904 4853 molestias,
2933 4789 3030 4841 sed

1751 4861 1941 4914 omnia
1967 4862 2262 4930 superavit
2275 4861 2581 4932 profligato
2597 4878 2660 4915 ex
2677 4859 2874 4915 multis
2891 4859 3030 4914 locis

1752 4932 2030 4987 haeretico
2060 4948 2294 4986 venetic.

2615 5023 2709 5076 31·
