3475 5364
202 344 229 394 1
250 341 293 393 2
306 344 341 395 5
1259 322 1393 378 Otto
1420 327 1461 380 F
1466 324 1812 394 risinganus.

2713 344 2735 394 1
2756 343 2832 396 26

188 527 494 568 consensu
525 511 637 569 hoc
668 528 823 585 opus
857 510 1059 587 magni
1089 511 1439 569 aestimatur
1456 506 1498 591 ¹)
1556 511 1799 581 clericis,
1822 510 2048 568 itineris
2065 510 2252 581 sociis,
2270 510 2692 586 professionem
2711 530 2836 569 mo-

185 604 263 656 et
320 599 614 657 Antonius
660 600 810 676 Pagi
854 598 933 657 ad
981 619 1030 660 a.
1085 609 1240 662 1141
1300 602 1497 658 Anna-
1554 597 2620 676 nasticamord.cisl.estamplexus(c.
2645 596 2835 679 1134)

202 688 369 746 lium
400 688 535 746 eccl.
568 708 630 749 n.
668 699 700 751 7
740 690 1030 746 testatur:
1084 688 1205 755 ,Ex
1240 687 1499 747 orderici
1555 688 1866 763 factusque
1886 689 2063 746 etiam
2083 682 2337 768 abbaso
2362 685 2524 769 136).
2549 689 2836 748 Defuncto

190 776 457 835 historia
487 778 687 835 multa
731 777 805 835 ad
851 776 1211 853 supplendos
1258 777 1499 836 annales
1555 778 1827 854 episcopo
1860 778 2203 853 frisingensi
2233 778 2459 836 electus
2481 781 2572 835 est
2592 788 2830 841 a.1137

186 865 632 925 ecclesiasticos
654 866 919 925 mutuati
940 884 1174 936 sumus3
1207 885 1345 925 nam
1364 867 1502 925 licet
1553 867 1615 924 in
1647 867 1776 942 ejus
1808 885 2221 935 successorem,
2273 865 2373 924 sed
2406 865 2676 924 habitum
2708 886 2836 924 mo—

191 955 305 1013 hic
358 959 563 1015 auctor
615 974 738 1014 non
787 974 921 1014 raro
968 956 1032 1013 in
1064 955 1498 1033 chronologiam
1554 956 1846 1014 nasticum
1893 975 2200 1032 nunquam
2249 955 2543 1031 deposuit.
2604 957 2836 1014 Bonum

188 1054 431 1120 peccet,
464 1045 658 1103 multa
676 1047 878 1103 tamen
897 1043 1051 1102 scitu
1070 1044 1417 1121 dignissima
1435 1045 1499 1102 in
1555 1063 1695 1103 suae
1726 1044 2003 1103 ecclesiae
2051 1044 2359 1120 spirituale
2408 1048 2468 1103 et
2514 1045 2835 1120 temporale

192 1133 469 1192 medium
503 1132 736 1209 profert
766 1138 827 1191 et
859 1133 1080 1191 sincere
1112 1137 1331 1192 narrat.
1382 1134 1495 1191 Ex·
1553 1133 1879 1209 plurimum
1911 1133 2223 1209 promovit.
2256 1133 2398 1191 Fere
2431 1134 2660 1209 primus
2698 1152 2835 1210 cog-

187 1225 411 1281 istimo
463 1241 603 1280 eum
652 1227 794 1280 ante
843 1226 1092 1281 mortem
1138 1240 1287 1297 opus
1321 1241 1498 1281 suum
1553 1223 1840 1281 uitionem
1871 1225 1932 1281 et
1962 1222 2227 1281 studium
2246 1222 2308 1284 11.
2330 1223 2668 1281 Aristotelis
2694 1222 2835 1281 Ger·

193 1313 538 1370 {evidisse‘
575 1315 686 1370 etc.
739 1311 899 1368 Illud
931 1312 1157 1387 primus
1188 1311 1373 1370 edidit
1405 1312 1498 1369 Du
1554 1312 1783 1370 maniae
1829 1312 2172 1388 regionibus
2233 1311 2441 1369 intulit
2484 1311 2835 1387 disputatio-

188 1401 431 1460 Chesne
508 1402 574 1459 in
645 1400 943 1459 Historiae
1020 1400 1496 1459 Normannorum
1552 1420 1816 1475 numque
1849 1420 2043 1459 nsum.
2105 1401 2354 1476 Propter
2385 1401 2586 1476 stirpis
2619 1400 2833 1460 nobili·

194 1490 604 1566 scriptoribus
637 1488 1001 1567 (319-925),
1036 1489 1274 1547 Parisiis
1298 1500 1496 1560 16193
1552 1492 1736 1547 tatem
1773 1493 1835 1548 et
1867 1490 2215 1567 dignitatem
2246 1509 2561 1548 munerum
2594 1509 2836 1565 magnas

192 1580 344 1637 inde
422 1580 626 1656 Migne
689 1577 1094 1649 CLXXXVIII,
1165 1586 1496 1648 17—9843
1557 1579 1762 1639 habuit
1793 1583 1991 1654 partes
2023 1580 2086 1637 in
2115 1579 2368 1656 negotiis
2419 1598 2654 1654 quoque
2687 1578 2834 1654 poli-

194 1668 447 1727 Parisiis
505 1676 851 1731 1838—45
900 1670 944 1725 t.
980 1666 1026 1725 V
1068 1685 1190 1725 cur.
1234 1670 1388 1744 Aug.
1421 1667 1498 1724 Le
1552 1668 1717 1726 ticis:
1770 1668 2098 1727 Conradum
2130 1666 2237 1729 111.
2300 1668 2618 1726 comitatus
2651 1672 2743 1725 est
2772 1667 2835 1725 in

197 1757 477 1825 Pnimst,
527 1758 832 1831 Besancon
872 1766 1067 1825 18913
1102 1760 1405 1833 segmenta
1434 1756 1498 1813 in
1553 1761 1772 1815 terram
1804 1754 2079 1816 'sanctam
2126 1752 2637 1839 (inv—1148),
2684 1776 2835 1832 quae

198 1846 333 1905 MG.
368 1845 473 1904 SS.
507 1845 628 1915 XX,
665 1854 861 1908 50-82
899 1844 1005 1906 col.
1038 1844 1241 1919 XXVI,
1286 1854 1497 1908 11-28.
1553 1846 1844 1921 expeditio
1895 1846 2108 1904 effectu
2157 1846 2376 1903 caruit:
2439 1846 2710 1904 infirmus
2772 1864 2834 1903 se

196 1935 435 1994 Dubois
475 1934 629 1992 illud
646 1934 851 2011 gallice
874 1933 1052 1993 vertit
1071 1934 1307 1993 Parisiis
1335 1943 1495 1998 1827
1555 1936 1811 1993 contulit
1843 1936 1916 1993 ad
1949 1935 2168 1994 ordinis
2202 1934 2528 2010 capitulum
2560 1935 2833 2010 generale

196 2032 246 2081 t·
283 2036 319 2085 4
358 2025 420 2082 in
462 2034 518 2086 S.
568 2023 754 2082 Paulo
804 2026 936 2099 post
984 2043 1034 2081 a.
1078 2033 1241 2086 1143
1294 2027 1500 2082 auctor
1555 2024 1914 2083 Morimundi
1945 2024 2310 2082 celebratum
2357 2023 2557 2098 ibiqu‘e
2589 2023 2835 2081 decessit

194 2114 539 2172 decessisse
573 2112 827 2171 videtur.
1222 2111 1227 2116 Α
1558 2122 1656 2175 22.
1691 2112 1850 2189 Sept.
1888 2123 2075 2176 1158.
2137 2113 2279 2188 Ejus
2326 2113 2630 2171 chronicon
2677 2131 2832 2171 com-

1553 2203 1838 2278 plectitur
1898 2220 1991 2261 res
2041 2204 2237 2278 gestas
2285 2202 2359 2258 ab
2408 2200 2579 2259 initio
2628 2201 2834 2258 mundi

296 2302 400 2354 67.
458 2290 698 2365 Major-is
759 2289 912 2349 sorte
974 2289 1333 2349 celebritatis
1410 2292 1499 2348 est
1553 2291 1627 2349 ad
1660 2312 1709 2354 a.
1752 2302 1913 2354 1146
1951 2291 2010 2348 11.
2038 2303 2090 2362 7,
2125 2292 2442 2365 subjuncto
2475 2290 2513 2349 l.
2542 2300 2596 2359 8,
2631 2290 2832 2365 inquo

194 2380 545 2439 chronicon
618 2379 937 2438 Ottonis
1030 2380 1268 2438 maximi
1342 2379 1500 2437 inter
1552 2381 1678 2456 agit
1707 2380 1780 2438 de
1812 2380 1926 2438 fine
1946 2380 2171 2448 mundi,
2203 2379 2538 2438 antichristi
2559 2397 2831 2453 persecu-

201 2471 533 2545 scriptores
595 2486 905 2544 germanos
967 2469 1272 2527 historicos
1321 2468 1497 2526 medii
1553 2470 1729 2540 tione,
1762 2470 2192 2528 resurrectione
2210 2473 2596 2538 mortuorum,
2608 2467 2829 2542 judicio

200 2559 334 2616 aevi
349 2555 425 2637 ²),
521 2556 820 2615 natalibus
895 2556 1304 2626 illustrissimi,
1382 2556 1499 2615 fuit
1554 2559 1731 2628 finali,
1766 2559 1956 2635 gloria
1972 2560 2279 2617 beatorum
2312 2560 2490 2632 atque
2524 2557 2829 2633 suppliciis

198 2648 366 2707 enim
420 2646 665 2706 Hemici
695 2645 791 2705 lV.
837 2646 977 2722 imp.
1022 2664 1223 2724 nepos,
1258 2645 1419 2705 filius
1452 2664 1496 2709 s,

201 2737 494 2813 Leopoldi
574 2736 926 2795 marchionis
985 2737 1279 2807 Austriae,
1348 2735 1493 2794 Con·

202 2826 335 2885 radi
368 2826 477 2884 111.
511 2824 697 2883 frater
725 2826 997 2883 uterinus
1042 2829 1103 2883 et
1132 2825 1423 2883 Frederici
1455 2826 1497 2886 1.

202 2916 608 2974 Barbarossae
638 2918 890 2989 patruus
924 2909 1007 2995 (n.
1039 2932 1086 2972 c.
1127 2910 1339 2995 1114).
1387 2915 1496 2972 Pa-

202 3005 361 3063 risiis
380 3003 604 3062 studiis
620 3003 850 3079 aliquot
864 3021 1049 3062 annos
1067 3022 1302 3079 operam
1317 3002 1497 3061 dedit.

200 3094 273 3152 In
326 3093 533 3152 reditu
586 3091 819 3150 celebre
880 3093 1027 3150 tunc
1074 3092 1496 3152 monasterium

202 3181 698 3242 morimundense
725 3181 930 3240 invisit
947 3193 1008 3239 et
1027 3182 1246 3258 spiritu
1275 3181 1498 3256 optimo

206 3271 504 3349 regularis
536 3270 902 3347 disciplinae,
952 3271 1056 3346 qui
1084 3270 1303 3330 ibidem
1337 3270 1497 3347 vige·

205 3361 329 3430 bat,
365 3363 585 3436 captus
619 3378 753 3417 cum
775 3359 1108 3435 quindecim
1131 3359 1498 3419 electissimis

286 3608 322 3652 ῑι
351 3600 632 3654 δρὶποεᾱΙ
677 3599 815 3653 KL.¹
864 3599 954 3661 [Χ.
1000 3605 1168 3657 1023:
1220 3600 1360 3654 Uber
1409 3599 1500 3653 die

200 3672 383 3726 {ltere
428 3671 769 3726 Geschichte
795 3671 895 3725 der
922 3671 1285 3734 Normandie,
1330 3670 1500 3725 sowie

202 3741 515 3796 besonders
546 3742 832 3796 einzelner
857 3741 1082 3796 Kloster
1118 3743 1178 3795 in
1206 3742 1499 3796 derselben

203 3815 387 3868 bietet
412 3814 516 3866 das
544 3812 726 3866 Werk
751 3812 977 3866 reichen
1006 3813 1195 3867 Inhalt
1219 3813 1338 3877 dar,
1380 3814 1499 3867 und

206 3903 264 3938 es
292 3886 477 3939 bleibt
508 3885 603 3938 fur
645 3883 737 3938 die
780 3883 1352 3956 Kirchengeschichte
1380 3886 1500 3938 und

206 3958 298 4010 die
326 3957 675 4010 Gesehichte
704 3957 870 4024 jener
906 3954 1029 4009 Zeit
1066 3956 1280 4010 sowohl
1319 3957 1499 4009 durch

210 4028 421 4081 [husan
517 4027 618 4080 des
672 4026 1155 4092 GesichtskreiseS,
1218 4027 1301 4080 als
1353 4027 1501 4080 auch

206 4099 389 4153 durch
473 4117 541 4151 as
568 4098 809 4152 Streben
851 4099 996 4151 nach
1022 4114 1285 4168 genauen
1317 4098 1499 4152 Nach-

206 4171 430 4224 richten
459 4169 591 4224 eine
619 4169 747 4223 sehr
772 4168 1037 4239 wichtige
1064 4169 1262 4235 Quelle
1289 4212 1302 4226 .
1332 4209 1344 4221 .
1375 4209 1388 4222 .
1438 4170 1500 4224 Ο.

208 4242 470 4310 schopfte
539 4240 649 4294 mit
711 4240 1103 4310 viel‘ahrigem
1166 4241 1501 4294 innhsamen

208 4313 356 4366 Pleiz
413 4330 522 4365 aus
568 4310 729 4366 einer
833 4328 976 4382 enge
1016 4313 1116 4367 der
1159 4313 1353 4365 besten
1382 4311 1501 4365 und

209 4384 579 4439 kostbarsten
621 4382 865 4448 Quellen
909 4384 1025 4438 und
1064 4385 1140 4437 ist
1165 4400 1276 4436 nur
1301 4382 1362 4435 in
1388 4383 1503 4436 eiu-

208 4457 404 4510 zelnen
453 4454 892 4524 fernliegenden
920 4454 1184 4509 Punkten
1229 4470 1502 4508 u..zuver-

208 4528 392 4597 lassig.
438 4527 527 4581 Cf.
557 4525 831 4579 Potthast
855 4545 910 4597 p.
937 4530 1069 4584 879:
1102 4525 1244 4579 ffist.
1269 4526 1355 4581 lit.
1381 4526 1502 4592 XII,

212 4606 371 4655 190--
386 4605 514 4656 204.

1552 2648 1965 2708 damnatorum
1979 2648 2047 2728 ¹).
2077 2649 2224 2706 Prae
2238 2646 2425 2706 oculis
2441 2650 2636 2706 autem
2655 2647 2832 2705 habet

1555 2739 1959 2813 Augustinum
1976 2738 2047 2795 de
2063 2738 2300 2795 civitate
2321 2737 2426 2795 Dei
2444 2739 2504 2795 et
2524 2736 2794 2795 Orosium
2816 2756 2829 2793 ε

1553 2827 1616 2884 in
1667 2827 1834 2884 factis
1884 2827 2205 2884 referendis
2266 2825 2586 2900 plurimum
2638 2825 2832 2882 utitur

1554 2915 1902 2974 Ekkehardo
1965 2912 2063 2998 (cf.
2111 2934 2292 2989 supra
2335 2936 2391 2990 p.
2445 2915 2571 2989 34).
2633 2914 2830 2989 Hujus

1554 3005 1749 3080 operis
1786 3005 1966 3062 veluti
1999 3005 2362 3063 continuatio
2390 3006 2532 3061 sunt
2562 3003 2618 3062 11.
2644 3012 2677 3065 2
2713 2996 2830 3084 (ni-

1554 3094 1665 3152 mis
1717 3092 2058 3172 laudatorii)
2091 3095 2160 3152 de
2173 3095 2346 3170 yestis
2364 3089 2656 3151 Friderici
2673 3092 2832 3151 Bar-

1554 3183 1826 3242 barossae
1857 3202 2042 3258 usque
2076 3183 2147 3240 ad
2178 3202 2230 3246 a.
2275 3192 2454 3251 1157,
2489 3182 2708 3257 quibus
2741 3181 2832 3238 in-

1555 3273 1742 3330 seruit
1774 3273 1948 3347 plura
1979 3273 2359 3331 monumenta
2402 3271 2601 3346 magni
2641 3270 2832 3345 pretii.

1555 3361 1808 3420 Moriens
1832 3361 2019 3436 jussit
2063 3379 2160 3419 eos
2192 3360 2302 3417 sibi
2347 3360 2538 3417 afferri
2573 3359 2832 3434 virisque

1554 3451 1744 3509 doctis
1776 3455 1838 3508 et
1869 3450 1981 3525 piis
2012 3449 2289 3526 legendos
2321 3448 2499 3518 dedit,
2550 3451 2621 3506 ut
2653 3449 2831 3506 corri-

1555 3543 1764 3616 gerent
1795 3559 1878 3609 ea,
1912 3558 2063 3613 quae
2095 3539 2246 3596 forte
2295 3537 2554 3612 opinioni
2587 3537 2832 3595 Gilberti

1558 3629 1878 3698 Porretani,
1900 3628 1992 3684 sui
2012 3626 2310 3702 quondam
2327 3626 2614 3702 magistri,
2632 3625 2833 3683 faven-

1558 3717 1640 3775 tia
1669 3717 1934 3788 dixisset,
1967 3736 2042 3774 ne
2076 3716 2307 3774 cuidam
2341 3715 2676 3773 scandalum
2710 3733 2833 3772 mo·

1636 3891 1670 3957 Ι)
1699 3886 1906 3940 Weber
1949 3885 2061 3938 KL.
2110 3885 2226 3950 1112,
2278 3889 2446 3942 1134:
2516 3883 2590 3936 Er
2634 3884 2835 3937 durch-

1557 3955 2835 4028 dringtdenhistorischenStoffphilosophisch

1556 4031 1639 4084 als
1702 4028 1800 4082 der
1861 4033 2004 4082 erate
2068 4028 2186 4080 und
2249 4027 2463 4096 einzige
2515 4027 2835 4081 Geschicht·

1556 4101 1838 4154 schreiber
1878 4100 2060 4153 dieser
2088 4099 2376 4168 Richtung
2419 4100 2499 4152 im
2525 4099 2836 4152 deutschen

1556 4172 1905 4226 Mittelalter.
1957 4172 2023 4224 In
2062 4170 2172 4224 den
2213 4170 2492 4224 leitenden
2524 4169 2833 4224 Gedanken

1557 4243 1719 4296 lehnt
1757 4261 1815 4297 er
1856 4243 1973 4296 sich
2019 4260 2090 4294 an
2119 4242 2476 4312 Augustinus
2508 4260 2561 4295 u.
2588 4240 2836 4294 Orosius.

1559 4315 1633 4367 Er
1658 4315 1834 4369 selbst
1859 4317 2040 4367 neunt
2078 4314 2228 4367 seine
2257 4313 2506 4368 Chronik
2547 4313 2638 4366 ein
2679 4312 2834 4365 Buch

1558 4387 1641 4440 de.
1667 4386 1892 4440 duabus
1932 4385 2258 4438 civitatibus
2300 4385 2417 4438 und
2456 4384 2706 4437 versteht
2743 4384 2839 4436 da·

1556 4461 1757 4511 runter
1784 4455 1958 4510 Babel
1985 4457 2102 4509 und
2124 4456 2455 4510 Jerusalem.
2477 4457 2576 4512 das
2596 4455 2837 4509 irdische

1560 4529 1679 4582 und
1722 4527 2078 4582 himmlische
2125 4527 2315 4591 Reich,
2367 4527 2574 4581 welche
2618 4545 2677 4579 er
2727 4525 2838 4579 hie·

1560 4600 1764 4653 nieden
1816 4599 2120 4653 vermischt
2180 4598 2258 4651 im
2310 4598 2527 4667 Kampf
2579 4597 2836 4653 erblickt.

278 4683 317 4718 ’ἐι
347 4672 431 4724 lta
489 4668 744 4723 Michael
797 4666 995 4725 Gesch.
1045 4668 1143 4722 des
1192 4669 1503 4723 deutschen
1560 4672 1642 4724 hn
1669 4675 1718 4726 8.
1747 4671 1808 4725 Β.
1839 4671 2054 4739 spricht
2095 4688 2155 4723 er
2182 4684 2312 4723 vom
2338 4671 2837 4738 Weltuntergang,

215 4740 413 4796 Volkes
446 4741 546 4804 111,
586 4745 717 4804 329,
764 4739 1040 4809 Freiburg
1080 4745 1235 4798 1903.
1287 4739 1370 4794 cf.
1398 4739 1503 4793 Ba·
1560 4759 1668 4796 von
1716 4742 1816 4795 der
1844 4742 2169 4812 Scheidung
2210 4741 2402 4795 beider
2446 4741 2648 4794 Reiche
2694 4741 2838 4793 nach

210 4813 406 4886 [linger
450 4811 1001 4869 Universalhistorie
1052 4811 1127 4864 im
1175 4811 1505 4867 Mittelalter
1560 4813 2098 4882 dei-Auferstehung
2126 4813 2244 4866 und
2271 4831 2384 4867 von
2411 4812 2510 4865 der
2533 4812 2840 4878 kiiuftigen

212 4885 269 4946 ll,
294 4891 532 4942 26-41.

1563 4885 1961 4938 Herrlichkeit.
