3475 5364
1692 1619 1871 1704 XII

703 1781 1283 1955 Theologi
1360 1680 1954 1916 annorum
2054 1780 2874 1914 1401—1425.

1161 2155 1226 2253 Ι.
1293 2152 1784 2273 Theologia
1850 2152 2426 2251 scholastica.

568 2399 644 2452 36
660 2401 690 2452 7
700 2389 1325 2452 ‚Intersententiarios
1338 2389 1757 2466 hujusperiodi

476 2479 735 2538 nominis
751 2479 906 2537 fama
930 2479 1156 2537 eminet
1189 2480 1469 2537 Petrus
1502 2475 1758 2555 d’Ailly

478 2569 574 2646 (cle
606 2563 856 2650 Alliaco)
888 2588 936 2629 a.
982 2578 1139 2631 1350
1178 2587 1231 2625 n.
1264 2568 1615 2642 parentibus
1649 2570 1757 2626 mi-

477 2676 590 2718 nus
653 2656 951 2734 opulentis
1028 2656 1418 2734 probabiliter
1491 2657 1555 2716 in
1629 2658 1760 2717 vico

476 2747 1046 2806 Aillihaut-clocher.
1079 2747 1410 2806 Institutas
1443 2746 1560 2805 fuit
1591 2748 1759 2807 Com·

475 2836 676 2912 pendii
741 2832 1142 2917 (Compiegne)
1194 2836 1265 2893 ad
1300 2836 1521 2894 Isaram
1575 2833 1761 2916 (Oise)

477 2925 741 2983 fluvium.
786 2925 954 2983 Ratio
986 2926 1112 2999 ejus
1144 2926 1332 2983 famae
1363 2944 1483 2984 non
1517 2929 1642 2983 tam
1675 2927 1765 2983 est

475 3014 852 3090 profunditas
867 3013 1187 3083 doctrinae,
1204 3032 1381 3088 quam
1397 3032 1548 3089 pars,
1583 3033 1763 3089 quam

477 3104 687 3162 babuit
717 3104 779 3162 in
812 3104 1215 3178 componendo
1257 3103 1604 3162 tristissimo
1655 3104 1764 3162 Ec-

477 3193 689 3251 clesiae
707 3192 1090 3252 occidentalis
1121 3192 1449 3252 schismate.
1472 3192 1764 3269 Receptus

475 3288 566 3341 est
583 3303 631 3340 a.
657 3292 822 3346 1365
847 3281 904 3339 in
927 3281 1238 3358 collegium
1270 3301 1621 3341 navarreum
1653 3281 1764 3339 mi-

475 3389 659 3446 roque
703 3371 914 3430 ardore
961 3370 1180 3430 studiis
1232 3389 1295 3430 se
1349 3370 1527 3430 dedit.
1590 3372 1765 3429 Anno

485 3472 504 3522 1
526 3469 601 3523 37
617 3471 649 3523 5
669 3460 946 3536 exposuit
959 3461 1021 3519 in
1037 3461 1428 3519 universitate
1446 3460 1763 3536 parisiensi

478 3549 829 3627 magistrum
862 3550 1321 3609 sententiarum:
1357 3550 1611 3609 doctoris
1634 3550 1764 3607 lau-

477 3659 573 3697 rea
585 3641 839 3698 donatus
851 3643 984 3701 est]
1008 3641 1211 3714 1.Apr.
1235 3650 1256 3701 1
1277 3639 1574 3702 380.0rto
1589 3638 1767 3697 schis-

475 3737 635 3788 mate
671 3747 1004 3789 sermonem
1025 3721 1300 3808 habuit2)
1323 3727 1386 3787 in
1407 3728 1765 3787 universita-

475 3818 555 3875 tis
569 3818 844 3889 comitiis‚
859 3837 977 3893 quo
990 3818 1333 3877 ostenderet
1354 3818 1767 3877 necessitatem

1817 2390 2060 2448 Interim
2088 2391 2277 2449 factus
2297 2393 2390 2448 est
2416 2389 2732 2448 canonicus
2757 2391 3102 2449 noviomen·

1817 2479 1914 2549 siS,
1945 2497 2181 2555 praeses
2214 2479 2445 2555 collegii
2476 2479 2745 2538 navarrei
2763 2475 2818 2561 (l
2836 2476 2989 2559 384)
3011 2483 3100 2537 at·

1818 2587 1935 2643 que
1958 2568 2291 2643 theologiae
2310 2568 2609 2644 professor
2626 2586 2855 2628 necnon
2867 2587 2915 2626 a.
2936 2580 2957 2630 l
2978 2577 3100 2632 389

1820 2657 2233 2717 universitatis
2285 2657 2701 2717 cancellarius:
2765 2659 2926 2717 inter
2969 2676 3104 2717 suos

1820 2746 2144 2823 discipulos
2156 2748 2444 2806 celebrem
2456 2747 2494 2805 J
2496 2765 2743 2807 oannem
2757 2748 3103 2807 Ger-scnium

1819 2837 2154 2896 numeravit
2184 2841 2246 2895 et
2278 2837 2587 2895 Nicolaum
2620 2837 2969 2914 Clemangis.
3012 2838 3105 2895 Ab

1820 2925 2216 2985 universitate
2266 2926 2500 3001 saepius
2534 2926 2752 2984 missus
2785 2929 2878 2985 est
2908 2931 3106 2985 orator

1823 3014 1895 3072 ad
1919 3014 2115 3073 aulam
2137 3014 2500 3091 pontificiam
2520 3016 2823 3073 Avenione
2841 3015 3103 3074 residen-

1822 3107 1974 3161 tem:
2008 3103 2095 3162 ita
2124 3104 2189 3161 in
2210 3122 2385 3162 causa
2403 3104 2756 3176 Montesoni,
2779 3105 2949 3180 cujus
2968 3123 3102 3179 pro·

1819 3192 2144 3268 positiones
2175 3193 2367 3252 varias
2399 3191 2778 3252 damnaverat
2810 3194 3107 3252 academia

1822 3276 1919 3364 (cf.
1953 3301 2006 3357 p.
2047 3276 2220 3365 683),
2271 3285 2343 3340 ut
2388 3282 2546 3340 sedis
2579 3283 2936 3358 apostolicae
2968 3302 3104 3342 con-

1820 3371 2209 3430 firmationem
2255 3370 2653 3430 damnationis
2700 3373 2853 3430 latae
2885 3372 3105 3431 sollici—

1821 3464 1976 3518 taret
1990 3456 2051 3540 ¹).
2130 3460 2435 3536 Temporis
2495 3461 2668 3535 lapsu
2730 3462 2917 3520 crevit
2975 3461 3104 3537 ejus

1821 3549 1989 3618 fama,
2053 3569 2190 3607 cum
2244 3555 2304 3607 et
2362 3549 2615 3625 insignis
2675 3555 2832 3609 esset
2891 3554 3105 3611 orator.

1824 3639 2028 3697 Carolo
2062 3638 2157 3696 VI.
2191 3641 2316 3697 erat
2349 3639 2423 3697 ab
2455 3639 2846 3716 eleemosynis
2875 3643 2936 3698 et
2966 3658 3104 3699 con·

1825 3728 2195 3797 sessionibus,
2222 3728 2627 3786 thesaurarius
2651 3729 2895 3804 insuper
2911 3746 3107 3787 sacrae

1826 3818 2101 3891 capellae,
2125 3817 2262 3876 dein
2282 3820 2343 3875 et
2374 3817 2817 3877 archidiaconus
2850 3836 3103 3876 camera·

477 3907 711 3966 concilii
743 3907 815 3965 ad
849 3907 999 3965 illud
1022 3907 1495 3983 componendum
1519 3902 1765 3988 (1381).
1824 3906 2010 3966 censis
2042 3903 2294 3989 (1391).
2360 3908 2540 3982 Saepe
2587 3906 2886 3965 adhibitus
2930 3907 3044 3964 suit
3073 3927 3107 3965 a

1824 4014 1960 4072 rege
1978 3996 2041 4054 in
2058 3996 2562 4072 negotiationibus
2579 4015 2686 4071 pro
2702 3996 3106 4072 componendo

560 4121 590 4159 .,
621 4111 1137 4165 Ρωρῦρῐωίωωῃε
1184 4112 1224 4164 L
1245 4132 1279 4166 u
1298 4130 1324 4165 C
1345 4130 1376 4165 a
1394 4132 1446 4166 m
1497 4112 1648 4165 Man
1670 4130 1696 4164 z
1715 4130 1767 4165 Ο,
1824 4085 2153 4145 schismate.
2197 4087 2247 4143 A
2280 4085 2596 4144 Clementis
2627 4103 2963 4144 successore
2995 4086 3106 4144 Be-

476 4182 530 4235 li
553 4200 587 4234 u
611 4202 662 4235 iu
691 4185 752 4237 0.
776 4183 989 4237 Humil.
1009 4183 1422 4239 Florentinum.
1445 4184 1766 4249 theologiae

477 4254 782 4317 dotorem,
837 4254 923 4308 sui
979 4255 1305 4310 monasterii
1359 4256 1768 4325 praepositum,

477 4326 811 4394 episcopum
858 4326 1196 4381 feltrensem.
1245 4344 1412 4395 quem
1463 4326 1768 4396 Gregorius

479 4399 594 4451 XII.
647 4398 994 4451 cardinalem
1024 4400 1237 4452 creavit
1264 4402 1318 4452 et
1359 4417 1397 4451 s.
1441 4399 1766 4451 Antoninus

477 4470 597 4539 ejus
627 4469 924 4523 familiaris
956 4474 1119 4524 vocat
1166 4471 1384 4529 ..virum
1417 4470 1610 4539 magni
1638 4486 1764 4522 con-

477 4541 606 4597 silii.
660 4541 993 4610 theologum
1051 4545 1450 4610 praestantem,
1517 4541 1763 4607 peritum

479 4632 544 4665 ss.
575 4614 866 4666 literarum
899 4616 1290 4683 professorem,
1337 4612 1658 4680 exquisitae
1689 4616 1765 4665 fa·
1791 4616 1795 4695 j

1793 4152 2059 4271 {nedicto
2092 4173 2246 4231 XIII.
2281 4173 2473 4232 dictus
2515 4177 2605 4233 est
2636 4174 2946 4251 episcopus
2979 4175 3105 4233 ani-

1824 4263 2037 4321 ciensis
2071 4260 2315 4342 (1395),
2359 4281 2492 4321 mox
2526 4263 2845 4323 translatus
2878 4259 3105 4344 (1397)
3151 4288 3158 4295 ·

1826 4352 1899 4410 ad
1934 4353 2132 4411 sedem
2164 4353 2720 4428 archiepiscopalem
2742 4371 3106 4412 cameracen-

1823 4461 1971 4500 sem:
1994 4461 2219 4517 suoque
2240 4461 2482 4500 munere
2500 4443 2783 4518 pastorali
2804 4444 3104 4502 conscien-

1903 4621 1937 4669 ἰ
1966 4613 2048 4667 Cf.
2080 4613 2163 4665 Du
2196 4612 2322 4665 Ples
2353 4612 2399 4665 is
2440 4613 2776 4680 d'Argvntre
2806 4611 2945 4667 Con.
2980 4614 3105 4682 jud.

479 4702 598 4738 mae
642 4688 698 4737 et
739 4685 1042 4755 probitatis
1089 4686 1377 4754 exemplar
1422 4694 1468 4745 1†
1500 4689 1582 4739 14.
1612 4690 1765 4755 Sept.
1792 4700 1795 4747 ε
1824 4691 1844 4740 1
1882 4705 1935 4755 p.
1965 4690 1997 4739 2
2027 4703 2079 4754 p.
2111 4689 2179 4740 76
2207 4703 2247 4737 a.
2277 4684 2493 4737 'Fuetur
2520 4687 2711 4737 autem
2754 4685 2814 4737 in
2852 4700 3105 4737 sermone

479 4760 686 4813 1411'w·

551 4836 591 4877 η
625 4828 851 4881 Prostat
891 4827 1039 4880 inter
1081 4845 1170 4895 op.
1210 4826 1469 4879 (lei-eonii
1508 4826 1543 4879 l.
1585 4832 1687 4883 603
1722 4836 1795 4893 sn}

477 4890 807 4967 mlJDupin.

1823 4760 1879 4809 et
1905 4756 2112 4826 scripto
2142 4756 2413 4808 adversus
2436 4755 2833 4809 Montesonum
2858 4754 3107 4824 Virginis

1822 4828 2248 4881 immaculatam
2280 4827 2728 4896 concept-ionem.
2758 4828 2838 4881 cf.
2858 4827 2980 4893 ejus
3000 4827 3106 4879 hac

1791 4900 1794 4954 l
1825 4900 1893 4952 de
1921 4917 1977 4952 re
2005 4899 2212 4968 scripta
2244 4898 2393 4952 inter
2421 4917 2553 4967 opp.
2581 4898 2838 4952 Gereonii
2860 4899 3020 4961 1,693
3037 4918 3106 4952 ss.
