3475 5364
394 367 428 418 3
439 367 470 418 5
481 364 516 418 3
905 347 1157 402 Historia
1183 347 1454 402 literaria.
1483 347 1736 414 Grossus‚
1767 349 2010 420 Pignon‚
2039 347 2362 402 Ludovicus
2390 350 2495 404 etc.
2881 364 3005 419 854

392 533 760 611 Pragensis1)
807 532 1056 592 eremita
1093 535 1569 602 camaldulensis,
1623 553 1666 593 s.
1727 532 1974 616 (1423),
2003 539 2207 611 postea
2234 529 3009 613 antissiodorensis(l433;

391 624 637 700 paginae
699 622 1018 698 professor,
1083 623 1495 682 missionarius
1565 643 1670 698 per
1725 624 1998 692 †144÷0).
2032 623 2251 683 Mei-uit
2276 623 2349 682 de
2365 623 2612 682 historia
2641 623 2736 681 sui
2760 622 3005 681 ordinis.

392 713 690 772 Poloniam
713 714 776 770 et
792 712 1184 781 Lithuaniam‚
1215 712 1492 771 interfuit
1510 730 1667 772 conc.
1724 714 1961 789 scripsit
1991 713 2148 772 enim
2170 712 2436 787 ejusdem
2458 713 2785 786 chronicon,
2806 716 2868 770 et
2887 713 3005 769 col·

392 801 703 860 basileensi
761 810 947 870 1431,
997 801 1062 859 in
1110 820 1227 876 quo
1274 803 1469 861 acrius
1502 803 1672 860 stetit
1725 803 1878 880 legit
1907 802 2202 879 catalogos
2234 804 2568 860 sanctorum
2595 796 2732 880 (41)
2764 803 2825 859 et
2844 819 3007 859 sanc-

391 891 676 950 adversus
706 890 1041 967 Eugenium
1071 890 1168 949 1v.
1203 887 1265 972 (†
1294 888 1500 965 1440).
1536 891 1667 949 Ser·
1725 897 1925 951 tarum
1962 887 2072 972 (5),
2107 894 2510 966 promotorum
2561 890 2634 948 ad
2680 889 3009 967 dignitates

391 999 623 1039 monem
658 979 867 1038 habuit
910 980 975 1038 in
1004 979 1314 1038 carthusia
1356 980 1670 1039 basileensi
1726 984 1894 1040 extra
1954 981 2222 1041 ordinem
2286 977 2431 1060 (non
2481 980 2566 1037 ita
2616 975 3006 1050 accuratum),

391 1071 461 1127 de
503 1088 552 1132 s.
584 1069 929 1143 Romualdo,
979 1087 1153 1145 quem
1201 1069 1382 1129 habes
1429 1070 1493 1128 in
1538 1071 1667 1128 Act
1725 1071 2146 1147 magistrorum
2179 1069 2404 1128 ordinis
2440 1065 2654 1149 (jusque
2686 1087 2734 1125 a.
2777 1071 3007 1136 1410);

393 1158 491 1216 SS.
529 1168 582 1220 7.
614 1157 780 1216 Febr.
813 1156 889 1227 II,
934 1167 1293 1221 124—140.
1637 1209 1644 1213 .
1725 1160 1991 1235 priorum
2023 1158 2470 1235 provincialium
2501 1158 2780 1215 Franciae
2823 1150 2924 1238 (ad
2957 1177 3006 1214 a.

1733 1260 1759 1311 1
1777 1261 1805 1309 4
1819 1245 1926 1328 03)
1947 1270 1961 1318 ;
1995 1247 2390 1323 capitulorum
2408 1246 2776 1323 generalium
2793 1251 2854 1303 et
2872 1265 3007 1319 pro-

486 1345 628 1398 423.
665 1336 754 1393 Ad
787 1337 1092 1395 historiam
1114 1337 1444 1395 literarium
1464 1336 1669 1396 referri
1725 1337 2073 1397 vincialium
2105 1337 2384 1395 Franciae
2419 1335 2519 1416 (ad
2552 1354 2600 1393 a.
2644 1330 2855 1414 1411),
2890 1335 3008 1392 fra-

392 1425 730 1500 possunt:J
743 1444 1005 1484 oannes
1037 1425 1343 1484 Grossus
1368 1425 1472 1506 (Le
1494 1422 1666 1506 Gros)
1725 1429 1907 1497 trum,
1962 1427 2068 1502 qui
2120 1428 2467 1494 claruerunt
2514 1424 2802 1483 doctrina.
2884 1424 3010 1483 Hoc

392 1514 717 1573 Tolosanus
763 1514 825 1573 Ο.
860 1516 1063 1582 carm„
1111 1515 1215 1590 qui
1261 1514 1334 1573 de
1381 1515 1669 1574 abolendo
1725 1517 2052 1591 plurimum
2102 1515 2194 1574 usi
2246 1517 2390 1573 sunt
2429 1512 2637 1583 Quetif
2673 1516 2736 1570 et
2778 1512 3009 1570 Echard

392 1603 551 1662 tristi
568 1603 1012 1662 schismatefuit
1028 1603 1347 1662 admodum
1365 1605 1668 1663 studiosus
1723 1606 1788 1663 in
1820 1624 1929 1664 suo
1963 1624 2138 1680 opere
2160 1605 2489 1679 Scriptores
2510 1602 2574 1661 Ο.
2596 1602 2797 1660 Praed.
2830 1604 3008 1676 atque

392 1711 724 1769 magnaque
783 1693 1048 1768 pollebat
1108 1693 1466 1753 auctoritate
1511 1693 1669 1770 apud
1725 1695 1813 1753 ita
1842 1714 1949 1769 per
1980 1697 2176 1769 partes
2206 1693 2361 1751 illud
2392 1691 2723 1761 ediderunt,
2757 1696 3006 1750 annota-

394 1781 589 1841 Gallos
605 1781 667 1840 et
680 1782 992 1857 Hispanos.
1026 1781 1264 1841 Electus
1284 1782 1471 1841 suita.
1503 1793 1666 1847 1389
1725 1784 1989 1843 tionibus
2037 1801 2178 1842 vero
2230 1782 2450 1841 criticis
2496 1781 2822 1858 plurimum
2866 1780 3005 1838 illu-

392 1871 457 1927 in
487 1870 841 1948 magistrum
860 1872 1193 1947 generalem
1214 1872 1287 1929 ab
1306 1892 1428 1930 una
1445 1872 1669 1930 ordinis
1728 1873 1947 1932 stravit
1990 1872 2216 1930 Denifie
2262 1871 2480 1930 Archiv
2527 1871 2600 1938 11,
2658 1879 2775 1932 195
2813 1887 2887 1927 ss.
2921 1903 3006 1912 --

392 1963 578 2034 parte,
611 1979 749 2018 nam
778 1960 986 2035 etipsa
1004 1961 1381 2037 congregatio
1402 1960 1667 2031 O.Carm,
1724 1963 1771 2020 L
1792 1961 2182 2021 udovicus
2229 1961 2303 2019 de
2350 1958 2815 2019 vallisoleti
2848 1955 3007 2037 (Val-

392 2049 458 2107 in
503 2048 653 2107 duas
700 2049 880 2108 scissa
926 2051 1054 2107 erat
1102 2053 1318 2126 partes
1389 2049 1671 2109 Interfuit
1726 2051 1943 2120 leoleti,
2011 2045 2368 2130 Valladolid)
2420 2049 2644 2125 pariter
2690 2047 2753 2106 Ο.
2806 2048 3008 2105 Praed.

394 2155 550 2197 conc.
581 2138 787 2213 pisano
819 2140 880 2196 et
910 2139 1353 2207 constantiensi,
1402 2139 1504 2197 sed
1544 2140 1668 2214 jam
1728 2139 1983 2199 Parisios
2035 2139 2373 2198 studiorum
2421 2156 2600 2197 causa
2648 2139 2740 2194 est
2770 2136 3006 2204 missus,

394 2227 467 2284 ab
498 2246 546 2285 a.
589 2237 702 2290 141
722 2237 747 2288 1
786 2227 1047 2303 praefuit
1076 2228 1356 2286 universo
1379 2228 1574 2286 ordini
1597 2229 1668 2287 ad
1726 2232 1788 2287 et
1817 2229 2154 2305 theologiae
2187 2228 2470 2305 magister
2499 2229 2592 2286 est
2610 2229 2859 2284 creatus.
2896 2226 3005 2283 Da-

396 2336 444 2374 a.
485 2326 671 2386 1430,
704 2335 824 2392 quo
855 2316 931 2375 ob
962 2315 1232 2376 affectam
1267 2317 1671 2375 valetudinem
1724 2321 1825 2376 tus
1858 2318 1975 2377 fuit
2006 2316 2222 2376 celebri
2256 2316 2348 2375 Jo.
2369 2315 2647 2391 capreolo
2678 2315 2740 2373 in
2773 2314 3008 2391 magnis

391 2405 627 2463 muneri
669 2405 997 2482 resignavit
1043 2404 1104 2486 (†
1144 2401 1353 2486 1⁴37).
1416 2405 1672 2483 Collegit
1727 2406 1945 2466 scholis
1976 2424 2294 2465 successor.
2345 2407 2415 2463 In
2446 2404 2700 2481 patriam
2736 2422 3008 2462 reversus

407 2494 772 2553 Viridarium
808 2494 871 2552 0.
905 2488 956 2553 b.
994 2494 1073 2553 M.
1127 2494 1187 2558 V.
1218 2496 1286 2552 de
1306 2495 1499 2554 Monte
1522 2495 1670 2554 Car·
1726 2495 1944 2554 Joanni
1974 2495 2047 2553 11.
2081 2494 2365 2553 Castellae
2396 2495 2525 2570 regi
2557 2496 2685 2551 erat
2716 2513 2751 2551 a
2781 2492 3005 2551 confes-

277 2667 284 2670 ν
393 2584 535 2643 melo
564 2584 621 2641 11.
652 2585 711 2653 3,
756 2583 822 2642 in
867 2583 1086 2658 quibus
1131 2585 1254 2661 agit
1297 2584 1370 2643 de
1419 2584 1561 2643 viris
1592 2585 1666 2643 il·
1725 2585 2007 2654 sionibus,
2042 2604 2076 2642 a
2107 2602 2227 2659 quo
2245 2587 2446 2643 orator
2462 2584 2663 2660 regius
2683 2583 2896 2641 missus
2917 2585 3009 2639 est

395 2671 684 2732 lustribus
699 2672 938 2732 ordinis.
970 2673 1195 2733 Prodiit
1211 2673 1477 2734 Venetiis
1503 2684 1664 2738 1507
1726 2674 1798 2733 ad
1818 2674 2126 2735 concilium
2143 2673 2602 2741 constantiense,
2635 2672 2833 2747 inquo
2852 2671 3008 2730 haud

393 2762 458 2820 in
488 2763 526 2820 f.
562 2758 722 2843 (eum
766 2763 1003 2839 speculo
1049 2763 1498 2822 Carmelitarum
1530 2764 1667 2822 Phi·
1725 2765 1953 2823 otiosus
1987 2764 2119 2833 suit,
2150 2767 2222 2821 ut
2252 2763 2446 2838 liquet
2475 2780 2546 2821 ex
2574 2761 3007 2837 ejusdem'con—

327 2850 332 2855 ’
393 2851 539 2927 lippi
569 2848 896 2931 Riboti);
930 2853 1290 2927 Antverpiae
1319 2863 1503 2917 1680.
1537 2853 1671 2911 Alia
1726 2853 1847 2911 cilii
1879 2853 2044 2921 actis,
2078 2853 2144 2911 in
2174 2850 2395 2927 quibus
2426 2870 2599 2927 saepe
2630 2851 2760 2926 ejus
2794 2869 3008 2909 nomen

392 2944 521 3015 ejus
554 2940 777 3015 scripta
807 2944 878 2999 ut
908 2959 1002 3015 qq.
1036 2941 1238 3000 variae
1270 2942 1341 3000 de
1374 2960 1450 3000 ss.
1474 2943 1666 3017 Scrip-
1727 2943 1998 3001 occurrit.
2061 2942 2203 3000 Fuit
2253 2944 2460 3017 postea
2490 2941 2853 3000 notissimus·
2872 2958 3007 3014 pro—

392 3029 546 3088 turis
578 3032 930 3089 manserunt
973 3029 1215 3089 inedita.
1250 3064 1334 3074 -—
1368 3031 1668 3090 Nicolai
1726 3032 1917 3091 sessor
1935 3031 2346 3090 universitatis
2366 3030 2818 3089 vallisoletanae
2849 3029 3008 3104 ejus-

394 3118 716 3178 Cantlow
739 3118 1669 3199 (Cantilowe‚Cantolupus,Can-
1726 3121 1980 3197 demque
2024 3120 2299 3179 facultati
2349 3119 2714 3196 theologicae
2749 3128 2804 3180 6.
2837 3117 3008 3175 Febr.

393 3208 641 3283 tilupu3‚
693 3208 1113 3267 Cantilowinus
1163 3207 1302 3286 etc.)
1365 3208 1427 3267 O.
1482 3209 1667 3267 Carm.
1741 3220 1899 3272 1418
1936 3230 1970 3267 a
2000 3209 2255 3268 Mat-tino
2290 3209 2353 3266 V.
2386 3208 2566 3267 datus
2600 3211 2691 3266 est
2720 3207 2794 3265 ad
2826 3206 3005 3264 vitam

393 3296 810 3365 Bristoliensis‚
874 3298 1128 3357 doctoris
1178 3298 1669 3375 cantabrigiensis
1726 3302 1798 3356 ut
1830 3298 1992 3373 prior
2023 3302 2085 3357 et
2115 3300 2388 3357 decanus.
2442 3298 2514 3355 In
2545 3295 2799 3356 comitiis
2831 3314 3009 3373 gene-

398 3382 743 3466 (†2l.Sept.
765 3382 1297 3467 1441),chronicon
1309 3388 1672 3462 fundationis
1727 3387 1952 3446 ralibus
1984 3387 2212 3446 ordinis
2256 3396 2421 3449 1426
2444 3385 2747 3444 Bononiae
2768 3384 3008 3451 habitiS,

395 3473 803 3552 Cantabriyiae
851 3493 959 3534 seu
1007 3476 1046 3534 1.
1093 3476 1165 3534 de
1206 3476 1566 3550 antiquitate
1612 3479 1672 3533 et
1727 3494 1864 3534 eum
1895 3476 2216 3534 electorum
2236 3475 2518 3552 suffragia
2534 3474 2621 3534 ita
2638 3474 2795 3531 inter
2810 3472 3010 3546 ipsum

395 3564 624 3640 origine
697 3563 1105 3623 universitatis
1182 3564 1672 3641 cantabrigiensis
1727 3567 1789 3622 et
1819 3565 2097 3623 'rhomam
2132 3565 2203 3622 de
2235 3564 2437 3640 Regno
2478 3562 2907 3631 dividerentur,
2939 3566 3010 3619 ut

395 3652 581 3711 edidit
639 3670 773 3711 cum
836 3653 939 3711 Th.
1004 3653 1041 3712 S
1061 3673 1200 3730 pro
1220 3654 1333 3713 tti
1399 3654 1670 3712 chronico
1727 3672 1847 3712 non
1881 3653 2027 3711 satis
2057 3653 2332 3728 liqueret,
2366 3652 2499 3727 quis
2518 3655 2677 3710 esset
2708 3650 3009 3727 legitimus

395 3742 644 3801 Thomas
687 3742 935 3812 Heme,
983 3742 1234 3801 Londini
1285 3753 1451 3806 1719
1502 3743 1569 3801 in
1616 3752 1670 3806 8.
1728 3742 2015 3819 magister
2089 3742 2397 3819 generalis,
2478 3743 2691 3815 sponte
2753 3742 3009 3814 uterque

395 3831 548 3900 Alia,
582 3833 654 3889 ut
683 3832 812 3906 ejus
843 3832 1265 3890 commentaria
1293 3833 1358 3890 in
1396 3832 1506 3894 1.1.
1540 3850 1672 3891 sen·
1730 3850 1839 3891 suo
1866 3831 1992 3906 juri
2023 3832 2217 3890 cessit.
2285 3829 2443 3888 Vixit
2474 3828 2680 3889 saltem
2714 3845 2906 3904 usque
2938 3828 3011 3885 ad

395 3919 734 3990 tentiarum‚
782 3939 901 3981 non
948 3927 1303 3996 aspexerunt
1342 3923 1552 3980 lucem.
1586 3955 1671 3964 —-
1730 3942 1778 3979 a.
1824 3930 2007 3983 1436.
2073 3920 2410 3994 Composuit
2457 3922 2518 3978 et
2564 3918 2693 3995 ipse
2743 3918 3008 3976 tabulam

394 4008 873 4068 Laurentius
936 4010 1238 4086 Pignon
1300 4006 1541 4091 (Pinon)
1607 4009 1671 4072 O.
1730 4010 2107 4086 quorundam
2170 4009 2479 4068 doctorum
2545 4008 2609 4067 Ο.
2661 4006 2882 4076 Praed.,
2948 4007 3011 4064 in

397 4098 595 4156 Praed.
615 4097 987 4169 Senonensis,
1003 4099 1334 4176 theologiae
1349 4103 1477 4158 erat
1490 4100 1676 4158 lector
1730 4119 1852 4174 qua
1893 4099 2024 4158 fuse
2056 4098 2300 4157 disserit
2347 4098 2427 4156 de-
2469 4097 2745 4173 operibus
2776 4096 3008 4154 Alberti

395 4186 460 4243 in
507 4191 805 4246 conventu
853 4188 1168 4258 rhemensi,
1218 4188 1358 4247 dein
1403 4210 1452 4251 a.
1507 4199 1671 4253 1403
1730 4192 1794 4248 et
1825 4207 1869 4247 s.
1903 4188 2176 4259 'rhomae,
2211 4188 2451 4246 nomina
2491 4186 2728 4245 exhibet
2756 4185 3009 4244 fratrum

396 4275 572 4350 prior,
590 4276 858 4352 Philippo
874 4278 1038 4337 Bono
1053 4278 1440 4354 Burgundiae
1471 4299 1505 4337 a
1534 4297 1672 4337 con·
1734 4278 1925 4353 primo
1988 4278 2315 4354 legentium
2379 4279 2707 4335 sententias
2770 4274 3011 4333 Parisiis

398 4364 753 4424 sessionibus
773 4369 835 4423 et
856 4367 1115 4425 consilio.
1151 4367 1275 4424 Hoc
1297 4372 1507 4443 agente
1524 4369 1669 4426 elec·
1736 4364 2052 4449 (quantum
2099 4368 2171 4426 ad
2217 4366 2483 4425 ordinem
2524 4384 2643 4424 non
2684 4366 3011 4441 accuratel:

397 4458 498 4513 tus
575 4458 669 4513 est
743 4455 1052 4531 episcopus
1138 4456 1677 4515 bethlehemitanus
1734 4455 1873 4515 dein
1904 4457 2142 4515 disserit
2173 4456 2244 4514 de
2277 4455 2578 4529 aliquibus
2599 4454 2734 4512 aliis
2756 4452 3009 4511 doctori-

1735 4546 1848 4604 bus
1882 4544 1945 4603 O.
1980 4545 2214 4604 Praed.:
2282 4563 2473 4619 ,quae
2518 4543 2831 4620 praecipua
2874 4561 3014 4617 pars

1737 4635 1950 4709 operia,
2002 4634 2204 4709 inquit
2233 4633 2438 4702 Quetif
2463 4633 2508 4701 Ι,
2548 4643 2691 4701 790,
2738 4650 2916 4705 quam
2950 4632 3013 4687 in

479 4702 514 4769 ¹)
541 4698 701 4779 {45⁰⁸
732 4715 774 4780 ,a
812 4698 1028 4778 f²³⁶¹.¹¹⁰⁸⁰
1071 4698 1245 4779 Hie?
1263 4715 1293 4751 ⁰
1312 4715 1400 4765 ny
1420 4714 1523 4752 ¹¹²⁰
1553 4697 1679 4750 pm·
1739 4726 1866 4781 tota
1882 4724 1989 4782 hac
2005 4723 2367 4781 bibliotheca
2388 4722 2638 4798 sparsim
2650 4720 3009 4779 exhibemus·

398 4787 562 4839 gensi
601 4769 744 4823 Husi
784 4786 963 4822 amico
1004 4771 1062 4823 et
1104 4786 1255 4824 socio
1294 4773 1527 4838 propter
1552 4785 1682 4823 suos

399 4856 612 4895 errores
635 4841 698 4893 in
724 4856 879 4895 conc.
907 4840 1315 4893 constantiensi
1337 4841 1606 4893 damnato
1628 4844 1686 4894 et
1739 4812 1843 4870 ubi
1879 4831 1941 4870 se
1987 4812 2089 4869 dat
2133 4811 2415 4870 0⁰03850·‘
2444 4811 2625 4911 „Ejus
2654 4809 3013 4910 ‚hssswria‘d‘’

400 4915 484 4968 30.
513 4911 646 4981 Maj.
672 4912 806 4980 igne
834 4914 1144 4966 combusto.
1743 4900 1973 4959 Alberto
2004 4901 2240 4958 demum
2289 4899 2512 4974 produt
2556 4902 2735 4956 tacito
2776 4914 3012 4953 nomine
