3475 5364
305 384 377 437 21
1113 369 1165 424 S.
1192 368 1502 439 Scriptura.
1530 372 1835 425 Anselmus
1862 370 2125 424 Laudun.
2854 390 2936 444 22

300 554 543 630 scripsit
584 555 972 615 hav-monium
1016 556 1140 615 sive
1170 560 1248 615 tr.
1298 557 1370 615 de
1403 556 1594 617 libero
1653 559 1833 615 tene
1885 560 1946 615 et
1979 557 2223 616 Durand
2257 558 2318 615 in
2351 558 2576 617 collect.
2627 559 2802 635 ampl.
2835 559 2935 630 IX,

300 643 556 701 arbitrio
571 648 635 703 et
649 646 864 721 gratia,
892 663 1069 719 quem
1089 645 1594 705 edideruntMar-
1663 657 1847 715 1073,
1882 650 1945 704 et
1971 646 2109 705 inde
2141 646 2371 723 Migne
2404 658 2540 718 166,
2571 657 2937 711 1321—36.

1656 787 1806 796 m—

302 796 732 867 &oldest-Apol.
750 815 855 867 pro
874 796 1117 851 Henrico
1135 796 1211 851 IV
1234 839 1247 860 ‚
1264 799 1596 852 Hanoverae

300 871 442 923 1611
486 885 542 937 p.
571 872 877 925 204—226.
931 868 1013 922 Cf.
1042 868 1185 927 Hist.
1212 868 1298 923 lit.
1324 868 1390 934 X,
1419 872 1594 925 258-
1654 869 1976 933 Ribemont‚
2017 870 2314 940 scriptoris
2349 869 2612 938 alioquin
2649 870 2819 940 plane
2853 871 2871 923 i
2917 901 2936 912 ·

301 943 441 999 26·2;
470 938 739 993 Potthast
765 957 819 1009 p.
846 944 970 996 607.
1011 973 1079 982 —
1118 938 1199 993 De
1238 940 1464 994 animae
1492 940 1596 995 ori-
1653 941 1794 1005 noti,
1823 958 1996 1008 quam
2021 940 2196 995 habes
2221 941 2282 995 in
2301 940 2555 996 Martene
2578 942 2717 997 thes.
2739 958 2876 996 ance
2921 984 2935 998 .

301 1010 438 1080 gine
470 1012 618 1064 bona
658 1015 846 1064 exstat
883 1015 1105 1080 epistola
1145 1013 1193 1065 H
1212 1011 1486 1083 ugonis
1525 1012 1595 1066 de
1653 1014 1693 1076 Ι,
1720 1016 1843 1072 368.
1873 1012 1955 1068 Cf.
1983 1012 2129 1067 Hist.
2155 1012 2241 1068 lit.
2269 1013 2363 1077 XI,
2391 1018 2691 1070 113—115.

1213 1299 1313 1397 11.
1381 1298 1462 1398 S.
1529 1298 2033 1421 Scriptura.
2137 1373 2142 1377 .

401 1548 500 1598 10.
534 1534 629 1592 Ne
660 1539 964 1610 exspectes
996 1548 1187 1611 opera,
1222 1554 1374 1611 quae
1406 1535 1477 1592 ad
1499 1535 1590 1592 di·
1647 1535 1847 1605 rediit,
1882 1535 2248 1611 functusque
2268 1540 2357 1596 est
2376 1556 2624 1597 munere
2645 1537 2935 1597 archidia-

302 1625 594 1700 sciplinas
640 1624 972 1700 isagogicas
1019 1625 1084 1684 in
1130 1643 1177 1687 s,
1223 1624 1592 1700 Scripturam
1648 1625 2940 1689 conischolastici.Scholamibidemreddidit

303 1716 599 1789 spectent.
663 1712 975 1787 Ejusmodi
1006 1715 1358 1790 argumenta
1387 1713 1590 1772 minus
1649 1714 1938 1773 celebrem
1971 1717 2151 1790 atque
2185 1716 2342 1774 inter
2388 1716 2707 1790 discipulos
2741 1716 2931 1775 Abae-

303 1808 600 1861 curarunt
643 1802 911 1877 theologi
955 1802 1340 1878 antiquiores,
1392 1803 1498 1878 qui
1529 1803 1593 1861 in
1649 1803 1903 1873 lardum,
1938 1804 2042 1878 qui
2089 1810 2289 1862 tamen
2321 1804 2395 1863 de
2426 1824 2493 1864 eo
2545 1805 2933 1880 contemptim

304 1894 431 1950 arte
463 1891 677 1949 critica
721 1909 843 1950 non
886 1891 1031 1951 adeo
1076 1891 1297 1951 versati
1327 1890 1513 1949 libros
1547 1909 1593 1954 s.
1649 1892 1937 1967 loquitur,
1972 1894 2326 1953 numeravit.
2360 1894 2548 1952 Tanto
2579 1897 2777 1952 autem
2810 1894 2938 1952 zelo

304 1980 657 2055 Scripturas
702 1980 956 2038 fidenter
1000 1999 1031 2038 e
1073 1981 1349 2040 manibus
1394 1980 1594 2039 Eccle-
1651 1981 1996 2058 magisterio
2029 1982 2322 2052 incubuit,
2355 1987 2427 2040 ut
2458 1982 2821 2059 episcopales
2841 2002 2933 2041 re-

304 2069 427 2127 siae
458 2072 855 2144 acceptarunt
886 2070 1059 2129 unice
1081 2069 1341 2139 solliciti,
1376 2072 1445 2127 ut
1464 2071 1595 2144 ejus
1652 2071 1949 2129 cusaverit
1999 2070 2221 2129 infulas
2272 2065 2335 2153 (†
2394 2082 2487 2135 15.
2537 2070 2662 2135 Jul.
2724 2066 2936 2153 1117).

303 2176 550 2216 sensum
578 2161 1045 2237 assequerentur
1072 2158 1403 2233 uberesque
1436 2158 1594 2216 fruc·
1653 2159 1778 2218 Hoc
1809 2160 1864 2217 ei
1895 2160 2164 2235 positum
2198 2160 2318 2219 fuit
2348 2160 2752 2236 epitaphium:

303 2250 403 2305 tus
437 2266 513 2306 ex
545 2245 851 2305 ditissimo
897 2248 1007 2307 hoc
1049 2250 1212 2307 fonte
1253 2247 1591 2307 haurirent:

303 2354 499 2411 eoque
531 2335 736 2394 minus
784 2337 1234 2412 quaestionibus
1272 2335 1592 2413 isagogicis
1652 2337 1888 2396 Dormit
1916 2337 1981 2395 in
2012 2337 2120 2396 hoc
2138 2337 2370 2396 tumulo
2387 2337 2808 2396 celeberrimus
2830 2337 2936 2396 ille

304 2428 477 2483 erant
509 2425 750 2493 intenti,
799 2425 960 2501 quod
1004 2426 1104 2485 vix
1151 2429 1311 2484 esset
1354 2426 1458 2500 qui
1502 2443 1594 2484 sa·
1741 2426 2044 2503 magister,

230 2543 236 2548 ·
305 2532 546 2580 crorum
578 2513 873 2573 librorum
890 2515 1342 2592 genuinitatem,
1376 2515 1595 2573 veraci·
1655 2515 1992 2585 Anselmus‚
2012 2514 2109 2574 cui
2126 2534 2231 2590 per
2246 2514 2448 2573 diffusi
2475 2515 2934 2574 climatamundi

304 2606 496 2661 tatem
528 2606 638 2662 etc.
684 2603 751 2660 in
797 2604 1046 2663 dubium
1092 2608 1341 2666 vocaret.
1407 2602 1597 2672 Quare
1654 2604 1927 2680 Undique
1977 2604 2252 2662 notitiam
2302 2604 2615 2675 contraxit,
2667 2605 2933 2681 undique

306 2711 488 2768 opera
520 2693 641 2751 fere
674 2692 875 2752 omnia
905 2695 1061 2753 sicut
1092 2695 1393 2763 hactenus,
1429 2693 1517 2752 ita
1534 2700 1596 2752 et
1741 2694 1996 2764 laudem,

308 2782 590 2857 sequenti
639 2784 909 2857 tempore
961 2787 1103 2841 sunt
1145 2783 1460 2860 exegetica.
1505 2816 1591 2826 -
1651 2783 1805 2842 Sana
1820 2782 1984 2852 fides,
2001 2782 2576 2857 doctrinafrequens,
2606 2783 2940 2842 reverentia

309 2871 547 2929 Primus
593 2870 1134 2957 nominandus-est
1178 2872 1592 2931 Anselmus
1737 2890 1992 2948 morum,

306 2960 708 3018 laudunensis
768 2962 1046 3020 ecclesiae
1093 2961 1480 3020 scholasticus
1532 2963 1595 3018 et
1651 2977 1976 3054 Splendida
1995 2977 2142 3049 vita,
2164 2996 2377 3038 manus
2402 2978 2756 3051 diffundens,
2777 2979 2936 3038 3050

309 3049 652 3118 canonicus,
702 3050 838 3117 ,vir
882 3051 1069 3110 totius
1118 3050 1411 3121 franciae,
1474 3050 1593 3109 imo
1740 3071 1931 3139 egum,

309 3139 498 3197 totius
532 3137 711 3196 latini
742 3140 902 3198 orbis
931 3141 1133 3198 lumen
1161 3139 1221 3198 in
1245 3139 1593 3199 liberalibus

309 3226 649 3302 disciplinis
700 3230 762 3284 et
809 3228 1154 3304 tranquillis
1202 3229 1507 3287 moribus‘
1529 3230 1593 3303 1).

311 3315 590 3375 Lauduni
605 3319 785 3374 natus
801 3335 848 3375 e.
864 3319 1143 3376 Anselmo
1160 3318 1223 3376 in
1233 3318 1592 3378 monasterio

310 3404 588 3463 beccensi
621 3423 685 3463 se
714 3405 1156 3466 instituendum
1186 3407 1450 3480 tradidit,
1481 3408 1590 3466 Pa-

310 3494 471 3553 risiis
506 3493 648 3552 dein
672 3495 1082 3571 magisterium
1098 3514 1232 3555 cum
1247 3497 1593 3573 Manegoldo

313 3580 405 3663 (cf.
422 3584 473 3653 I,
507 3592 672 3646 1045
699 3579 777 3666 a.)
809 3585 1071 3643 exercuit
1100 3589 1271 3644 tanto
1304 3587 1505 3646 fructu
1535 3590 1596 3645 et
1620 3593 1625 3632 Ι
1652 3565 1766 3625 Sfld
1817 3585 1968 3642 quas
2017 3567 2197 3643 101¹&ss
2244 3566 2351 3624 Dei
2400 3565 2686 3624 000083851’
2742 3564 2938 3642 gratia

313 3690 614 3740 successu,
649 3675 720 3729 ut
737 3673 1045 3749 Eugenius
1064 3674 1170 3736 Ill.
1195 3675 1268 3732 de
1288 3693 1354 3735 eo
1375 3674 1595 3734 dixisse
1725 3656 1924 3755 dotes,
2013 3744 2026 3755 .
2072 3744 2082 3755 .
2200 3743 2211 3755 ·
2386 3743 2397 3755 ,
2590 3742 2600 3753 ,

312 3760 558 3830 feratur,
615 3779 763 3835 ,per
811 3782 950 3822 eum
997 3763 1284 3822 revixisse
1346 3764 1594 3824 literalis
1650 3744 1859 3803 Idibus
1905 3746 2120 3804 invisis
2154 3743 2432 3802 dissolvit
2476 3742 2679 3800 Julius
2710 3742 2932 3813 aether,

315 3848 598 3910 scientiae
618 3848 798 3909 decus
817 3855 881 3910 et
910 3852 1374 3929 intelligentiam
1395 3853 1593 3928 Scrip-
1651 3852 1778 3920 Qua
1840 3851 2047 3910 vivens
2114 3850 2328 3928 viguit,
2378 3850 2697 3910 comitetur
2743 3850 2937 3926 gratia

315 3935 727 4019 turamm‘²);
775 3940 1022 4016 ipseque
1071 3942 1142 4000 de
1192 3942 1424 4002 cunctis
1474 3942 1594 4001 fere
1739 3940 2028 3999 functum.

315 4027 640 4102 provinciis
701 4031 972 4088 examina
1042 4030 1471 4107 discipulorum
1530 4031 1594 4089 in

316 4117 477 4176 illam
541 4119 858 4176 attraxerit
916 4119 1123 4177 urbem
1199 4116 1385 4199 (inter
1446 4138 1595 4195 quos
1742 4119 1798 4176 N
1800 4117 2303 4178 ominatissimum
2319 4136 2456 4176 eum
2471 4115 2730 4176 reddidit
2740 4117 2933 4193 ylossa

319 4206 681 4265 Guilelmum
725 4208 800 4265 de
846 4208 1177 4283 CampelliS,
1238 4210 1310 4267 de
1357 4228 1476 4285 quo
1524 4208 1594 4271 cf.
1650 4209 2047 4265 interlinearis
2107 4209 2170 4264 in
2232 4224 2276 4268 s,
2341 4206 2724 4282 Scripturam.
2797 4205 2932 4263 Jam

319 4312 499 4371 supra
527 4315 586 4370 p.
628 4305 683 4358 9.
704 4293 801 4376 a.),
848 4299 1028 4372 atque
1060 4298 1146 4356 ita
1177 4297 1595 4357 celeberrimae
1654 4296 2012 4355 walafridus
2047 4295 2324 4353 Strabo
2359 4292 2420 4376 (†
2456 4299 2607 4369 840)
2640 4294 2934 4368 adjecerat

320 4383 480 4443 illius
542 4384 957 4444 universitatis
1005 4386 1393 4446 fundamenta
1433 4387 1595 4462 jecit.
1654 4404 1699 4443 a.
1735 4386 2073 4461 Scripturas
2120 4385 2393 4460 glossam,
2441 4403 2591 4459 quae
2624 4382 2934 4441 dicebatur

323 4471 527 4532 Seculo
578 4472 652 4530 ad
696 4474 874 4533 finem
921 4471 1204 4552 vergente
1247 4476 1312 4534 in
1345 4476 1595 4551 patriam
1652 4476 1989 4536 ordinaria.
2023 4474 2168 4532 Cum
2200 4492 2338 4532 vero
2371 4493 2439 4531 ea
2470 4491 2589 4531 non
2611 4477 2769 4530 esset-
2789 4472 2932 4530 satis

1656 4564 1919 4632 litoralia,
1953 4563 2134 4621 verba
2164 4563 2287 4624 scil.
2320 4563 2661 4620 obscuriora
2691 4580 2811 4618 non
2841 4560 2933 4618 in·

432 4651 466 4710 ¹)
493 4646 582 4698 1OE
627 4643 1043 4698 Guibertuss
1093 4646 1268 4700 abbaS
1312 4646 1382 4699 de
1427 4645 1598 4700 Novi·
1653 4655 2098 4728 terpret-aretur,
2124 4652 2435 4710 Anselmus
2454 4650 2771 4709 substituit
2798 4668 2930 4707 ver·

326 4716 554 4842 gengohli
583 4721 617 4772 3
643 4716 712 4770 de
734 4715 860 4797 -Vita
887 4732 1005 4769 ⁸¹²²·
1291 4788 1302 4798 .
1624 4717 1628 4766 Ξ
1652 4741 1746 4799 bis
1777 4742 2220 4800 obscurioribus
2253 4740 2497 4799 clariora
2529 4738 2932 4797 brevissimas-

428 4815 443 4825 ·
557 4788 705 4842 arlot
728 4804 791 4840 ιιι
808 4787 1047 4856 Meti-op,
1063 4803 1305 4841 remensi
1323 4789 1388 4854 11,
1407 4791 1511 4845 285
1528 4806 1597 4842 ss.
1624 4773 1628 4856 l

328 4855 402 4913 Cf,
446 4863 505 4912 et,
546 4858 633 4912 Ru
679 4862 837 4912 enus
864 4856 1016 4912 Tuit.
1061 4858 1122 4912 in
1161 4875 1278 4930 reg.
1320 4878 1360 4913 8·
1388 4859 1597 4914 Bened·
1654 4849 1770 4905 que
1803 4831 2222 4905 explicationes
2266 4850 2335 4888 ex
2368 4828 2640 4905 patribus
2673 4828 2931 4896 haustas,

330 4927 364 4980 l.
389 4935 412 4985 1
442 4947 575 5000 opp.
603 4931 623 4982 l
684 4972 697 4994 ‚
724 4935 847 4987 294.
1624 4859 1628 5000 A
1654 4923 1715 4978 et
1745 4921 1829 4978 ita
1864 4920 2097 4988 ,multa
2127 4919 2390 4978 breviter
2439 4922 2498 4977 et
2546 4917 2717 4992 quasi
2748 4932 2933 4990 punc·

1652 3175 1855 3234 Sermo
1907 3175 2166 3250 placenS,
2217 3192 2466 3233 censura
2525 3174 2753 3251 vigenS‚
2807 3191 2933 3232 cor-

1739 3264 1922 3322 rectio
1955 3264 2164 3332 dulcis,
2689 3283 2692 3286 *

1651 3370 1982 3429 Consilium
2028 3371 2283 3447 sapiens,
2330 3389 2496 3429 mens
2543 3369 2804 3445 provida,
2839 3388 2933 3428 so-

1740 3460 1889 3531 bria,
1923 3459 2201 3523 clemens,
