3475 5364
545 358 699 411 1051
837 345 1208 397 1476—1500.
1235 339 1486 393 Historia
1512 340 2003 397 monasteriorum.
2030 340 2156 396 Nic.
2184 341 2252 394 de
2278 342 2494 411 Siegen,
2522 340 2721 396 Oheim
2749 345 2853 397 etc.
2987 360 3147 414 1052

534 529 775 586 anrzales
808 534 857 585 et
889 534 1019 585 acta
1052 527 1301 585 fratrum
1352 527 1507 584 vitae
1552 543 1815 584 commu·
1871 526 2051 585 datur
2081 527 2190 586 hoc
2221 528 2541 587 chronicon
2572 547 2606 585 a
2627 529 2986 598 sinceritate,
3011 546 3147 588 can-

535 617 631 675 nis
679 617 888 677 domus
937 616 1312 674 Lfichtenhof
1354 614 1813 673 hildesheimen-
1870 614 2027 685 dore,
2046 615 2178 683 fide,
2200 635 2320 691 qua
2335 620 2504 694 gesta
2518 618 2703 675 refert
2716 622 2928 692 estque
2948 618 3147 695 magni

537 706 638 776 sis,
686 707 857 781 cujus
904 708 1030 764 erat
1073 709 1265 763 rector
1298 700 1812 786 (1‘476—1494),
1871 705 2152 763 momenti
2182 706 2508 782 generatim
2554 725 2663 781 pro
2697 706 2940 765 historia
2971 708 3146 765 etiam

535 813 685 869 quae
733 815 944 872 magna
992 794 1361 853 accuratione
1411 796 1472 851 et
1502 793 1814 870 diligentia
1869 794 2114 869 profana
2160 791 2601 876 Thuringia01).
2662 794 2861 872 Ipsius
2908 814 3147 871 qnoque

535 884 886 959 prodierunt
917 903 1050 942 cum
1101 884 1226 941 suis
1265 882 1814 941 continuationibus
1868 882 2105 941 videtur
2135 901 2261 942 esse
2281 884 2661 943 Continuat-io
2692 903 2795 943 seu
2828 886 3149 944 additiones

532 968 1044 1054 (1440—1568),
1106 972 1423 1032 Hannover
1470 974 1531 1029 et
1578 972 1815 1047 Leipzig
1868 974 1947 1029 ad
1964 973 2266 1031 chronicon
2290 974 3148 1052 Lambertischofnaburqcnsis

542 1073 727 1131 1903,
763 1081 911 1137 opus
943 1062 1142 1138 magni
1193 1061 1369 1136 pretii
1418 1061 1703 1129 historici,
1739 1061 1813 1118 ab
1875 1071 2329 1132 1077-1472,
2403 1082 2552 1137 quae
2627 1063 2928 1139 reperitur
2987 1063 3145 1139 apud

530 1152 792 1210 auctoris
823 1150 954 1222 fide,
989 1151 1324 1219 veracitate,
1364 1170 1559 1209 rerum
1608 1150 1813 1226 cogni·
1867 1150 2192 1209 Pistorium
2239 1151 2355 1209 Scr.
2403 1171 2514 1213 rer.
2560 1152 2819 1228 germ,1,
2857 1161 2982 1214 253
3036 1148 3143 1233 (1²,

529 1242 693 1299 tione
726 1241 885 1299 omni
919 1240 1423 1299 commendatione
1455 1240 1718 1315 dignum.
1869 1248 2126 1301 425—3
2139 1236 2220 1319 9).
2254 1275 2341 1283 —-
2373 1241 2578 1301 Galli
2610 1241 2873 1300 Oheim
2910 1229 3140 1322 (Chem,

1867 1317 2076 1407 Oham)
2110 1330 2443 1406 presbyteri
2476 1335 2536 1387 et
2567 1329 2849 1389 sacellani
2883 1326 3027 1412 (non
3051 1349 3143 1389 so·

1865 1415 2041 1497 dalis)
2075 1416 2277 1476 divitis
2300 1419 2524 1495 Augiae
2555 1415 2940 1501 (Reichenau)
2963 1419 3143 1494 hujus

624 1517 767 1571 503.
818 1507 859 1566 J
875 1525 1159 1565 oannes
1222 1507 1358 1564 Par
1372 1506 1541 1565 sues
1605 1524 1808 1564 mona·
1864 1509 2189 1565 conventus
2252 1507 2561 1566 historiam
2624 1508 2770 1567 satis
2821 1508 3144 1585 diligenter

530 1598 675 1656 chus
725 1596 1144 1655 ensdorfiensis
1178 1594 1335 1658 OSB.
1367 1595 1612 1671 reliquit
1641 1595 1806 1653 chro-
1862 1592 2203 1675 describit2)
2268 1597 2329 1653 in
2377 1597 2629 1656 Chronik
2687 1599 2786 1655 des
2832 1596 3143 1656 Gotzhuses

531 1687 696 1744 nicon
744 1686 1126 1759 ensdorffense
1159 1679 1652 1764 (1121—1480)
1689 1684 1803 1741 lin·
1863 1685 2221 1760 Hya-hemme,
2272 1705 2448 1761 quam
2482 1686 2796 1746 ediderunt
2825 1688 2893 1744 K.
2928 1689 2996 1748 A.
3027 1687 3139 1745 Ba·

528 1795 647 1852 gua
677 1776 867 1850 patria
911 1775 1329 1849 conscriptum,
1376 1773 1535 1848 quod
1566 1773 1803 1831 demum
1861 1774 1999 1831 rack
2064 1775 2124 1831 in
2174 1774 2516 1833 Bibliothek
2577 1776 2678 1833 des
2728 1776 3141 1835 literarischen

527 1864 799 1941 vulgavit
845 1865 1041 1924 Oefele
1086 1864 1243 1921 inter
1285 1882 1394 1921 rer.
1448 1863 1591 1920 boic.
1626 1862 1721 1920 SS.
1756 1862 1802 1931 1,
1865 1862 2104 1921 Vereins
2152 1863 2213 1920 in
2246 1863 2549 1940 Stuttgart
2593 1867 2634 1921 t.
2673 1874 2772 1934 84,
2825 1864 3139 1940 Tiibingen

529 1962 849 2017 581—88.
914 1987 996 1998 --
1062 1952 1497 2010 Guilelmus
1576 1950 1805 2008 Hofer
1867 1961 2029 2015 1866
2064 1953 2125 2010 in
2162 1960 2229 2021 83
2279 1956 2340 2011 et
2371 1953 2495 2015 Car.
2528 1954 2751 2012 Brandi
2781 1953 3141 2031 Heidelberg

525 2042 987 2101 Landshutanus
1008 2042 1071 2099 Ο.
1094 2041 1286 2099 Carth.
1308 2042 1370 2099 in
1391 2041 1562 2099 domo
1583 2040 1802 2098 Throni
1867 2050 2031 2104 1893
2070 2041 2132 2098 in
2166 2050 2222 2103 4.
2262 2076 2336 2084 —
2372 2042 2412 2100 J
2428 2061 2461 2100 o
2479 2062 2511 2100 a
2527 2061 2567 2099 n
2583 2061 2622 2100 n
2640 2062 2670 2100 e
2688 2061 2713 2100 s
2760 2044 2806 2100 L
2823 2062 2853 2100 e
2869 2044 3092 2119 gatiu
3108 2061 3136 2101 s

525 2132 580 2189 b.
615 2132 829 2190 Mariae
862 2132 924 2189 in
956 2130 1234 2189 Gemnico
1258 2126 1585 2210 (Gaming†
1612 2124 1799 2208 1483)
1859 2131 2179 2188 monachus
2197 2131 2705 2190 hildesheimensis
2723 2132 2880 2193 OSB.
2897 2131 3139 2208 scripsit

525 2224 793 2280 recenset
841 2221 1022 2296 hujus
1073 2219 1402 2278 carthusiae
1451 2219 1676 2294 priores
1727 2219 1803 2276 ab
1858 2218 2009 2277 circa
2052 2239 2100 2277 a.
2143 2229 2304 2282 1500
2354 2221 2411 2282 ll.
2462 2230 2493 2281 2
2544 2221 2848 2279 chronicon
2890 2220 3140 2280 coenobii

527 2330 576 2368 a.
617 2318 780 2372 1340
816 2328 947 2368 cum
982 2307 1423 2368 continuatione
1443 2308 1517 2365 ud
1538 2327 1585 2365 a.
1613 2315 1800 2377 15233
1856 2325 1903 2365 3.
1942 2308 2274 2366 Godehardi
2302 2310 2367 2367 in
2400 2309 2760 2367 Hildesheim
2793 2310 2865 2367 ab
2886 2329 2934 2371 a.
2966 2317 3129 2374 1132

525 2399 784 2457 ordinem
799 2397 1122 2476 fratrum(1
1141 2406 1353 2459 332-
1372 2409 1388 2458 1
1409 2399 1560 2475 479)
1583 2400 1645 2454 et
1663 2415 1801 2454 eon·
1860 2415 2049 2470 usque
2082 2397 2155 2455 ad
2188 2417 2295 2456 sua
2324 2403 2590 2473 tempora
2608 2398 2836 2457 editum
2871 2399 2936 2457 in
2966 2399 3134 2458 Leib-

522 2507 721 2547 versos
753 2481 1177 2568 (lime-80),
1212 2487 1301 2544 ed.
1336 2485 1410 2545 ab
1428 2486 1497 2546 H.
1519 2487 1590 2543 de
1612 2485 1800 2543 Zeiss-
1857 2486 1994 2543 nitii
2028 2486 2125 2544 SS.
2156 2506 2269 2549 rer.
2301 2487 2542 2546 brunsv.
2576 2487 2651 2557 11,
2688 2496 3012 2550 404--26.
3044 2521 3132 2532 —

522 2578 670 2651 berg
702 2578 762 2634 in
797 2576 1013 2634 Archiv
1046 2575 1142 2632 fiir
1173 2574 1655 2633 osterreiehische
1690 2575 1798 2632 Ge·
1860 2575 2185 2633 Michael
2217 2577 2288 2634 de
2320 2576 2547 2635 Nissa
2581 2572 2840 2659 (Neisse)
2863 2577 2996 2636 Can.
3012 2597 3058 2641 r.
3075 2576 3130 2635 S.

522 2667 786 2725 schichte
812 2673 996 2728 1880.
1017 2664 1132 2734 LX,
1154 2672 1474 2727 579-92.
1508 2698 1597 2709 -
1630 2664 1729 2722 Gu
1750 2664 1798 2721 i·
1855 2665 2007 2741 Aug.
2068 2665 2444 2740 praepositus
2506 2661 2566 2744 (†
2641 2661 2832 2750 1489)
2894 2666 3136 2744 scripsit

522 2757 803 2814 lelmus
851 2756 922 2812 de
965 2755 1160 2812 Reno
1213 2754 1277 2814 Ο.
1310 2754 1452 2817 Cist,
1503 2750 1564 2833 (†
1606 2749 1797 2832 1487)
1854 2754 2158 2812 chronicon
2182 2756 2438 2831 ylacense
2456 2755 2872 2814 canonicorum
2890 2774 2935 2815 s.
2956 2759 3129 2833 Aug„

518 2845 741 2903 dicitur
789 2843 1185 2918 composuisse
1220 2843 1539 2901 Chronicon
1569 2860 1798 2900 monae·
1855 2844 2027 2918 cnjus
2060 2843 2391 2919 fragmenta
2422 2843 2612 2902 edidit
2644 2845 3035 2904 wattenbach
3065 2847 3132 2905 in

518 2936 652 2991 terii
699 2935 1021 3006 campensis
1076 2931 1138 2989 O.
1192 2929 1327 2990 Gise.
1379 2930 1451 2989 ad
1501 2951 1549 2989 a.
1609 2940 1796 3001 1487,
1855 2932 2416 2991 Oesterreichisches
2464 2952 2570 2992 aus
2600 2935 2704 2992 der
2735 2934 2998 2993 Chronik
3026 2935 3134 2997 der

521 3023 679 3098 quod
724 3021 1114 3098 probabiliter
1158 3020 1446 3079 Henricus
1492 3020 1564 3078 de
1595 3020 1800 3079 Calcar
1853 3021 2228 3096 Augustiner
2270 3042 2343 3080 zu
2389 3022 2558 3080 Glatz
2602 3022 2668 3081 in
2698 3023 3005 3082 Jahrbuch
3034 3024 3133 3083 fiir

523 3110 664 3190 (von
679 3112 782 3170 der
797 3110 1050 3188 Heiden)
1068 3109 1443 3171 continuavit
1460 3111 1532 3168 ad
1545 3129 1592 3167 a.
1614 3122 1639 3172 1
1656 3121 1685 3170 5
1700 3120 1797 3173 04.
1855 3111 2178 3172 vaterland.
2199 3111 2400 3169 Gesch.
2417 3111 2590 3169 Wien
2615 3113 3131 3176 1861.I.215-42.

519 3200 724 3258 Edidit
755 3199 905 3257 illud
948 3199 1250 3257 Hermann
1279 3199 1550 3257 Keussen
1579 3199 1642 3256 in
1673 3201 1796 3258 An·
1854 3233 1939 3243 —-
1974 3200 2319 3258 Clemens
2355 3200 2690 3275 Specker
2722 3201 2787 3262 Ο.
2820 3201 2958 3259 Min.
2991 3220 3126 3277 pro-

521 3290 698 3348 nalen
749 3289 852 3346 des
902 3288 1040 3347 hist.
1075 3287 1321 3347 Vereins
1374 3288 1472 3346 fiir
1503 3288 1557 3346 d.
1593 3288 1795 3346 Gesch.
1854 3292 2096 3347 secutus
2129 3293 2221 3347 est
2240 3289 2549 3348 chronicon
2563 3290 3037 3367 koeniysfeldensc
3055 3291 3130 3350 ad

519 3378 620 3438 des
651 3377 1069 3437 Niederrheins
1129 3385 1315 3439 1869.
1348 3377 1466 3446 XX,
1505 3386 1794 3440 261·360
1854 3398 1900 3434 a.
1961 3385 2146 3445 1482,
2198 3378 2358 3453 quod
2407 3380 2704 3455 reperitur
2750 3379 2813 3437 in
2861 3379 3132 3439 Gerberti

515 3472 582 3527 et
614 3468 676 3526 in
711 3467 956 3526 Eckertz
977 3466 1532 3526 Niederrheinische
1555 3466 1796 3525 Chroni-
1852 3467 2069 3542 Crypta
2099 3485 2255 3526 nova
2286 3467 2551 3526 Sanblas.
2598 3473 2660 3526 et
2703 3469 2957 3546 Hergott
3006 3470 3128 3529 Mo-

517 3557 631 3616 ken
689 3566 873 3624 1870,
923 3557 997 3625 ΙΙ,
1053 3565 1418 3619 329—450.
1460 3589 1545 3599 —-
1578 3556 1796 3614 Nico·
1851 3575 2015 3614 num.
2076 3554 2460 3636 habsburgfl).
2506 3588 2589 3600 --
2649 3557 3127 3617 Laurentius

518 3648 689 3705 laus
723 3647 794 3704 de
818 3644 1517 3722 SiegenWestphalus,
1542 3645 1794 3703 Hotten·
1851 3645 2279 3703 Blumenau
2341 3647 2546 3704 doctor
2585 3647 2631 3721 J‘.
2682 3666 2758 3716 u.‚
2810 3647 3127 3706 canonicus

517 3736 667 3795 bach
715 3730 1144 3816 (Hortenbach)
1196 3738 1370 3792 antea
1417 3734 1794 3811 cognomina·
1852 3734 2216 3793 warmiensis
2249 3732 2310 3814 (†
2347 3734 2541 3812 1484)
2585 3740 2791 3794 narrat
2821 3736 3128 3797 historiam

514 3829 638 3896 tus,
675 3825 831 3883 OSB.
865 3826 928 3882 in
962 3824 1317 3882 monasterio
1349 3843 1391 3882 s.
1421 3823 1576 3880 Petri
1609 3823 1794 3881 erfor-
1850 3823 1919 3880 de
1967 3824 2170 3881 ordine
2212 3824 2646 3883 Teutonicorum
2705 3825 3127 3884 cruciferorum

511 3915 708 3974 diensi
740 3913 1146 3972 reformationi
1179 3913 1334 3971 vitae
1367 3913 1681 3987 religiosae
1728 3931 1794 3970 ex
1852 3912 1911 3968 ll.
1950 3921 2004 3981 2,
2057 3913 2145 3974 ed.
2178 3932 2213 3970 a
2243 3914 2391 3974 Max.
2444 3913 2718 3989 Toeppen
2765 3915 2829 3973 in
2877 3915 2969 3974 88.
3016 3933 3126 3974 rer.

516 4004 690 4063 corde
751 4004 989 4061 deditus
1053 3999 1114 4082 (†
1156 3999 1365 4084 1495),
1431 4002 1535 4059 hae
1597 4002 1791 4059 inten-
1848 4019 2039 4076 pruss.
2083 4010 2267 4065 1870.
2300 4001 2399 4070 IV,
2438 4012 2715 4066 44—-66,

509 4094 676 4152 tione
726 4092 1077 4166 conscripsit
1125 4092 1428 4148 chronicon
1459 4092 1792 4148 eeclesiasti—
2558 4095 2563 4098 “

506 4202 642 4240 cum
688 4183 862 4241 etiam
909 4180 1321 4255 thuringicum
1367 4198 1473 4236 seu
1517 4183 1793 4255 petrense

515 4272 738 4329 dictum
772 4271 846 4329 ab
878 4290 924 4328 a.
962 4278 1313 4336 480-1494,
1363 4268 1519 4343 quod
1552 4268 1790 4326 demum
1928 4267 1961 4327 ¹)
1990 4261 2072 4316 Cf·
2101 4260 2336 4331 Wegele
2363 4262 2500 4334 allg·
2528 4263 2582 4317 d·
2609 4263 2799 4335 Biogr·
2825 4269 2910 4328 23,
2941 4270 3043 4322 627
3065 4282 3125 4322 8·:

514 4361 700 4419 edidit
732 4360 965 4435 wegele
996 4359 1180 4417 senae
1211 4367 1371 4420 ¹³5⁵
1395 4358 1458 4414 ³¹¹
1484 4365 1557 4428 ⁸·’
1591 4357 1651 4415 ³¹¹
1672 4376 1791 4433 ‘³¹¹⁰
1848 4329 2623 4473 P⁰2tnffl<¹3aff³ffissffiexnonau
2636 4406 3126 4479 augeeibliogr.

516 4449 824 4507 historiam
878 4448 971 4505 sui
1005 4447 1248 4516 ordinis,
1299 4446 1652 4521 praesertim
1684 4466 1792 4523 per
1845 4480 1930 4538 24⁹
1946 4459 2080 4540 ²179⁹
2107 4478 2419 4531 secundum
2448 4494 2616 4544 quem
2656 4478 2832 4532 vitam
2857 4479 3131 4548 produxit

508 4538 918 4612 Thuringiam,
966 4541 1026 4595 et
1073 4537 1166 4595 sui
1220 4537 1555 4594 monasterii
1589 4555 1789 4612 perse·
1845 4547 2047 4601 saltem
2076 4549 2148 4601 ad
2174 4564 2225 4603 a.
2256 4554 2425 4605 1511:
2481 4548 2852 4603 Breitenbach
2886 4551 2953 4606 N.
2980 4553 3042 4604 A.
3074 4551 3129 4605 11

511 4629 737 4703 quitur.
772 4625 1028 4685 Candide
1044 4626 1302 4684 dolorem
1321 4644 1495 4684 suum
1510 4626 1791 4702 exprimit
1845 4622 2043 4689 (1877),
2074 4623 2356 4677 159-203
2378 4619 2468 4673 die
2487 4620 2725 4684 Quellen
2742 4620 2841 4675 der
2858 4622 3128 4676 Reichen-

507 4716 585 4776 de
615 4717 970 4776 relaxatione
1004 4715 1365 4790 disciplinae,
1400 4714 1684 4793 gaudium
1717 4714 1789 4773 de
1844 4706 2007 4815 &gift
2030 4690 2433 4816 gggzssffikgff
2452 4691 2661 4817 Βξίᾯὲἑ
2692 4693 2825 4821 suff)
2856 4693 2955 4748 der
2994 4693 3129 4748 hist·

505 4799 779 4883 erSdem
829 4806 1271 4906 ¹‘0Stssurat{0n0⁹
1291 4894 1302 4904 ⁶
1327 4811 1463 4905 {Ota
1527 4823 1634 4863 ΕΗΒ
1682 4824 1790 4881 Pro
1918 4837 1959 4900 ³)
1988 4833 2069 4887 Cf.
2100 4833 2282 4887 Eubel
2310 4835 2509 4889 Gesch.
2551 4837 2651 4889 der
2677 4836 3127 4890 oberdeutschen

513 4898 668 4956 felici
700 4915 1022 4974 progressu
1055 4913 1145 4953 sui
1180 4895 1417 4952 ordinis.
1482 4895 1788 4953 Commen·
1846 4904 2322 4975 Minoritenprov.
2351 4923 2405 4974 p.
2434 4910 2520 4962 36.
