3475 5364
1452 351 1621 405 Henr.
1649 352 1809 417 Saso,
1835 354 1922 407 J0.
1950 352 2174 407 Tuuler.
2992 372 3116 424 666

491 368 618 420 665

486 542 623 612 tate,
665 536 728 595 in
773 556 890 612 quo
921 537 1048 612 agit
1097 540 1304 597 contra
1335 538 1678 612 Beghardos
1711 545 1773 597 et
1827 539 2048 614 optima
2079 542 2188 608 est,
2212 558 2389 615 quam
2415 539 2713 598 inchoavit
2733 540 3118 599 doctissimus

486 625 707 685 fratres
756 625 1001 701 spiritus
1046 626 1234 696 liberi,
1281 627 1561 687 Eckharti
1609 628 1769 687 locu·
1831 628 2121 687 Henricus
2184 629 2333 686 81180
2414 628 2718 687 Denifle
2783 629 2846 687 Ο.
2912 629 3114 689 Praed.

483 714 681 773 tiones
711 718 774 773 et
816 716 1142 774 sententias
1194 735 1313 776 non
1363 720 1485 776 tam
1532 725 1772 776 excusat
1827 717 2095 776 Monachi
2138 726 2337 787 18803
2382 727 2561 781 1881.
2614 717 2698 776 Eo
2729 720 2773 775 t.
2807 718 3115 778 continen-

487 823 668 879 quam
714 804 913 879 potius
960 805 1218 882 corrigit.
1251 805 1630 883 Horoloqium
1674 826 1769 865 sa·
1826 806 3116 883 turSusonisautobiograpbiazDasBiichlein

477 895 741 971 pientiae
771 893 835 950 in
865 893 1055 952 forma
1094 893 1314 971 dialogi
1348 896 1508 953 inter
1539 895 1769 971 sapien·
1825 894 1930 953 der
1961 895 2190 972 ewigcn
2212 894 2528 963 Weisheit;
2567 897 2679 954 Das
2699 896 2989 955 Biichlein
3010 896 3117 955 der

483 983 633 1041 tiam
666 983 916 1057 ejusque
947 983 1286 1042 ministrum
1318 985 1354 1042 l.
1389 985 1766 1052 bellissimus,
1828 983 2149 1054 Wahrheit‚
2171 983 2276 1042 das
2295 984 2741 1042 Briefbiichlein
2756 985 3110 1061 8811891810-

483 1071 814 1148 germanice
890 1072 1246 1148 compositus
1323 1074 1463 1153 (Der
1539 1074 1769 1150 ewigen
1826 1074 1915 1132 lae
1947 1074 2215 1132 selectae.
2269 1073 2606 1132 Versionem
2639 1073 2914 1150 gallicam
2947 1074 3113 1133 dedit

485 1160 766 1220 Wissheit
841 1161 1251 1231 Betbiichlein,
1339 1163 1513 1222 Basel
1602 1173 1763 1226 1518
1825 1162 2054 1220 Thiriot
2086 1163 2345 1221 Oeuvres
2374 1163 2720 1239 mystiqueS‚
2757 1163 2919 1222 Paris
2946 1174 3112 1228 1899

484 1269 561 1307 m.
604 1245 768 1328 150),
802 1253 864 1308 et
892 1250 966 1308 ab
999 1250 1124 1326 ipso
1173 1251 1352 1309 latine
1404 1270 1628 1321 versus,
1664 1252 1768 1311 sed
1821 1255 1865 1310 t.
1905 1260 1937 1312 2
1974 1252 2038 1309 in
2080 1260 2171 1314 12.

481 1339 547 1396 111
578 1339 860 1397 vertendo
891 1339 1049 1397 haud
1080 1359 1290 1415 parum
1321 1342 1676 1400 immutatus
1707 1346 1768 1399 et

482 1430 712 1498 auctus,
745 1428 852 1487 flos
885 1447 1053 1488 verae
1084 1429 1343 1505 pietatis,
1386 1431 1449 1489 in
1481 1448 1600 1505 quo
1630 1450 1763 1506 pas-
1915 1440 2059 1492 340.
2095 1430 2245 1488 Mira
2308 1430 2619 1489 sanctioris
2682 1430 3110 1506 severiorisque

483 1516 706 1575 sionem
737 1517 954 1576 Christi
987 1517 1268 1577 describit
1288 1519 1595 1595 crucisque
1628 1539 1763 1594 pre·
1819 1518 1977 1577 vitae
1989 1508 2223 1578 ratione
2241 1519 2716 1595 intertheologos
2727 1520 3004 1594 mysticos
3016 1520 3109 1578 in-

480 1606 636 1665 tium
665 1607 953 1665 melliflua
1003 1609 1194 1682 aperit
1237 1608 1593 1684 eloquentia,
1629 1628 1760 1684 pec·
1820 1608 2039 1666 claruit
2056 1608 2094 1666 J
2113 1627 2145 1665 0
2165 1627 2250 1667 811
2266 1627 2307 1666 11
2323 1627 2394 1667 88
2414 1609 2508 1667 Ta
2525 1609 2649 1666 ule
2667 1627 2748 1667 ru
2764 1627 2791 1666 s
2815 1608 2878 1667 Ο.
2901 1609 3107 1668 Praed.

482 1694 598 1753 cati
627 1696 1058 1764 enormitatem,
1083 1697 1442 1772 judiciorum
1467 1699 1573 1757 Dei
1606 1698 1763 1775 rigo·
1821 1697 2052 1756 Nomen
2102 1698 2341 1774 theoloyi
2390 1699 2651 1757 sublimis
2692 1703 2753 1755 et
2791 1699 3108 1757 illuminati

479 1802 623 1855 rem,
655 1786 871 1844 amoris
891 1787 1178 1844 mundani
1201 1786 1540 1858 vanitatem,
1574 1787 1764 1846 divini
1819 1786 1942 1845 suis
1974 1787 2253 1862 operibus
2281 1787 2441 1862 apud
2474 1789 2743 1863 posteros
2774 1789 3103 1863 promeruit

480 1872 854 1932 nobilitatem
887 1873 1184 1945 describit,
1220 1894 1504 1951 spemque
1536 1877 1761 1953 gloriae
1818 1875 2092 1950 vitaeque
2125 1876 2416 1950 spiritalis
2435 1876 2718 1953 magister
2737 1880 2830 1934 est
2851 1876 3105 1935 babitus.

479 1963 751 2022 coelestis
795 1964 1125 2022 succendit:
1195 1964 1331 2024 hinc
1380 1966 1568 2024 medio
1618 1985 1761 2024 aevo
1820 1964 2011 2023 Natus
2042 1969 2136 2024 est
2166 1965 2552 2042 Argentorati
2583 1984 2629 2023 c.
2675 1974 2857 2035 13011,
2902 1967 3103 2025 eodem

476 2052 928 2129 vulgatissimus
961 2058 1091 2112 erat
1110 2053 1560 2129 plurimumque
1592 2055 1760 2113 lecti-

476 2143 642 2200 tatus
673 2146 736 2199 et
764 2141 828 2200 in
874 2142 1064 2200 varias
1108 2143 1227 2201 fuit
1264 2143 1500 2220 linguas
1533 2162 1758 2202 versus.

473 2229 723 2288 Interim
757 2248 891 2289 cum
923 2232 1224 2290 sodalibus
1258 2233 1603 2292 Constantia
1622 2234 1758 2308 pul-

475 2337 579 2377 sus
610 2319 685 2378 ob
716 2318 948 2378 fidelem
970 2321 1269 2379 interdicti
1301 2341 1334 2379 a
1366 2321 1640 2397 pontifice
1656 2322 1758 2379 ad-

475 2426 684 2466 versus
713 2407 1081 2467 Ludovicum
1100 2411 1397 2469 Bavarum
1420 2411 1525 2469 lat-i
1557 2411 1753 2470 obser-

475 2497 738 2556 vantiam
771 2498 1081 2557 calumniis
1105 2498 1368 2576 graviter
1388 2503 1479 2558 est
1495 2504 1755 2558 vexatae.

475 2585 715 2645 Ultimis
748 2587 906 2646 vitae
938 2588 1107 2646 annis
1136 2588 1389 2665 degebat
1409 2589 1629 2659 Ulmae,
1653 2589 1756 2647 ubi

474 2674 726 2736 decessit
777 2686 874 2740 25.
926 2677 1056 2737 Jan.
1117 2687 1301 2747 1365,
1348 2679 1507 2737 inter
1555 2679 1759 2738 beatos

473 2765 700 2825 relatus
717 2766 772 2823 d.
799 2776 892 2829 16.
909 2770 1048 2842 Apr.
1076 2779 1096 2830 l
1115 2778 1233 2831 831
1261 2787 1295 2826 a
1313 2768 1589 2844 Gregorio
1607 2768 1755 2826 XVI.

473 2854 860 2914 concinnavit
934 2856 1472 2933 autobioyraphiam
1533 2859 1752 2933 pretio·

473 2944 762 3002 sissimam
794 2945 1128 3004 utilissimis
1171 2947 1405 3021 plenam
1438 2946 1757 3005 documen-

471 3032 573 3103 tis,
604 3052 813 3092 verum
843 3035 1025 3110 hujus
1056 3035 1289 3111 generis
1320 3036 1566 3094 monile:
1599 3036 1758 3094 inter

471 3121 592 3181 alia
619 3141 756 3181 vero
788 3123 1007 3199 scripta
1037 3124 1300 3182 eminent
1318 3125 1446 3198 ejus
1465 3126 1752 3200 epistolae,

472 3212 818 3287 praesertim
872 3223 967 3282 11,
1017 3231 1165 3287 quas
1199 3213 1349 3273 Suso
1382 3215 1757 3273 concinnavit

471 3318 695 3375 suoque
744 3302 1048 3379 horologio
1097 3302 1366 3377 subjecit,
1418 3303 1629 3379 plenae
1662 3322 1753 3362 sa-

470 3389 775 3465 pientibus
837 3391 1078 3451 monitis
1128 3392 1421 3467 practicis,
1478 3393 1754 3452 nonnulli

469 3497 757 3539 sermones
786 3483 895 3539 etc.
955 3481 1101 3555 Ejus
1134 3499 1311 3556 opera
1341 3482 1586 3541 collecta
1618 3499 1753 3539 cum

469 3568 599 3644 ejus
628 3569 752 3628 vita
782 3588 954 3645 saepe
986 3570 1340 3646 prodierunt
1380 3575 1451 3629 ut
1480 3570 1753 3629 Coloniae

479 3667 673 3727 15553
715 3668 913 3728 15883
954 3669 1380 3729 1615;1658ς
1415 3660 1753 3736 germanica

468 3746 778 3823 Augustae
817 3757 1015 3817 14823
1058 3757 1256 3817 15123
1299 3750 1399 3806 8811
1432 3748 1751 3808 dolendum

468 3836 757 3910 ejusmodi
788 3836 1077 3895 editiones
1127 3856 1250 3895 non
1299 3856 1426 3896 esse
1458 3838 1642 3897 factas
1676 3837 1752 3897 ad

468 3923 692 3983 codices
723 3925 981 3984 sinceros
1027 3929 1087 3984 et
1132 3926 1401 3986 meliores
1418 3924 1480 4006 ι).
1544 3927 1749 3986 Melior

468 4014 606 4072 est
581 4033 708 4088 Jam
739 4014 939 4085 editio,
987 4035 1165 4089 quam
1212 4016 1440 4074 curavit
1473 4016 1753 4076 Melchior
1803 4006 1876 4112 ῗο

467 4103 554 4161 D
538 4123 558 4161 1
572 4122 604 4161 8
619 4122 658 4178 p
672 4122 705 4161 e
721 4123 763 4161 n
775 4103 814 4161 b
830 4124 858 4161 r
874 4124 907 4163 o
923 4123 954 4163 8
970 4105 1006 4162 k
1049 4104 1371 4163 secundum
1406 4106 1748 4180 antiquissi-

467 4211 567 4251 ma
612 4194 1018 4269 manuscripta
1067 4197 1128 4251 et
1168 4193 1453 4253 editiones
1499 4196 1634 4254 stilo
1684 4197 1746 4254 in

465 4284 849 4341 recentiorem
871 4281 1109 4341 modum
1123 4283 1745 4357 loquendiimmutat0‚

466 4369 818 4431 Batisbonae
863 4381 1022 4435 1829
1043 4394 1056 4442 ;
1101 4381 1260 4435 1837
1286 4393 1299 4441 ;
1349 4373 1450 4431 sed
1483 4374 1744 4432 omnium

547 4562 583 4630 ¹)
636 4559 719 4613 Of.
772 4559 940 4629 plura
993 4559 1061 4612 de
1099 4560 1205 4613 Sus
1183 4576 1242 4613 so
1283 4564 1506 4631 prieter
1545 4560 1749 4614 Baum-

465 4634 811 4755 3³an
736 4647 811 4700 ap
815 4631 893 4685 ud
945 4630 1146 4685 Gbrres
1196 4631 1255 4685 in
1311 4632 1486 4702 praef.
1538 4632 1609 4684 ad
1661 4631 1749 4685 ed.

1817 2054 1943 2112 scil.
1978 2059 2245 2130 tempore
2276 2072 2395 2130 quo
2430 2053 2599 2122 Sueo,
2635 2054 2983 2128 parentibus
3014 2073 3101 2114 sa·

1816 2144 1897 2200 tis
1930 2142 2232 2204 divitibus.
2297 2143 2568 2203 Coloniae
2600 2143 2815 2201 studiis
2862 2162 3101 2219 operam

1816 2231 1981 2290 dedit
2042 2232 2194 2290 circa
2244 2252 2292 2290 a.
2355 2240 2695 2295 1325—29
2761 2232 2937 2290 etiam
2989 2233 3105 2291 sub

1816 2321 2103 2397 magistro
2149 2321 2411 2379 Eckhart
2455 2339 2591 2379 cum
2637 2324 2860 2380 Susone
2905 2325 2969 2380 et
3008 2321 3101 2381 Jo.
3171 2347 3174 2352 ·

1813 2409 2114 2468 TambacO.
2150 2409 2304 2478 Quid
2334 2413 2543 2485 postea
2573 2410 2778 2486 egerit,
2813 2429 2933 2469 non
2959 2411 3103 2469 satis

1815 2503 2183 2574 compertum
2228 2502 2334 2557 est
2396 2500 2569 2557 Anno
2624 2509 2787 2561 1339
2840 2517 2975 2557 811111
3008 2518 3101 2557 re-

1814 2588 2077 2663 perimus
2120 2589 2386 2647 Basileae
2435 2588 2813 2647 concionibus
2859 2596 2919 2646 et
2950 2588 3099 2647 forte

1813 2677 1989 2736 etiam
2025 2677 2379 2737 lectionibus
2430 2680 2753 2747 vacantem,
2805 2677 2911 2737 ubi
2956 2678 3098 2737 inti·

1813 2785 1968 2824 mam
2001 2767 2143 2825 iniit
2161 2767 2623 2826 familiaritatem
2648 2786 2779 2826 cum
2802 2766 2929 2825 aliis
2951 2768 3098 2826 viris

1814 2856 2100 2931 mysticis,
2134 2857 2237 2931 qui
2269 2856 2384 2914 dici
2430 2857 2698 2915 solebant
2744 2856 2961 2925 ,amici
2994 2858 3099 2915 Dei

1814 2942 2384 3025 (Gottesl'reunde)‚‘
2417 2945 2577 3004 inter
2607 2963 2757 3020 quos
2777 2949 2946 3004 erant
2959 2945 3095 3003 bea·

1810 3037 1913 3091 tus
1945 3035 2019 3092 M.
2053 3034 2114 3091 F.
2148 3034 2565 3093 Venturini
2609 3035 2680 3092 de
2725 3035 3097 3111 Bergomo

1813 3123 2182 3197 praedicator
2212 3123 2469 3200 insignis
2501 3124 2764 3199 ejusdem
2788 3123 3013 3183 ordinis
3028 3121 3091 3200 ¹).

1814 3213 2185 3282 Merswin,
2251 3213 2311 3270 F.
2373 3212 2778 3288 Egnolfus‚
2829 3213 3095 3271 Henri-

1811 3319 1941 3360 cus
1998 3301 2070 3359 de
2135 3301 2523 3376 Nordlingen,
2592 3305 2703 3359 etc.
2782 3305 2843 3360 et
2917 3302 3092 3361 devo·

1809 3395 1905 3448 tae
1966 3390 2215 3449 feminae
2266 3390 2638 3467 Margaretha
2688 3394 2749 3448 et
2799 3391 3094 3450 christina

1888 3564 1980 3642 ¹)„
1986 3562 2089 3614 Vir
2127 3560 2243 3614 fuit
2279 3560 2579 3630 apostolici
2618 3558 2787 3629 plane
2829 3561 3090 3628 pectoris

1808 3632 1909 3701 qui
1953 3634 2074 3687 zelo
2117 3631 2441 3685 animarum
2482 3631 2705 3686 fervens
2756 3630 3094 3700 praecipuas

1806 3703 2007 3757 ltaliae
2049 3703 2310 3757 civitates
2350 3720 2415 3756 ve
2421 3703 2587 3756 rbum
2628 3700 2732 3756 Dei
2759 3703 3090 3758 seminando

1849 3774 2087 3829 ercurrit
2147 3790 2213 3827 ac
2273 3774 2604 3828 innumeros
2665 3773 2737 3826 ad
2802 3773 3090 3828 meliorem

1832 3863 2031 3915 rugam
2059 3845 2559 3900 convertit.le
2578 3844 2878 3900 hominum
2905 3845 3091 3900 millia

1806 3934 1993 3971 secum
2021 3917 2337 3999 aliquando
2365 3916 2602 3971 Romam
2636 3917 2810 3969 addu:
2832 3916 2884 3969 it
2907 3932 2937 3969 e
2964 3918 3090 3972 Ber·

1882 4006 1971 4044 mo
2000 3987 2388 4071 poenitentiae
2414 4000 2633 4042 causae·
2683 3987 2881 4053 Quetif
2902 3988 2941 4051 1,
2969 3993 3091 4046 621.

1835 4059 2281 4130 nsuspicionem
2326 4062 2516 4114 tamen
2562 4063 2797 4113 vocatus
2840 4076 2873 4113 a
2918 4028 3091 4114 138118-

1805 4131 1958 4186 dicto
1986 4133 2107 4187 Xll.
2151 4131 2596 4213 praedicationis
2642 4147 2875 4185 munere
2920 4131 3091 4186 inter-

1804 4204 1992 4258 dictus
2013 4206 2100 4259 est
2124 4204 2270 4258 etin
2295 4203 2560 4257 exsilium
2604 4205 2796 4256 actus:
2841 4219 2955 4270 quo
2997 4220 3091 4272 pa·

1805 4275 2143 4329 tientissime
2195 4292 2295 4344 per
2347 4274 2673 4329 octennium
2736 4275 2996 4337 tolerat0‚
3057 4291 3091 4328 a

1805 4347 2097 4401 Benedicti
2143 4362 2458 4401 successore
2504 4346 2791 4401 Clemente
2834 4345 2927 4400 Vl.
2973 4345 3091 4399 suis

1805 4435 2024 4472 muneri
2036 4419 2137 4471 bus
2164 4421 2250 4471 est
2274 4417 2578 4472 restitutus
2594 4419 2653 4471 et
2668 4416 2742 4469 ad
2763 4415 3090 4487 praedican-

1805 4488 1937 4542 dam
1984 4506 2205 4544 crucem
2247 4488 2561 4558 delegatus,
2615 4488 2797 4542 Multa
2838 4487 3091 4544 militum

1805 4560 1984 4614 millia
2012 4560 2085 4613 ad
2113 4577 2328 4614 sacram
2357 4559 2775 4630 expeditionem
2803 4560 3089 4625 excitavit,

1805 4632 1947 4685 etin
1975 4630 2263 4686 Orientem
2306 4631 2427 4712 ipse
2466 4633 2777 4701 profectus,
2802 4631 3097 4686 continuis

521 4700 888 4771 mepenbrock
917 4702 1117 4757 Greith
1135 4702 1224 4755 die
1250 4702 1518 4757 deutsche
1536 4702 1749 4770 Mystik
1804 4702 2096 4757 laboribus
2157 4702 2438 4757 contritus
2500 4703 2774 4769 Smyrnae
2850 4702 3091 4756 decessit

465 4773 1748 4855 1111Ρ181118810111811,1118813118618111111811
1804 4778 1891 4831 28.
1944 4774 2136 4828 Martii
2188 4778 2344 4830 1346.
2396 4773 2651 4839 Reliquit
2701 4788 2984 4826 sermones
3034 4777 3094 4827 et

464 4843 691 4926 allgem.
718 4845 990 4899 deutsche
1013 4814 1622 4914 131031.37,169-179
1646 4844 1750 4913 qui
1805 4846 2072 4915 epistolas
2103 4845 2331 4905 „divino
2358 4844 2564 4914 spiritu
2593 4844 2843 4915 plenas-⁶,
2870 4860 2937 4897 ex
2965 4844 3089 4912 qui·

465 4915 754 4984 copiosam
783 4915 1142 4970 literaturam
1171 4889 1413 4973 exhibet.

1807 4919 1911 4971 bus
1937 4918 2132 4985 aliqua
2158 4916 2333 4969 refert
2358 4915 2557 4979 Quetif
2579 4918 2612 4971 1.
2641 4932 2686 4970 8.
