3475 5364
209 356 327 411 3⁰9

858 323 1174 404 Theologia
1198 332 1553 388 scholastica.
1583 332 1638 386 S.
1666 332 1911 387 Thomas
1938 332 2009 387 de
2036 334 2142 400 Aq.

2681 348 2806 403 310

202 522 593 584 Alexandrum
611 520 708 579 IV.
743 539 803 579 se
836 519 1108 589 contulit,
1139 523 1318 594 atque
1337 537 1472 576 cum
1499 520 1743 579 'habuit
1760 519 2018 578 Parisiis.
2053 519 2142 578 Ad
2175 518 2504 593 capitulum
2538 518 2810 595 generale

197 613 437 672 Alberto
483 615 545 670 et
581 612 1003 670 Bonaventura
1046 627 1288 667 causam
1334 607 1472 666 reli·
1532 609 1891 669 valencenas
1941 611 2188 667 vocatus
2239 626 2375 665 cum
2420 605 2665 666 Alberto
2713 606 2806 676 M„

198 702 497 780 giosorum
557 699 795 776 egregie
857 698 984 776 egit
1043 700 1248 757 contra
1298 695 1469 755 Gui·
1528 699 1704 757 Petro
1737 700 1810 757 ‹le
1842 697 2185 756 Tarantasia
2223 696 2477 771 aliisque
2506 696 2807 772 magistris

196 792 500 850 lelmum
547 789 619 847 de
671 787 887 847 Sancto
936 790 1150 847 Amore
1168 784 1245 866 ¹):
1287 803 1471 861 quare
1526 787 1961 864 parisiensibus
1994 786 2304 862 delegatus
2337 784 2454 843 fuit
2486 784 2559 842 ad
2591 787 2809 843 rectam

199 880 475 938 adversus
505 878 666 937 hunc
696 895 874 937 causa
903 877 1062 949 dicta
1094 878 1203 935 est.
1253 875 1470 950 Apolo-

194 969 356 1046 giam
386 988 545 1027 suam
591 966 942 1042 inscriptam
978 966 1196 1024 Contra
1246 966 1470 1041 impuq-

198 1066 398 1117 nantes
443 1057 548 1115 Dei
595 1057 810 1115 cultum
858 1063 908 1113 ct
951 1056 1281 1133 reliyionem
1330 1059 1473 1111 tunc

197 1147 429 1222 scripsit
455 1150 633 1222 atque
665 1144 893 1221 publici
915 1144 1075 1220 juris
1105 1142 1259 1202 fecit.
1293 1142 1469 1213 Paca-

196 1237 282 1295 tis
315 1236 538 1294 tandem
588 1234 769 1293 rebus
802 1233 1045 1293 Parisiis
1094 1252 1215 1292 una
1262 1250 1394 1290 cum
1428 1249 1471 1288 s.

195 1327 609 1385 Bonaventura
658 1324 861 1382 laurea
920 1323 1175 1381 donatus
1240 1315 1468 1402 (1257)

195 1414 569 1490 quaestiones
599 1414 672 1471 de
703 1415 935 1471 veritate
954 1410 1278 1489 proposuit.
1315 1407 1469 1479 Qua·

197 1504 551 1581 dragesimae
580 1504 850 1578 tempore
880 1522 930 1559 a.
973 1510 1134 1564 1259
1163 1499 1472 1560 conciones

277 1698 289 1728 ¹
299 1696 314 1747 ἰ
344 1688 564 1744 Guilel
579 1709 637 1744 m
652 1707 728 1742 us
755 1689 943 1743 dictus
960 1688 1028 1741 de
1047 1688 1255 1741 Sancto
1269 1687 1472 1740 Amore

194 1762 267 1815 ab
294 1778 328 1815 o
375 1761 516 1830 pido,
557 1762 710 1814 uncle
752 1759 1032 1814 oriundus
1071 1762 1194 1813 erat
1231 1757 1291 1810 in
1336 1758 1474 1810 Bur·

278 1780 414 1885 ntiia
428 1832 704 1901 Sequana,
723 1830 1031 1885 canonicus
1049 1829 1474 1891 bellovacensis,

198 1852 396 1959 {xctor
418 1903 760 1985 parisiensis,
795 1901 1045 1967 nationis
1072 1900 1390 1972 gallicanae
1417 1903 1477 1953 et

197 1976 581 2029 universitatis
595 1979 800 2038 rector,
827 1973 1125 2028 ordinibus
1151 1971 1474 2025 mendican-

198 2048 347 2102 tibus
373 2063 721 2117 summopere
749 2045 1022 2110 infensus,
1063 2060 1248 2112 neque
1275 2044 1474 2097 labori-

198 2120 315 2179 bus,
343 2134 522 2186 neque
549 2118 882 2188 sumptibus
908 2116 1182 2187 pepercit,
1210 2131 1324 2182 quo
1352 2115 1474 2168 illo-

195 2209 315 2243 rum
355 2189 748 2259 magisterium
789 2188 851 2242 in
899 2187 1269 2241 universitate
1315 2203 1473 2256 prae·

199 2261 430 2331 pediret.
478 2261 721 2329 Scripsit
756 2277 807 2313 a.
851 2263 989 2316 12ὃὸ
1028 2261 1227 2313 contra
1271 2272 1364 2311 eos
1394 2261 1474 2310 De

189 2337 435 2401 periculis
456 2337 861 2387 novissimorum
887 2341 1199 2398 temporum,
1236 2347 1403 2397 quem
1435 2329 1472 2383 l.

201 2405 506 2458 Alexander
538 2404 629 2459 iv.
674 2402 974 2457 damnavit
998 2406 1056 2455 et
1079 2401 1199 2472 igni
1231 2399 1476 2454 tradidit

201 2480 370 2548 21256)
422 2476 492 2529 ob
543 2491 761 2531 errores
813 2477 1011 2529 contra
1073 2472 1473 2527 auctoritatem

199 2546 539 2617 pontificiam
569 2550 630 2600 et
669 2547 1051 2616 episcopalem
1086 2546 1142 2598 et
1168 2545 1239 2599 ob
1267 2545 1474 2613 probra

203 2624 256 2672 et
274 2617 512 2688 injurias
538 2618 813 2672 adversus
840 2616 1065 2672 ordines
1089 2616 1221 2670 illos
1247 2618 1474 2669 conten·

203 2694 297 2747 tas.
323 2693 446 2759 Ipse
472 2690 794 2744 Guilelmus
833 2691 899 2743 in
924 2689 1182 2745 exsilium
1212 2687 1328 2741 fuit
1351 2687 1475 2757 pul·

203 2780 285 2816 sus
299 2767 354 2816 ct
377 2778 611 2816 munere
627 2760 869 2815 docendi
889 2760 1162 2830 privatus.
1193 2761 1255 2812 ln
1273 2758 1472 2813 exsilio

208 2833 415 2904 scripsit
439 2835 476 2888 l.
520 2836 583 2887 de
613 2837 943 2888 Antichristo
981 2843 1029 2887 et
1053 2836 1165 2900 qius
1189 2835 1472 2897 ministris,

206 2905 454 2970 adventu,
484 2903 669 2974 signis
699 2947 711 2959 .
739 2947 751 2960 .
781 2948 793 2959 .
821 2908 879 2959 ct
905 2922 947 2956 s.
964 2904 1273 2973 Scriptura,
1303 2919 1474 2970 quem

205 2978 396 3030 frustra
439 2975 605 3029 misit
641 2976 716 3029 ad
757 2975 1106 3030 Clementem
1135 2974 1228 3028 IV.
1256 2973 1476 3027 Prodiit

207 3048 259 3101 in
283 3055 381 3104 vet.
408 3048 541 3102 coll.
568 3047 745 3117 ampl.
762 3046 1099 3101 collectione
1113 3046 1199 3099 ed.
1218 3044 1474 3099 Martene

208 3120 298 3173 sub
320 3120 550 3174 nomine
567 3119 693 3174 Nic.
711 3119 945 3184 Oresmi,
963 3119 1059 3171 sed
1067 3119 1238 3188 juxta
1255 3116 1474 3171 Denifle

211 3191 246 3250 l.
264 3196 358 3247 412
399 3209 449 3244 a.
496 3194 586 3243 est
626 3190 913 3245 Guilelmi.
967 3188 1310 3243 Proclierunt
1352 3190 1474 3258 ejus

211 3277 360 3330 opera
384 3263 724 3332 praesertim
765 3265 963 3316 contra
1003 3259 1231 3315 ordines
1258 3260 1473 3323 mendi-

210 3336 395 3396 cantes,
423 3333 801 3388 constantiae
826 3330 1082 3406 (Parisiis
1096 3332 1182 3385 ed.
1202 3331 1474 3402 Cortesio)

215 3408 332 3460 1632
356 3405 413 3458 in
435 3411 500 3464 4:
543 3405 647 3458 sed
688 3405 867 3458 editio
913 3403 1202 3474 prohibita
1229 3402 1344 3456 fuit
1367 3403 1476 3456 sub

216 3492 373 3543 poena
396 3477 629 3536 mortis;
675 3475 813 3530 hinc
858 3475 1165 3529 admodum
1204 3491 1333 3528 rara
1372 3476 1475 3528 est.

215 3544 568 3602 Continentur
610 3564 678 3601 ea
724 3548 894 3601 etiam
942 3545 1301 3615 quaestiones
1327 3546 1476 3599 duae

218 3620 268 3671 de
286 3625 566 3687 quantitate
593 3622 946 3688 eleemosynae
971 3620 1029 3671 et
1052 3622 1116 3672 de
1138 3621 1314 3672 valido
1334 3637 1475 3672 men-

217 3690 424 3755 ds‘conte,·
469 3695 644 3748 emus
688 3700 736 3744 et
778 3693 1012 3755 articuli,
1054 3704 1225 3759 super
1265 3689 1476 3756 quibus

219 3765 483 3815 accusatus
522 3762 645 3816 fuit
669 3762 943 3831 magister
970 3761 1034 3815 G.
1064 3804 1076 3816 .
1106 3803 1117 3815 .
1148 3804 1160 3815 .
1206 3777 1338 3814 cum
1363 3777 1472 3813 res·

223 3831 558 3898 pensionibus
624 3833 698 3886 ad
764 3833 1008 3903 singula.
1087 3831 1245 3902 Opus
1309 3848 1475 3885 vero:

223 3905 514 3960 collectanea
537 3909 833 3959 catholicae
859 3913 906 3958 et
931 3910 1211 3959 canonicae
1235 3905 1476 3972 Scriptu-

227 3991 301 4026 ναι
334 3975 399 4028 ad
440 3975 777 4030 defensione
801 3995 837 4027 u
883 3975 1290 4031 ecclesiasticae
1331 3974 1474 4027 hier-

224 4045 412 4100 arehiae
437 4051 494 4102 et
517 4047 596 4101 ad
639 4046 1077 4102 instructionem
1122 4045 1475 4116 simplicium

226 4113 445 4172 fidelium
487 4118 704 4174 Christi
748 4123 949 4172 contra
993 4118 1247 4188 pericula
1289 4116 1474 4171 immi·

1529 877 1867 936 studiorum
1900 876 2346 935 institutionem
2399 873 2806 943 ordinandam,

1528 966 1632 1042 qui
1653 966 1832 1025 simul
1848 984 1946 1026 eas
1965 967 2295 1041 posuerunt
2310 964 2489 1040 leges,
2511 982 2657 1038 quas
2671 963 2807 1021 uni·

1528 1073 1734 1114 versus
1749 1057 1895 1114 ordo
1907 1061 2038 1114 tum
2057 1054 2428 1128 amplexatus
2443 1056 2536 1110 est
2550 1047 2614 1131 ¹).
2637 1053 2809 1110 Anno

1536 1153 1697 1208 1260
1728 1146 1827 1204 vel
1850 1153 2004 1208 1261
2048 1144 2113 1202 in
2132 1143 2366 1202 Italiam
2389 1159 2661 1201 reversus
2687 1140 2806 1217 pri·

1527 1253 1688 1293 mum
1708 1234 1943 1293 Romam
1958 1252 2181 1292 novum
2196 1231 2482 1306 scriptum
2497 1248 2679 1304 super
2689 1229 2808 1305 pri·

1528 1343 1689 1381 mum
1708 1323 2140 1383 sententiarum
2163 1322 2200 1378 l.
2235 1321 2383 1397 legit
2413 1340 2448 1377 a
2478 1337 2541 1378 se
2573 1337 2807 1393 compo-

1527 1413 1727 1481 situm,
1770 1412 1929 1488 quod
1969 1414 2171 1471 tamen
2190 1409 2401 1486 periit:
2434 1408 2713 1482 deinceps
2746 1408 2809 1465 in

1528 1502 1670 1569 illis,
1705 1502 1771 1559 in
1802 1502 2024 1577 quibus
2058 1499 2277 1559 summi
2303 1496 2610 1573 pontifices
2633 1496 2807 1574 dege-

1529 1591 1671 1650 bant
1687 1591 2054 1657 civitatibus‚
2076 1589 2231 1648 Urbe
2255 1587 2462 1655 veteri,
2485 1587 2807 1662 Anagniae,

1529 1679 1803 1749 viterbii,
1852 1679 2102 1747 Perusii‚
2149 1682 2211 1753 et
2254 1677 2383 1752 ipse
2431 1693 2533 1735 eos
2566 1679 2809 1734 secutus

1527 1788 1773 1828 munere
1793 1768 2064 1846 magistri
2084 1786 2129 1826 s·
2145 1765 2355 1844 palatii
2374 1764 2632 1842 fungens
2652 1782 2805 1822 com-

1527 1863 1793 1918 moratus
1825 1865 1932 1928 est,
1967 1858 2229 1916 scholam
2255 1854 2654 1932 theologicam
2677 1852 2808 1912 ubi-

1528 1967 1645 2023 que
1676 1948 1836 2024 apud
1870 1947 2100 2006 sodales
2120 1963 2334 2022 regens
2356 1948 2416 2002 et
2435 1961 2588 2000 nova
2601 1943 2665 2001 in
2684 1961 2807 2001 rem

1528 2037 1821 2096 Ecclesiae
1853 2037 2111 2097 condens
2142 2039 2202 2093 et
2233 2033 2414 2091 edens
2445 2050 2636 2107 opera.
2683 2031 2808 2090 Cle·

1528 2130 1727 2185 mente
1776 2126 1872 2184 IV.
1925 2125 2022 2184 die
2076 2134 2130 2188 5.
2182 2123 2348 2181 Febr.
2391 2130 2552 2183 1265
2603 2120 2806 2189 elect0,

1527 2216 1845 2275 consilium
1895 2215 1968 2274 de
2018 2212 2244 2271 edenda
2293 2214 2533 2271 Summa
2580 2209 2809 2269 theolo-

1527 2306 1656 2382 gica
1688 2304 1956 2380 concepit
1981 2302 2237 2376 duoque
2277 2300 2475 2376 priora
2504 2297 2811 2357 volumina

1527 2394 1600 2453 ad
1623 2414 1671 2452 a.
1703 2403 1867 2458 1269
1892 2391 2156 2469 perfecit,
2190 2409 2311 2449 non
2340 2392 2541 2446 tamen
2573 2391 2810 2464 propte-

1529 2502 1628 2543 rea
1659 2484 1734 2543 ab
1766 2482 1901 2543 aliis
1933 2481 2212 2557 operibus
2232 2476 2562 2538 scribendis
2580 2494 2808 2537 vacans.

1529 2572 1814 2632 Interfuit
1839 2581 1999 2634 1269
2019 2570 2280 2646 capitulo
2301 2566 2527 2626 ordinis
2543 2566 2809 2642 generali

1527 2662 1834 2737 alteraque
1850 2662 1977 2721 vice
1994 2660 2224 2719 scholae
2254 2656 2548 2718 sodalium
2566 2655 2809 2714 Parisiis

1529 2752 1851 2811 institutus
1883 2755 1976 2810 est
2007 2766 2247 2826 regens:
2299 2747 2541 2805 interim
2575 2748 2810 2821 praeter

1529 2842 1643 2902 alia
1676 2842 1950 2899 Summae
1981 2860 2037 2916 p.
2071 2837 2386 2898 secundam
2418 2834 2681 2893 absolvit
2699 2834 2734 2892 i.
2762 2854 2809 2890 e.

1529 2930 1839 2990 secundam
1850 2929 2159 2989 secundae.
2171 2927 2242 2985 In
2252 2925 2475 2985 Italiam
2487 2923 2666 2982 rediit
2674 2929 2813 2999 post

1530 3020 1834 3078 biennium
1870 3023 2048 3093 atque
2066 3018 2281 3075 Romae
2306 3014 2523 3074 docuit.
2556 3013 2810 3071 Tantum

1529 3128 1668 3167 vero
1730 3109 2059 3183 reliquerat
2120 3106 2212 3164 sui
2276 3102 2638 3162 desiderium
2699 3103 2809 3160 Pa·

1528 3198 1705 3266 risiis,
1741 3202 1812 3256 ut
1829 3195 2243 3255 universitatis
2276 3198 2472 3252 rector
2505 3192 2577 3250 ad
2613 3194 2811 3266 patres

1529 3285 1757 3347 ordinis
1817 3286 1881 3344 in
1944 3284 2198 3345 comitiis
2256 3281 2589 3342 Florentiae
2651 3289 2808 3343 1272

1530 3380 1920 3454 congregatos
1931 3375 2137 3433 literas
2148 3371 2586 3431 amantissimas
2603 3388 2812 3446 urgen-

1530 3466 1915 3540 tissimasque
1936 3464 2186 3532 dederit,
2209 3462 2429 3537 quibus
2451 3458 2811 3534 Aquinatem

1531 3555 1645 3613 sibi
1677 3554 1846 3613 reddi
1880 3553 2257 3628 Parisiosque
2288 3549 2518 3608 remitti
2549 3547 2813 3607 instabat

1530 3644 1796 3702 enixius:
1831 3662 1967 3713 nam
2001 3660 2111 3700 sua
2130 3639 2328 3699 lucida
2346 3642 2409 3697 et
2438 3641 2643 3714 aperta
2674 3638 2810 3694 doc·

1530 3734 1706 3800 trina,
1762 3737 2003 3808 propter
2062 3730 2305 3788 modum
2356 3726 2604 3785 docendi
2653 3744 2810 3783 com·

1529 3821 1900 3898 pendiosum‚
1919 3827 2191 3896 apertum
2215 3822 2276 3876 et
2298 3816 2531 3874 facilem
2546 3815 2812 3872 omnium

1530 3911 1870 3970 auditorum
1893 3910 2298 3985 captivaverat
2311 3905 2556 3964 animoa
2592 3903 2813 3962 Verum

1530 3999 1677 4059 vicit
1696 4000 1936 4058 Carolus
1959 3999 2276 4072 utriusque
2297 3994 2535 4054 Siciliae
2555 4013 2673 4063 rex,
2710 3993 2812 4068 qui

1530 4089 1700 4147 illum
1717 4089 1986 4164 petierat,
2006 4091 2079 4145 ut
2094 4089 2413 4163 postquam
2430 4083 2812 4160 archiepisco-

230 4187 391 4241 nentia
415 4189 699 4245 Ecclesiae
720 4190 976 4262 generali
1004 4206 1104 4259 per
1129 4190 1475 4259 hypocrytaa
1530 4182 1739 4254 patum
1760 4177 1877 4237 sibi
1897 4178 2185 4245 oblatum,
2207 4175 2327 4233 imo
2341 4175 2466 4249 jam
2485 4173 2813 4247 conscripto

230 4259 806 4331 WudOPmedicanoess
823 4263 882 4314 0¹⁵
899 4264 1263 4330 Ρθῠθῦΐὸῐὶὓθὸ
1278 4260 1475 4315 domos
1531 4267 1849 4343 diplomate
1882 4267 2199 4332 decretum,
2221 4265 2611 4330 recusaverat,
2647 4262 2813 4320 scho-

234 4329 279 4379 et
297 4330 481 4386 otiosos
507 4334 767 4389 curiosos
784 4335 842 4387 et

233 4397 446 4466 alterius,
473 4409 538 4459 ut
575 4407 747 4464 notat
779 4406 818 4458 D
835 4419 865 4458 e
882 4422 919 4457 n
937 4405 955 4457 i
973 4403 1030 4457 fl
1048 4420 1077 4458 e
1104 4404 1284 4457 chart.
1315 4421 1472 4457 univ.

855 4348 1174 4403 gyrovagos
1192 4354 1204 4385 ²
1226 4332 1372 4386 ¹⁸⁰1oe
1389 4334 1475 4413 {³⁸¹³
1530 4358 1618 4415 las
1636 4356 1845 4415 saltem
1864 4356 2210 4413 illustraret.
2244 4352 2555 4427 Neapolim
2571 4351 2813 4409 veniens

236 4470 357 4534 Pffl'iss
381 4474 417 4534 Ι,
433 4480 531 4534 459
551 4495 602 4531 a.
621 4475 737 4530 etsi
755 4475 942 4546 ipsius
962 4475 1160 4530 stilum
1177 4479 1233 4528 et
1248 4474 1476 4529 dicendi
1531 4442 1586 4528 (Ῑ
1606 4455 1680 4509 27
1694 4441 1758 4526 2)
1775 4444 2202 4521 triumphantis
2226 4443 2414 4500 instar
2427 4445 2707 4516 ememus
2723 4442 2815 4498 est

238 4541 430 4598 modum
453 4550 682 4604 omnino
711 4547 982 4601 redoleat.
1024 4546 1184 4601 Obiit
1207 4551 1364 4603 1272.
1391 4547 1476 4602 cf.
1530 4535 1603 4594 ab
1636 4535 1916 4594 omnibus
1962 4533 2132 4610 regni
2180 4531 2508 4600 ordinibus,
2561 4529 2667 4605 qui
2699 4528 2814 4587 sibi

240 4608 294 4663 (ιθ
328 4629 383 4668 ‘³⁰
418 4619 619 4685 mim
661 4619 704 4673 F
709 4621 835 4674 81·Θῦ
860 4619 926 4682 Π,
953 4638 1008 4689 P·
1033 4624 1061 4674 1
1092 4619 1128 4673 l·
1156 4623 1188 4675 2
1217 4634 1262 4671 0·
1291 4622 1320 4674 1
1349 4635 1391 4675 ⁸·
1419 4620 1479 4672 01³
1530 4624 1995 4700 gratulabantur
2025 4621 2438 4697 theologorum
2482 4618 2814 4695 principem

240 4695 284 4746 p,
304 4687 330 4737 2
353 4685 387 4742 l.
407 4693 436 4742 2
460 4705 503 4742 c.
528 4696 577 4747 2.
631 4690 956 4744 Baeumker
995 4689 1104 4750 KL,
1133 4688 1236 4743 ΧΠ
1264 4693 1473 4745 1580-

246 4753 378 4811 1586:
401 4756 595 4817 Perrod
626 4761 840 4818 studes
865 4779 963 4815 sur
988 4761 1043 4814 la
1068 4760 1159 4815 vie
1186 4764 1244 4815 et
1271 4778 1368 4814 sur
1394 4761 1474 4814 les

246 4835 437 4950 ῗθῶῗω
473 4831 537 4886 de
576 4834 640 4894 G,
676 4834 754 4888 de
782 4833 863 4887 St.
891 4835 957 4886 A.
983 4833 1129 4888 Lons
1156 4833 1207 4886 le
1234 4831 1477 4886 Saunier

1608 4833 1646 4899 ι)
1673 4829 1756 4883 Ea
1782 4831 2000 4884 statuta
2040 4826 2271 4882 exhibet
2296 4825 2514 4880 Denifle
2550 4824 2610 4877 in
2638 4823 2814 4877 chart.

1532 4901 1689 4957 univ.
1717 4902 1887 4973 paris.
1915 4901 1956 4965 l,
1984 4903 2105 4956 385.
