<?xml version="1.0" encoding="UTF-8"?>
<!DOCTYPE html PUBLIC "-//W3C//DTD XHTML 1.0 Transitional//EN"
    "http://www.w3.org/TR/xhtml1/DTD/xhtml1-transitional.dtd">
<html xmlns="http://www.w3.org/1999/xhtml" xml:lang="en" lang="en">
 <head>
  <title>
</title>
<meta http-equiv="Content-Type" content="text/html;charset=utf-8" />
  <meta name='ocr-system' content='tesseract 3.04.00' />
  <meta name='ocr-capabilities' content='ocr_page ocr_carea ocr_par ocr_line ocrx_word'/>
</head>
<body>
  <div class='ocr_page' id='page_1' title='image "./nomenclatorlite10hurtgoog_0836.png"; bbox 0 0 3475 5364; ppageno 0'>
   <div class='ocr_carea' id='block_1_1' title="bbox 612 349 3233 424">
    <p class='ocr_par' dir='ltr' id='par_1_1' title="bbox 612 349 3233 424">
     <span class='ocr_line' id='line_1_1' title="bbox 612 349 3233 424; baseline -0.002 -14"><span class='ocrx_word' id='word_1_1' title='bbox 612 369 774 423; x_wconf 78' lang='lat'>1563</span> <span class='ocrx_word' id='word_1_2' title='bbox 842 356 1216 410; x_wconf 84' lang='lat'>1541-1563.</span> <span class='ocrx_word' id='word_1_3' title='bbox 1243 351 1438 407; x_wconf 88' lang='lat' dir='ltr'>Theol.</span> <span class='ocrx_word' id='word_1_4' title='bbox 1465 368 1602 407; x_wconf 89' lang='lat' dir='ltr'>mor.</span> <span class='ocrx_word' id='word_1_5' title='bbox 1629 353 1687 405; x_wconf 78' lang='lat' dir='ltr'>e‘t</span> <span class='ocrx_word' id='word_1_6' title='bbox 1714 355 1859 421; x_wconf 74' lang='lat' dir='ltr'>past.</span> <span class='ocrx_word' id='word_1_7' title='bbox 1888 351 1963 406; x_wconf 91' lang='lat' dir='ltr'>Le</span> <span class='ocrx_word' id='word_1_8' title='bbox 1983 351 2107 421; x_wconf 80' lang='lat' dir='ltr'>Jay,</span> <span class='ocrx_word' id='word_1_9' title='bbox 2137 350 2465 418; x_wconf 82' lang='lat' dir='ltr'>Quintinae,</span> <span class='ocrx_word' id='word_1_10' title='bbox 2488 349 2879 407; x_wconf 59' lang='lat' dir='ltr'>ari-ancienne</span> <span class='ocrx_word' id='word_1_11' title='bbox 2898 349 2984 417; x_wconf 75' lang='lat' dir='ltr'>X..</span> <span class='ocrx_word' id='word_1_12' title='bbox 3057 368 3233 424; x_wconf 76' lang='lat'>1554</span> 
     </span>
    </p>
   </div>
   <div class='ocr_carea' id='block_1_2' title="bbox 599 538 3239 1241">
    <p class='ocr_par' dir='ltr' id='par_1_2' title="bbox 599 538 3239 1241">
     <span class='ocr_line' id='line_1_2' title="bbox 599 538 3233 616; baseline 0 -20"><span class='ocrx_word' id='word_1_13' title='bbox 599 539 642 596; x_wconf 84' lang='lat' dir='ltr'>f.</span> <span class='ocrx_word' id='word_1_14' title='bbox 665 573 752 582; x_wconf 90' lang='lat'>—-</span> <span class='ocrx_word' id='word_1_15' title='bbox 773 538 1214 598; x_wconf 85' lang='lat' dir='ltr'>Bernardus</span> <span class='ocrx_word' id='word_1_16' title='bbox 1234 539 1306 596; x_wconf 88' lang='lat' dir='ltr'>de</span> <span class='ocrx_word' id='word_1_17' title='bbox 1327 539 1643 597; x_wconf 84' lang='lat' dir='ltr'>NievaO.</span> <span class='ocrx_word' id='word_1_18' title='bbox 1669 538 1888 608; x_wconf 72' lang='lat' dir='ltr'>Praed,</span> <span class='ocrx_word' id='word_1_19' title='bbox 1945 558 2078 597; x_wconf 90' lang='lat' dir='ltr'>cum</span> <span class='ocrx_word' id='word_1_20' title='bbox 2114 538 2411 599; x_wconf 81' lang='lat' dir='ltr'>sodalibus</span> <span class='ocrx_word' id='word_1_21' title='bbox 2444 542 2659 616; x_wconf 86' lang='lat' dir='ltr'>rogatu</span> <span class='ocrx_word' id='word_1_22' title='bbox 2688 538 2947 597; x_wconf 79' lang='lat' dir='ltr'>Caesaris</span> <span class='ocrx_word' id='word_1_23' title='bbox 2991 538 3064 596; x_wconf 89' lang='lat' dir='ltr'>ad</span> <span class='ocrx_word' id='word_1_24' title='bbox 3096 557 3233 596; x_wconf 84' lang='lat' dir='ltr'>aca-</span> 
     </span>
     <span class='ocr_line' id='line_1_3' title="bbox 601 626 3236 704; baseline -0 -18"><span class='ocrx_word' id='word_1_25' title='bbox 601 629 709 703; x_wconf 87' lang='lat' dir='ltr'>qui</span> <span class='ocrx_word' id='word_1_26' title='bbox 743 646 1034 686; x_wconf 89' lang='lat' dir='ltr'>summam</span> <span class='ocrx_word' id='word_1_27' title='bbox 1069 647 1111 688; x_wconf 84' lang='lat' dir='ltr'>s,</span> <span class='ocrx_word' id='word_1_28' title='bbox 1149 627 1401 686; x_wconf 81' lang='lat' dir='ltr'>Thomas</span> <span class='ocrx_word' id='word_1_29' title='bbox 1434 628 1520 685; x_wconf 88' lang='lat' dir='ltr'>ita</span> <span class='ocrx_word' id='word_1_30' title='bbox 1551 629 1892 687; x_wconf 77' lang='lat' dir='ltr'>memoriter</span> <span class='ocrx_word' id='word_1_31' title='bbox 1945 628 2198 686; x_wconf 77' lang='lat' dir='ltr'>damiam</span> <span class='ocrx_word' id='word_1_32' title='bbox 2243 632 2303 685; x_wconf 86' lang='lat' dir='ltr'>et</span> <span class='ocrx_word' id='word_1_33' title='bbox 2334 627 2677 704; x_wconf 80' lang='lat' dir='ltr'>religionem</span> <span class='ocrx_word' id='word_1_34' title='bbox 2711 627 2971 686; x_wconf 81' lang='lat' dir='ltr'>Viennae</span> <span class='ocrx_word' id='word_1_35' title='bbox 3014 626 3236 685; x_wconf 83' lang='lat' dir='ltr'>misere</span> 
     </span>
     <span class='ocr_line' id='line_1_4' title="bbox 601 716 3236 793; baseline -0 -18"><span class='ocrx_word' id='word_1_36' title='bbox 601 718 862 785; x_wconf 77' lang='lat' dir='ltr'>tenebat,</span> <span class='ocrx_word' id='word_1_37' title='bbox 913 720 984 775; x_wconf 90' lang='lat' dir='ltr'>ut</span> <span class='ocrx_word' id='word_1_38' title='bbox 1033 718 1081 774; x_wconf 89' lang='lat' dir='ltr'>si</span> <span class='ocrx_word' id='word_1_39' title='bbox 1131 716 1436 793; x_wconf 84' lang='lat' dir='ltr'>deperdita</span> <span class='ocrx_word' id='word_1_40' title='bbox 1483 718 1709 788; x_wconf 85' lang='lat' dir='ltr'>fuisset,</span> <span class='ocrx_word' id='word_1_41' title='bbox 1763 736 1887 776; x_wconf 88' lang='lat' dir='ltr'>eam</span> <span class='ocrx_word' id='word_1_42' title='bbox 1947 717 2258 792; x_wconf 80' lang='lat' dir='ltr'>collapsam</span> <span class='ocrx_word' id='word_1_43' title='bbox 2290 717 2754 775; x_wconf 80' lang='lat' dir='ltr'>restaurandam.</span> <span class='ocrx_word' id='word_1_44' title='bbox 2803 716 3083 793; x_wconf 82' lang='lat' dir='ltr'>Coeperat</span> <span class='ocrx_word' id='word_1_45' title='bbox 3103 716 3236 791; x_wconf 86' lang='lat' dir='ltr'>pri-</span> 
     </span>
     <span class='ocr_line' id='line_1_5' title="bbox 608 803 3239 882; baseline -0.001 -18"><span class='ocrx_word' id='word_1_46' title='bbox 608 825 762 865; x_wconf 87' lang='lat' dir='ltr'>unus</span> <span class='ocrx_word' id='word_1_47' title='bbox 785 807 1075 882; x_wconf 87' lang='lat' dir='ltr'>integram</span> <span class='ocrx_word' id='word_1_48' title='bbox 1092 826 1165 864; x_wconf 91' lang='lat' dir='ltr'>ne</span> <span class='ocrx_word' id='word_1_49' title='bbox 1182 806 1655 882; x_wconf 81' lang='lat' dir='ltr'>syllabaquidem</span> <span class='ocrx_word' id='word_1_50' title='bbox 1674 807 1893 864; x_wconf 86' lang='lat' dir='ltr'>omissa</span> <span class='ocrx_word' id='word_1_51' title='bbox 1949 826 2079 864; x_wconf 89' lang='lat' dir='ltr'>mus</span> <span class='ocrx_word' id='word_1_52' title='bbox 2120 826 2151 865; x_wconf 93' lang='lat' dir='ltr'>e</span> <span class='ocrx_word' id='word_1_53' title='bbox 2185 808 2462 865; x_wconf 82' lang='lat' dir='ltr'>societate</span> <span class='ocrx_word' id='word_1_54' title='bbox 2494 805 2642 864; x_wconf 85' lang='lat' dir='ltr'>Jesu</span> <span class='ocrx_word' id='word_1_55' title='bbox 2686 806 2750 864; x_wconf 91' lang='lat' dir='ltr'>in</span> <span class='ocrx_word' id='word_1_56' title='bbox 2793 804 2892 863; x_wconf 87' lang='lat' dir='ltr'>illa</span> <span class='ocrx_word' id='word_1_57' title='bbox 2935 803 3239 863; x_wconf 80' lang='lat' dir='ltr'>academia</span> 
     </span>
     <span class='ocr_line' id='line_1_6' title="bbox 606 895 3235 972; baseline 0 -19"><span class='ocrx_word' id='word_1_58' title='bbox 606 896 916 954; x_wconf 79' lang='lat' dir='ltr'>restituere</span> <span class='ocrx_word' id='word_1_59' title='bbox 965 897 1274 970; x_wconf 83' lang='lat' dir='ltr'>potuisset,</span> <span class='ocrx_word' id='word_1_60' title='bbox 1329 896 1567 970; x_wconf 75' lang='lat' dir='ltr'>scripsit</span> <span class='ocrx_word' id='word_1_61' title='bbox 1616 896 1891 955; x_wconf 78' lang='lat' dir='ltr'>Samario</span> <span class='ocrx_word' id='word_1_62' title='bbox 1947 895 2151 954; x_wconf 87' lang='lat' dir='ltr'>docere</span> <span class='ocrx_word' id='word_1_63' title='bbox 2185 896 2527 972; x_wconf 87' lang='lat' dir='ltr'>explicando</span> <span class='ocrx_word' id='word_1_64' title='bbox 2558 913 2694 954; x_wconf 90' lang='lat' dir='ltr'>raro</span> <span class='ocrx_word' id='word_1_65' title='bbox 2714 895 3055 953; x_wconf 87' lang='lat' dir='ltr'>auditorum</span> <span class='ocrx_word' id='word_1_66' title='bbox 3087 912 3235 953; x_wconf 88' lang='lat' dir='ltr'>con-</span> 
     </span>
     <span class='ocr_line' id='line_1_7' title="bbox 603 983 3235 1060; baseline -0 -16"><span class='ocrx_word' id='word_1_67' title='bbox 603 985 843 1044; x_wconf 82' lang='lat' dir='ltr'>manual</span> <span class='ocrx_word' id='word_1_68' title='bbox 872 984 944 1042; x_wconf 90' lang='lat' dir='ltr'>de</span> <span class='ocrx_word' id='word_1_69' title='bbox 975 985 1359 1044; x_wconf 89' lang='lat' dir='ltr'>informacion</span> <span class='ocrx_word' id='word_1_70' title='bbox 1389 985 1461 1042; x_wconf 91' lang='lat' dir='ltr'>de</span> <span class='ocrx_word' id='word_1_71' title='bbox 1491 984 1547 1042; x_wconf 87' lang='lat' dir='ltr'>la</span> <span class='ocrx_word' id='word_1_72' title='bbox 1575 984 1894 1044; x_wconf 85' lang='lat' dir='ltr'>christiana</span> <span class='ocrx_word' id='word_1_73' title='bbox 1948 1003 2125 1043; x_wconf 89' lang='lat' dir='ltr'>cursu</span> <span class='ocrx_word' id='word_1_74' title='bbox 2171 985 2481 1060; x_wconf 87' lang='lat' dir='ltr'>epistolam</span> <span class='ocrx_word' id='word_1_75' title='bbox 2530 1002 2575 1042; x_wconf 91' lang='lat' dir='ltr'>s.</span> <span class='ocrx_word' id='word_1_76' title='bbox 2608 983 2776 1042; x_wconf 87' lang='lat' dir='ltr'>Pauli</span> <span class='ocrx_word' id='word_1_77' title='bbox 2822 984 2893 1042; x_wconf 90' lang='lat' dir='ltr'>al</span> <span class='ocrx_word' id='word_1_78' title='bbox 2939 984 3235 1043; x_wconf 76' lang='lat' dir='ltr'>Romanos</span> 
     </span>
     <span class='ocr_line' id='line_1_8' title="bbox 603 1065 3237 1155; baseline -0.001 -21"><span class='ocrx_word' id='word_1_79' title='bbox 603 1074 953 1144; x_wconf 88' lang='lat' dir='ltr'>conciencia,</span> <span class='ocrx_word' id='word_1_80' title='bbox 987 1075 1360 1151; x_wconf 83' lang='lat' dir='ltr'>Methymnae</span> <span class='ocrx_word' id='word_1_81' title='bbox 1395 1094 1429 1133; x_wconf 89' lang='lat' dir='ltr'>a</span> <span class='ocrx_word' id='word_1_82' title='bbox 1460 1065 1683 1149; x_wconf 88' lang='lat' dir='ltr'>Campo</span> <span class='ocrx_word' id='word_1_83' title='bbox 1724 1084 1887 1137; x_wconf 82' lang='grc'><strong>1556</strong></span> <span class='ocrx_word' id='word_1_84' title='bbox 1949 1069 2194 1155; x_wconf 81' lang='lat'>(1551),</span> <span class='ocrx_word' id='word_1_85' title='bbox 2215 1074 2317 1132; x_wconf 88' lang='lat' dir='ltr'>sed</span> <span class='ocrx_word' id='word_1_86' title='bbox 2338 1092 2550 1151; x_wconf 83' lang='lat' dir='ltr'>magno</span> <span class='ocrx_word' id='word_1_87' title='bbox 2581 1072 2852 1133; x_wconf 90' lang='lat' dir='ltr'>omnium</span> <span class='ocrx_word' id='word_1_88' title='bbox 2882 1072 3077 1132; x_wconf 90' lang='lat' dir='ltr'>dolore</span> <span class='ocrx_word' id='word_1_89' title='bbox 3100 1074 3237 1147; x_wconf 88' lang='lat' dir='ltr'>jam</span> 
     </span>
     <span class='ocr_line' id='line_1_9' title="bbox 606 1160 3234 1241; baseline -0.001 -19"><span class='ocrx_word' id='word_1_90' title='bbox 606 1165 669 1222; x_wconf 91' lang='lat' dir='ltr'>in</span> <span class='ocrx_word' id='word_1_91' title='bbox 707 1175 761 1224; x_wconf 84' lang='lat'>4.</span> <span class='ocrx_word' id='word_1_92' title='bbox 804 1196 891 1207; x_wconf 90' lang='lat'>—</span> <span class='ocrx_word' id='word_1_93' title='bbox 926 1163 1260 1222; x_wconf 87' lang='lat' dir='ltr'>Didacus</span> <span class='ocrx_word' id='word_1_94' title='bbox 1293 1163 1364 1220; x_wconf 90' lang='lat' dir='ltr'>de</span> <span class='ocrx_word' id='word_1_95' title='bbox 1399 1160 1698 1239; x_wconf 77' lang='lat' dir='ltr'>Zuiiiga</span> <span class='ocrx_word' id='word_1_96' title='bbox 1730 1163 1794 1221; x_wconf 88' lang='grc' dir='ltr'><strong>Ο.</strong></span> <span class='ocrx_word' id='word_1_97' title='bbox 1831 1164 1886 1221; x_wconf 90' lang='lat' dir='ltr'>S.</span> <span class='ocrx_word' id='word_1_98' title='bbox 1947 1184 1995 1225; x_wconf 89' lang='lat' dir='ltr'>a.</span> <span class='ocrx_word' id='word_1_99' title='bbox 2029 1163 2299 1241; x_wconf 79' lang='lat' dir='ltr'>sequenti</span> <span class='ocrx_word' id='word_1_100' title='bbox 2345 1166 2533 1221; x_wconf 90' lang='lat' dir='ltr'>morte</span> <span class='ocrx_word' id='word_1_101' title='bbox 2582 1162 2701 1220; x_wconf 86' lang='lat' dir='ltr'>fuit</span> <span class='ocrx_word' id='word_1_102' title='bbox 2744 1165 2982 1238; x_wconf 89' lang='lat' dir='ltr'>ereptus</span> <span class='ocrx_word' id='word_1_103' title='bbox 3030 1162 3234 1220; x_wconf 82' lang='lat' dir='ltr'>cathe-</span> 
     </span>
    </p>
   </div>
   <div class='ocr_carea' id='block_1_3' title="bbox 599 1250 1889 1937">
    <p class='ocr_par' dir='ltr' id='par_1_3' title="bbox 599 1250 1889 1937">
     <span class='ocr_line' id='line_1_10' title="bbox 607 1250 1889 1328; baseline 0 -17"><span class='ocrx_word' id='word_1_104' title='bbox 607 1254 764 1311; x_wconf 82' lang='lat' dir='ltr'>Hier.</span> <span class='ocrx_word' id='word_1_105' title='bbox 797 1256 1004 1311; x_wconf 77' lang='lat' dir='ltr'>auctor</span> <span class='ocrx_word' id='word_1_106' title='bbox 1047 1250 1358 1327; x_wconf 81' lang='lat' dir='ltr'>est‘operis</span> <span class='ocrx_word' id='word_1_107' title='bbox 1412 1252 1718 1328; x_wconf 79' lang='lat' dir='ltr'>inscripti:</span> <span class='ocrx_word' id='word_1_108' title='bbox 1786 1253 1889 1311; x_wconf 82' lang='lat' dir='ltr'>In-</span> 
     </span>
     <span class='ocr_line' id='line_1_11' title="bbox 599 1341 1889 1419; baseline -0.001 -19"><span class='ocrx_word' id='word_1_109' title='bbox 599 1344 889 1400; x_wconf 75' lang='lat' dir='ltr'>struccion</span> <span class='ocrx_word' id='word_1_110' title='bbox 930 1362 970 1416; x_wconf 83' lang='lat' dir='ltr'><strong>y</strong></span> <span class='ocrx_word' id='word_1_111' title='bbox 1014 1342 1245 1419; x_wconf 79' lang='lat' dir='ltr'>refugio</span> <span class='ocrx_word' id='word_1_112' title='bbox 1290 1341 1389 1399; x_wconf 89' lang='lat' dir='ltr'>del</span> <span class='ocrx_word' id='word_1_113' title='bbox 1433 1342 1628 1399; x_wconf 88' lang='lat' dir='ltr'>animo</span> <span class='ocrx_word' id='word_1_114' title='bbox 1671 1361 1711 1417; x_wconf 82' lang='lat' dir='ltr'><strong>y</strong></span> <span class='ocrx_word' id='word_1_115' title='bbox 1753 1359 1889 1399; x_wconf 91' lang='lat' dir='ltr'>con-</span> 
     </span>
     <span class='ocr_line' id='line_1_12' title="bbox 607 1431 1886 1506; baseline 0 -17"><span class='ocrx_word' id='word_1_116' title='bbox 607 1432 827 1489; x_wconf 88' lang='lat' dir='ltr'>ciencia</span> <span class='ocrx_word' id='word_1_117' title='bbox 846 1431 1230 1506; x_wconf 87' lang='lat' dir='ltr'>escrupulosa</span> <span class='ocrx_word' id='word_1_118' title='bbox 1258 1450 1295 1506; x_wconf 82' lang='lat' dir='ltr'><strong>y</strong></span> <span class='ocrx_word' id='word_1_119' title='bbox 1318 1432 1609 1489; x_wconf 86' lang='lat' dir='ltr'>temerosa</span> <span class='ocrx_word' id='word_1_120' title='bbox 1641 1431 1711 1489; x_wconf 89' lang='lat' dir='ltr'>de</span> <span class='ocrx_word' id='word_1_121' title='bbox 1732 1431 1886 1500; x_wconf 80' lang='lat' dir='ltr'>Dios,</span> 
     </span>
     <span class='ocr_line' id='line_1_13' title="bbox 601 1519 1887 1582; baseline -0.001 -3"><span class='ocrx_word' id='word_1_122' title='bbox 601 1520 982 1579; x_wconf 85' lang='lat' dir='ltr'>Salmantiae·</span> <span class='ocrx_word' id='word_1_123' title='bbox 1016 1528 1181 1582; x_wconf 85' lang='lat'>1552</span> <span class='ocrx_word' id='word_1_124' title='bbox 1246 1520 1310 1578; x_wconf 90' lang='lat' dir='ltr'>in</span> <span class='ocrx_word' id='word_1_125' title='bbox 1362 1528 1415 1582; x_wconf 88' lang='lat'>8.</span> <span class='ocrx_word' id='word_1_126' title='bbox 1479 1553 1564 1563; x_wconf 93' lang='lat'><strong>—</strong></span> <span class='ocrx_word' id='word_1_127' title='bbox 1628 1519 1887 1578; x_wconf 84' lang='lat' dir='ltr'>Joannes</span> 
     </span>
     <span class='ocr_line' id='line_1_14' title="bbox 607 1608 1889 1685; baseline -0.001 -18"><span class='ocrx_word' id='word_1_128' title='bbox 607 1610 844 1684; x_wconf 86' lang='lat' dir='ltr'>Lopez</span> <span class='ocrx_word' id='word_1_129' title='bbox 889 1609 960 1666; x_wconf 92' lang='lat' dir='ltr'>de</span> <span class='ocrx_word' id='word_1_130' title='bbox 1007 1609 1231 1683; x_wconf 85' lang='lat' dir='ltr'>Segura</span> <span class='ocrx_word' id='word_1_131' title='bbox 1279 1608 1544 1666; x_wconf 86' lang='lat' dir='ltr'>sacerdos</span> <span class='ocrx_word' id='word_1_132' title='bbox 1577 1609 1889 1685; x_wconf 88' lang='lat' dir='ltr'>burgensis</span> 
     </span>
     <span class='ocr_line' id='line_1_15' title="bbox 601 1698 1884 1773; baseline -0.001 -17"><span class='ocrx_word' id='word_1_133' title='bbox 601 1698 843 1773; x_wconf 85' lang='lat' dir='ltr'>scripsit</span> <span class='ocrx_word' id='word_1_134' title='bbox 894 1698 1358 1771; x_wconf 73' lang='lat' dir='ltr'>Confessionario</span> <span class='ocrx_word' id='word_1_135' title='bbox 1418 1716 1563 1772; x_wconf 90' lang='lat' dir='ltr'>para</span> <span class='ocrx_word' id='word_1_136' title='bbox 1611 1715 1884 1756; x_wconf 89' lang='lat' dir='ltr'>conocer-</span> 
     </span>
     <span class='ocr_line' id='line_1_16' title="bbox 604 1786 1882 1863; baseline 0.002 -19"><span class='ocrx_word' id='word_1_137' title='bbox 604 1806 713 1844; x_wconf 86' lang='lat' dir='ltr'>nos</span> <span class='ocrx_word' id='word_1_138' title='bbox 745 1807 784 1863; x_wconf 83' lang='lat' dir='ltr'><strong>y</strong></span> <span class='ocrx_word' id='word_1_139' title='bbox 816 1791 1008 1846; x_wconf 81' lang='lat' dir='ltr'>tomar</span> <span class='ocrx_word' id='word_1_140' title='bbox 1039 1788 1199 1845; x_wconf 81' lang='lat' dir='ltr'>aviso</span> <span class='ocrx_word' id='word_1_141' title='bbox 1231 1793 1439 1845; x_wconf 76' lang='lat' dir='ltr'>contra</span> <span class='ocrx_word' id='word_1_142' title='bbox 1470 1786 1663 1856; x_wconf 60' lang='lat' dir='ltr'>vidos,</span> <span class='ocrx_word' id='word_1_143' title='bbox 1724 1796 1882 1849; x_wconf 81' lang='lat'>1555</span> 
     </span>
     <span class='ocr_line' id='line_1_17' title="bbox 605 1878 759 1937; baseline 0 -4"><span class='ocrx_word' id='word_1_144' title='bbox 605 1878 669 1935; x_wconf 84' lang='lat' dir='ltr'>in</span> <span class='ocrx_word' id='word_1_145' title='bbox 705 1885 759 1937; x_wconf 82' lang='lat'>4.</span> 
     </span>
    </p>
   </div>
   <div class='ocr_carea' id='block_1_4' title="bbox 596 2053 1894 3828">
    <p class='ocr_par' dir='ltr' id='par_1_4' title="bbox 596 2053 1894 3828">
     <span class='ocr_line' id='line_1_18' title="bbox 703 2053 1886 2129; baseline -0.006 -12"><span class='ocrx_word' id='word_1_146' title='bbox 703 2063 844 2117; x_wconf 77' lang='lat'>717.</span> <span class='ocrx_word' id='word_1_147' title='bbox 892 2054 1266 2113; x_wconf 81' lang='lat' dir='ltr'>Claudius</span> <span class='ocrx_word' id='word_1_148' title='bbox 1314 2055 1367 2111; x_wconf 95' lang='lat' dir='ltr'>le</span> <span class='ocrx_word' id='word_1_149' title='bbox 1399 2054 1537 2129; x_wconf 84' lang='lat' dir='ltr'>Jay</span> <span class='ocrx_word' id='word_1_150' title='bbox 1573 2054 1627 2112; x_wconf 87' lang='lat' dir='ltr'>S.</span> <span class='ocrx_word' id='word_1_151' title='bbox 1660 2053 1715 2111; x_wconf 87' lang='lat' dir='ltr'>J.</span> <span class='ocrx_word' id='word_1_152' title='bbox 1749 2074 1806 2112; x_wconf 91' lang='lat' dir='ltr'>n.</span> <span class='ocrx_word' id='word_1_153' title='bbox 1841 2072 1886 2113; x_wconf 91' lang='lat' dir='ltr'>c.</span> 
     </span>
     <span class='ocr_line' id='line_1_19' title="bbox 612 2142 1887 2219; baseline -0.004 -13"><span class='ocrx_word' id='word_1_154' title='bbox 612 2152 779 2206; x_wconf 80' lang='lat'>1504</span> <span class='ocrx_word' id='word_1_155' title='bbox 829 2143 892 2201; x_wconf 92' lang='lat' dir='ltr'>in</span> <span class='ocrx_word' id='word_1_156' title='bbox 937 2142 1154 2219; x_wconf 87' lang='lat' dir='ltr'>oppido</span> <span class='ocrx_word' id='word_1_157' title='bbox 1185 2144 1326 2201; x_wconf 88' lang='lat' dir='ltr'>Aise</span> <span class='ocrx_word' id='word_1_158' title='bbox 1372 2162 1554 2219; x_wconf 87' lang='lat' dir='ltr'>prope</span> <span class='ocrx_word' id='word_1_159' title='bbox 1595 2143 1887 2202; x_wconf 87' lang='lat' dir='ltr'>Genevam</span> 
     </span>
     <span class='ocr_line' id='line_1_20' title="bbox 607 2231 1885 2308; baseline -0.001 -18"><span class='ocrx_word' id='word_1_160' title='bbox 607 2251 764 2291; x_wconf 89' lang='lat' dir='ltr'>unus</span> <span class='ocrx_word' id='word_1_161' title='bbox 797 2251 864 2290; x_wconf 85' lang='lat' dir='ltr'>ex</span> <span class='ocrx_word' id='word_1_162' title='bbox 898 2233 1108 2308; x_wconf 90' lang='lat' dir='ltr'>primis</span> <span class='ocrx_word' id='word_1_163' title='bbox 1142 2232 1339 2291; x_wconf 90' lang='lat' dir='ltr'>decem</span> <span class='ocrx_word' id='word_1_164' title='bbox 1373 2250 1416 2290; x_wconf 90' lang='lat' dir='ltr'>s.</span> <span class='ocrx_word' id='word_1_165' title='bbox 1442 2232 1662 2308; x_wconf 86' lang='lat' dir='ltr'>Ignatii</span> <span class='ocrx_word' id='word_1_166' title='bbox 1694 2231 1885 2301; x_wconf 90' lang='lat' dir='ltr'>sociis,</span> 
     </span>
     <span class='ocr_line' id='line_1_21' title="bbox 605 2321 1887 2397; baseline 0.001 -18"><span class='ocrx_word' id='word_1_167' title='bbox 605 2321 940 2396; x_wconf 75' lang='lat' dir='ltr'>theologiae</span> <span class='ocrx_word' id='word_1_168' title='bbox 981 2322 1202 2392; x_wconf 89' lang='lat' dir='ltr'>doctor,</span> <span class='ocrx_word' id='word_1_169' title='bbox 1252 2322 1518 2397; x_wconf 87' lang='lat' dir='ltr'>ingentia</span> <span class='ocrx_word' id='word_1_170' title='bbox 1563 2322 1679 2379; x_wconf 85' lang='lat' dir='ltr'>sibi</span> <span class='ocrx_word' id='word_1_171' title='bbox 1711 2322 1887 2380; x_wconf 88' lang='lat' dir='ltr'>colle-</span> 
     </span>
     <span class='ocr_line' id='line_1_22' title="bbox 601 2410 1890 2487; baseline 0.001 -21"><span class='ocrx_word' id='word_1_172' title='bbox 601 2412 696 2486; x_wconf 83' lang='lat' dir='ltr'>git</span> <span class='ocrx_word' id='word_1_173' title='bbox 728 2411 936 2469; x_wconf 85' lang='lat' dir='ltr'>merita</span> <span class='ocrx_word' id='word_1_174' title='bbox 986 2429 1088 2487; x_wconf 92' lang='lat' dir='ltr'>pro</span> <span class='ocrx_word' id='word_1_175' title='bbox 1120 2410 1342 2469; x_wconf 83' lang='lat' dir='ltr'>tuenda</span> <span class='ocrx_word' id='word_1_176' title='bbox 1374 2411 1890 2485; x_wconf 79' lang='lat' dir='ltr'>conservandaque</span> 
     </span>
     <span class='ocr_line' id='line_1_23' title="bbox 606 2499 1888 2570; baseline 0 -13"><span class='ocrx_word' id='word_1_177' title='bbox 606 2500 720 2557; x_wconf 90' lang='lat' dir='ltr'>fide</span> <span class='ocrx_word' id='word_1_178' title='bbox 752 2499 1034 2559; x_wconf 82' lang='lat' dir='ltr'>catholica</span> <span class='ocrx_word' id='word_1_179' title='bbox 1073 2499 1137 2557; x_wconf 89' lang='lat' dir='ltr'>in</span> <span class='ocrx_word' id='word_1_180' title='bbox 1169 2501 1482 2559; x_wconf 83' lang='lat' dir='ltr'>Germania</span> <span class='ocrx_word' id='word_1_181' title='bbox 1518 2499 1888 2570; x_wconf 83' lang='lat' dir='ltr'>wormatiae,</span> 
     </span>
     <span class='ocr_line' id='line_1_24' title="bbox 607 2589 1891 2666; baseline 0 -20"><span class='ocrx_word' id='word_1_182' title='bbox 607 2589 975 2657; x_wconf 85' lang='lat' dir='ltr'>Ratisbonae,</span> <span class='ocrx_word' id='word_1_183' title='bbox 1028 2589 1390 2666; x_wconf 82' lang='lat' dir='ltr'>Ingolstadii,</span> <span class='ocrx_word' id='word_1_184' title='bbox 1441 2591 1751 2665; x_wconf 75' lang='lat' dir='ltr'>Augustae</span> <span class='ocrx_word' id='word_1_185' title='bbox 1797 2607 1891 2646; x_wconf 89' lang='lat' dir='ltr'>co·</span> 
     </span>
     <span class='ocr_line' id='line_1_25' title="bbox 605 2677 1892 2754; baseline -0.001 -17"><span class='ocrx_word' id='word_1_186' title='bbox 605 2679 909 2737; x_wconf 88' lang='lat' dir='ltr'>mitiorum</span> <span class='ocrx_word' id='word_1_187' title='bbox 942 2679 1238 2738; x_wconf 85' lang='lat' dir='ltr'>occasione</span> <span class='ocrx_word' id='word_1_188' title='bbox 1284 2681 1344 2736; x_wconf 91' lang='lat' dir='ltr'>et</span> <span class='ocrx_word' id='word_1_189' title='bbox 1383 2678 1448 2737; x_wconf 89' lang='lat' dir='ltr'>in</span> <span class='ocrx_word' id='word_1_190' title='bbox 1477 2678 1684 2754; x_wconf 88' lang='lat' dir='ltr'>primis</span> <span class='ocrx_word' id='word_1_191' title='bbox 1717 2677 1892 2736; x_wconf 92' lang='lat' dir='ltr'>Vien-</span> 
     </span>
     <span class='ocr_line' id='line_1_26' title="bbox 601 2764 1890 2848; baseline -0.002 -22"><span class='ocrx_word' id='word_1_192' title='bbox 601 2787 714 2826; x_wconf 89' lang='lat' dir='ltr'>nae</span> <span class='ocrx_word' id='word_1_193' title='bbox 748 2764 807 2847; x_wconf 89' lang='lat'>(†</span> <span class='ocrx_word' id='word_1_194' title='bbox 844 2778 897 2829; x_wconf 91' lang='grc'>6.</span> <span class='ocrx_word' id='word_1_195' title='bbox 931 2770 1082 2844; x_wconf 86' lang='lat' dir='ltr'>Aug.</span> <span class='ocrx_word' id='word_1_196' title='bbox 1123 2764 1333 2848; x_wconf 87' lang='lat'>1552).</span> <span class='ocrx_word' id='word_1_197' title='bbox 1377 2768 1718 2843; x_wconf 82' lang='lat' dir='ltr'>Composuit</span> <span class='ocrx_word' id='word_1_198' title='bbox 1750 2769 1890 2840; x_wconf 77' lang='lat' dir='ltr'>Spe-</span> 
     </span>
     <span class='ocr_line' id='line_1_27' title="bbox 605 2856 1890 2932; baseline 0 -18"><span class='ocrx_word' id='word_1_199' title='bbox 605 2859 798 2914; x_wconf 84' lang='lat' dir='ltr'>culum</span> <span class='ocrx_word' id='word_1_200' title='bbox 823 2859 1113 2932; x_wconf 72' lang='lat' dir='ltr'>praesulis</span> <span class='ocrx_word' id='word_1_201' title='bbox 1144 2876 1212 2915; x_wconf 84' lang='lat' dir='ltr'>ex</span> <span class='ocrx_word' id='word_1_202' title='bbox 1233 2857 1430 2915; x_wconf 85' lang='lat' dir='ltr'>verbis</span> <span class='ocrx_word' id='word_1_203' title='bbox 1463 2876 1506 2915; x_wconf 89' lang='lat' dir='ltr'>s.</span> <span class='ocrx_word' id='word_1_204' title='bbox 1530 2856 1890 2932; x_wconf 79' lang='lat' dir='ltr'>Scripturas,</span> 
     </span>
     <span class='ocr_line' id='line_1_28' title="bbox 606 2945 1892 3022; baseline -0.001 -18"><span class='ocrx_word' id='word_1_205' title='bbox 606 2965 894 3004; x_wconf 86' lang='lat' dir='ltr'>canonum</span> <span class='ocrx_word' id='word_1_206' title='bbox 956 2949 1017 3002; x_wconf 90' lang='lat' dir='ltr'>et</span> <span class='ocrx_word' id='word_1_207' title='bbox 1074 2945 1398 3016; x_wconf 89' lang='lat' dir='ltr'>doctorum,</span> <span class='ocrx_word' id='word_1_208' title='bbox 1460 2946 1621 3022; x_wconf 87' lang='lat' dir='ltr'>quod</span> <span class='ocrx_word' id='word_1_209' title='bbox 1666 2946 1892 3020; x_wconf 88' lang='lat' dir='ltr'>primus</span> 
     </span>
     <span class='ocr_line' id='line_1_29' title="bbox 599 3033 1894 3103; baseline -0.001 -11"><span class='ocrx_word' id='word_1_210' title='bbox 599 3033 792 3093; x_wconf 24' lang='lat' dir='ltr'>redidit</span> <span class='ocrx_word' id='word_1_211' title='bbox 823 3035 1059 3092; x_wconf 87' lang='lat' dir='ltr'>Gretser</span> <span class='ocrx_word' id='word_1_212' title='bbox 1088 3034 1377 3093; x_wconf 84' lang='lat' dir='ltr'>Monachii</span> <span class='ocrx_word' id='word_1_213' title='bbox 1419 3044 1603 3103; x_wconf 83' lang='lat'>1615,</span> <span class='ocrx_word' id='word_1_214' title='bbox 1647 3038 1708 3092; x_wconf 90' lang='lat' dir='ltr'>et</span> <span class='ocrx_word' id='word_1_215' title='bbox 1737 3036 1894 3092; x_wconf 87' lang='lat' dir='ltr'>inter</span> 
     </span>
     <span class='ocr_line' id='line_1_30' title="bbox 606 3123 1890 3199; baseline 0.001 -19"><span class='ocrx_word' id='word_1_216' title='bbox 606 3125 735 3199; x_wconf 83' lang='lat' dir='ltr'>ejus</span> <span class='ocrx_word' id='word_1_217' title='bbox 767 3141 856 3199; x_wconf 90' lang='lat' dir='ltr'>op.</span> <span class='ocrx_word' id='word_1_218' title='bbox 891 3123 1070 3189; x_wconf 79' lang='lat' dir='ltr'>xvll,</span> <span class='ocrx_word' id='word_1_219' title='bbox 1126 3133 1462 3193; x_wconf 75' lang='lat'>141—583</span> <span class='ocrx_word' id='word_1_220' title='bbox 1509 3124 1607 3181; x_wconf 88' lang='lat' dir='ltr'>cui</span> <span class='ocrx_word' id='word_1_221' title='bbox 1649 3123 1890 3199; x_wconf 87' lang='lat' dir='ltr'>subjici·</span> 
     </span>
     <span class='ocr_line' id='line_1_31' title="bbox 605 3213 1894 3288; baseline 0.001 -18"><span class='ocrx_word' id='word_1_222' title='bbox 605 3217 710 3270; x_wconf 90' lang='lat' dir='ltr'>tur</span> <span class='ocrx_word' id='word_1_223' title='bbox 742 3213 1256 3271; x_wconf 78' lang='lat' dir='ltr'>commentariolus</span> <span class='ocrx_word' id='word_1_224' title='bbox 1303 3214 1372 3271; x_wconf 82' lang='lat' dir='ltr'>de</span> <span class='ocrx_word' id='word_1_225' title='bbox 1415 3215 1603 3288; x_wconf 76' lang='lat' dir='ltr'>officio</span> <span class='ocrx_word' id='word_1_226' title='bbox 1645 3215 1894 3288; x_wconf 77' lang='lat' dir='ltr'>episcopi</span> 
     </span>
     <span class='ocr_line' id='line_1_32' title="bbox 600 3301 1889 3378; baseline 0.001 -19"><span class='ocrx_word' id='word_1_227' title='bbox 600 3311 666 3360; x_wconf 84' lang='lat' dir='ltr'>et</span> <span class='ocrx_word' id='word_1_228' title='bbox 686 3301 876 3375; x_wconf 86' lang='lat' dir='ltr'>qualis</span> <span class='ocrx_word' id='word_1_229' title='bbox 908 3321 1034 3359; x_wconf 85' lang='lat' dir='ltr'>esse</span> <span class='ocrx_word' id='word_1_230' title='bbox 1056 3302 1249 3375; x_wconf 86' lang='lat' dir='ltr'>debet,</span> <span class='ocrx_word' id='word_1_231' title='bbox 1283 3303 1389 3375; x_wconf 88' lang='lat' dir='ltr'>qui</span> <span class='ocrx_word' id='word_1_232' title='bbox 1411 3302 1613 3378; x_wconf 87' lang='lat' dir='ltr'>judice</span> <span class='ocrx_word' id='word_1_233' title='bbox 1635 3303 1889 3373; x_wconf 81' lang='lat' dir='ltr'>Gretser‚</span> 
     </span>
     <span class='ocr_line' id='line_1_33' title="bbox 604 3391 1893 3468; baseline -0.002 -18"><span class='ocrx_word' id='word_1_234' title='bbox 604 3393 786 3450; x_wconf 88' lang='lat' dir='ltr'>etiam</span> <span class='ocrx_word' id='word_1_235' title='bbox 848 3391 1038 3468; x_wconf 87' lang='lat' dir='ltr'>ipsius</span> <span class='ocrx_word' id='word_1_236' title='bbox 1087 3410 1214 3450; x_wconf 87' lang='lat' dir='ltr'>esse</span> <span class='ocrx_word' id='word_1_237' title='bbox 1264 3392 1517 3449; x_wconf 82' lang='lat' dir='ltr'>videtur.</span> <span class='ocrx_word' id='word_1_238' title='bbox 1583 3392 1893 3451; x_wconf 83' lang='lat' dir='ltr'>Inchoavit</span> 
     </span>
     <span class='ocr_line' id='line_1_34' title="bbox 606 3481 1891 3557; baseline -0.001 -18"><span class='ocrx_word' id='word_1_239' title='bbox 606 3481 787 3540; x_wconf 84' lang='lat' dir='ltr'>etiam</span> <span class='ocrx_word' id='word_1_240' title='bbox 808 3481 1142 3557; x_wconf 80' lang='lat' dir='ltr'>theologiae</span> <span class='ocrx_word' id='word_1_241' title='bbox 1163 3500 1469 3550; x_wconf 88' lang='lat' dir='ltr'>summam,</span> <span class='ocrx_word' id='word_1_242' title='bbox 1504 3500 1681 3555; x_wconf 90' lang='lat' dir='ltr'>quam</span> <span class='ocrx_word' id='word_1_243' title='bbox 1701 3484 1891 3540; x_wconf 87' lang='lat' dir='ltr'>morte</span> 
     </span>
     <span class='ocr_line' id='line_1_35' title="bbox 605 3570 1891 3646; baseline 0 -18"><span class='ocrx_word' id='word_1_244' title='bbox 605 3573 951 3646; x_wconf 82' lang='lat' dir='ltr'>praereptus</span> <span class='ocrx_word' id='word_1_245' title='bbox 991 3570 1290 3628; x_wconf 69' lang='lat' dir='ltr'>absolvens</span> <span class='ocrx_word' id='word_1_246' title='bbox 1323 3589 1440 3628; x_wconf 92' lang='lat' dir='ltr'>non</span> <span class='ocrx_word' id='word_1_247' title='bbox 1478 3571 1691 3645; x_wconf 81' lang='lat' dir='ltr'>potuit,</span> <span class='ocrx_word' id='word_1_248' title='bbox 1735 3571 1891 3645; x_wconf 81' lang='lat' dir='ltr'>typis</span> 
     </span>
     <span class='ocr_line' id='line_1_36' title="bbox 605 3659 1890 3734; baseline 0 -17"><span class='ocrx_word' id='word_1_249' title='bbox 605 3660 873 3734; x_wconf 88' lang='lat' dir='ltr'>alioquin</span> <span class='ocrx_word' id='word_1_250' title='bbox 906 3659 1259 3718; x_wconf 86' lang='lat' dir='ltr'>Ferdiuandi</span> <span class='ocrx_word' id='word_1_251' title='bbox 1292 3661 1335 3717; x_wconf 91' lang='grc' dir='ltr'><strong>Ι.</strong></span> <span class='ocrx_word' id='word_1_252' title='bbox 1368 3660 1679 3718; x_wconf 78' lang='lat' dir='ltr'>voluntate</span> <span class='ocrx_word' id='word_1_253' title='bbox 1712 3660 1890 3717; x_wconf 89' lang='lat' dir='ltr'>eden-</span> 
     </span>
     <span class='ocr_line' id='line_1_37' title="bbox 596 3749 1891 3828; baseline -0.001 -22"><span class='ocrx_word' id='word_1_254' title='bbox 596 3749 735 3807; x_wconf 86' lang='lat' dir='ltr'>dam</span> <span class='ocrx_word' id='word_1_255' title='bbox 754 3749 818 3828; x_wconf 78' lang='grc' dir='ltr'>ι).</span> <span class='ocrx_word' id='word_1_256' title='bbox 867 3750 1039 3807; x_wconf 88' lang='lat' dir='ltr'>Hunc</span> <span class='ocrx_word' id='word_1_257' title='bbox 1070 3750 1226 3808; x_wconf 88' lang='lat' dir='ltr'>enim</span> <span class='ocrx_word' id='word_1_258' title='bbox 1260 3750 1500 3806; x_wconf 80' lang='lat' dir='ltr'>miserat</span> <span class='ocrx_word' id='word_1_259' title='bbox 1543 3767 1585 3809; x_wconf 84' lang='lat' dir='ltr'>s,</span> <span class='ocrx_word' id='word_1_260' title='bbox 1620 3749 1891 3825; x_wconf 77' lang='lat' dir='ltr'>ignatius</span> 
     </span>
    </p>
   </div>
   <div class='ocr_carea' id='block_1_5' title="bbox 603 3908 920 3918">
    <p class='ocr_par' dir='ltr' id='par_1_5' title="bbox 603 3908 920 3918">
     <span class='ocr_line' id='line_1_38' title="bbox 603 3908 920 3918; baseline 0 1446"><span class='ocrx_word' id='word_1_261' title='bbox 603 3908 920 3918; x_wconf 95' lang='lat' dir='ltr'> </span> 
     </span>
    </p>
   </div>
   <div class='ocr_carea' id='block_1_6' title="bbox 599 3990 1889 4988">
    <p class='ocr_par' dir='ltr' id='par_1_6' title="bbox 599 3990 1889 4988">
     <span class='ocr_line' id='line_1_39' title="bbox 681 3990 1888 4060; baseline 0 -16"><span class='ocrx_word' id='word_1_262' title='bbox 681 3995 719 4060; x_wconf 88' lang='lat'>¹)</span> <span class='ocrx_word' id='word_1_263' title='bbox 767 3993 800 4044; x_wconf 77' lang='lat' dir='ltr'>S</span> <span class='ocrx_word' id='word_1_264' title='bbox 821 3992 1322 4060; x_wconf 82' lang='lat' dir='ltr'>ommervogel</span> <span class='ocrx_word' id='word_1_265' title='bbox 1369 3990 1769 4058; x_wconf 74' lang='lat' dir='ltr'>Bibliotheque</span> <span class='ocrx_word' id='word_1_266' title='bbox 1821 3991 1888 4044; x_wconf 88' lang='lat' dir='ltr'>de</span> 
     </span>
     <span class='ocr_line' id='line_1_40' title="bbox 603 4062 1888 4131; baseline -0.001 -16"><span class='ocrx_word' id='word_1_267' title='bbox 603 4062 661 4115; x_wconf 82' lang='lat' dir='ltr'>la</span> <span class='ocrx_word' id='word_1_268' title='bbox 689 4065 886 4131; x_wconf 85' lang='lat' dir='ltr'>Comp.</span> <span class='ocrx_word' id='word_1_269' title='bbox 912 4062 982 4114; x_wconf 85' lang='lat' dir='ltr'>de</span> <span class='ocrx_word' id='word_1_270' title='bbox 1006 4063 1169 4115; x_wconf 74' lang='lat' dir='ltr'>Jesus</span> <span class='ocrx_word' id='word_1_271' title='bbox 1197 4062 1289 4127; x_wconf 77' lang='lat' dir='ltr'>IV,</span> <span class='ocrx_word' id='word_1_272' title='bbox 1319 4067 1421 4119; x_wconf 83' lang='grc'>765</span> <span class='ocrx_word' id='word_1_273' title='bbox 1440 4083 1452 4122; x_wconf 86' lang='lat'>;</span> <span class='ocrx_word' id='word_1_274' title='bbox 1498 4064 1544 4114; x_wconf 88' lang='lat' dir='ltr'>A</span> <span class='ocrx_word' id='word_1_275' title='bbox 1560 4079 1585 4115; x_wconf 90' lang='lat' dir='ltr'>s</span> <span class='ocrx_word' id='word_1_276' title='bbox 1603 4078 1632 4115; x_wconf 91' lang='lat' dir='ltr'>c</span> <span class='ocrx_word' id='word_1_277' title='bbox 1649 4063 1685 4115; x_wconf 90' lang='lat' dir='ltr'>h</span> <span class='ocrx_word' id='word_1_278' title='bbox 1707 4063 1741 4115; x_wconf 89' lang='lat' dir='ltr'>b</span> <span class='ocrx_word' id='word_1_279' title='bbox 1757 4078 1790 4114; x_wconf 87' lang='lat' dir='ltr'>a</span> <span class='ocrx_word' id='word_1_280' title='bbox 1807 4078 1835 4114; x_wconf 90' lang='lat' dir='ltr'>c</span> <span class='ocrx_word' id='word_1_281' title='bbox 1851 4063 1888 4114; x_wconf 91' lang='lat' dir='ltr'><strong>h</strong></span> 
     </span>
     <span class='ocr_line' id='line_1_41' title="bbox 604 4132 1887 4196; baseline 0 -10"><span class='ocrx_word' id='word_1_282' title='bbox 604 4134 934 4187; x_wconf 85' lang='lat' dir='ltr'>Geschicbte</span> <span class='ocrx_word' id='word_1_283' title='bbox 980 4134 1079 4186; x_wconf 88' lang='lat' dir='ltr'>der</span> <span class='ocrx_word' id='word_1_284' title='bbox 1117 4133 1349 4187; x_wconf 89' lang='lat' dir='ltr'>Wiener</span> <span class='ocrx_word' id='word_1_285' title='bbox 1394 4132 1748 4186; x_wconf 67' lang='lat' dir='ltr'>Universitat</span> <span class='ocrx_word' id='word_1_286' title='bbox 1795 4133 1887 4196; x_wconf 78' lang='grc' dir='ltr'>ΙΙΙ,</span> 
     </span>
     <span class='ocr_line' id='line_1_42' title="bbox 608 4204 1887 4261; baseline 0 -1"><span class='ocrx_word' id='word_1_287' title='bbox 608 4210 705 4260; x_wconf 79' lang='grc'><strong>197</strong></span> <span class='ocrx_word' id='word_1_288' title='bbox 749 4221 850 4261; x_wconf 55' lang='grc' dir='ltr'>εις</span> <span class='ocrx_word' id='word_1_289' title='bbox 903 4206 947 4258; x_wconf 94' lang='lat' dir='ltr'>D</span> <span class='ocrx_word' id='word_1_290' title='bbox 968 4222 1002 4256; x_wconf 86' lang='lat' dir='ltr'>u</span> <span class='ocrx_word' id='word_1_291' title='bbox 1021 4205 1057 4256; x_wconf 90' lang='lat' dir='ltr'>h</span> <span class='ocrx_word' id='word_1_292' title='bbox 1075 4223 1102 4258; x_wconf 89' lang='lat' dir='ltr'>r</span> <span class='ocrx_word' id='word_1_293' title='bbox 1147 4204 1413 4259; x_wconf 85' lang='lat' dir='ltr'>Zeitscbr.</span> <span class='ocrx_word' id='word_1_294' title='bbox 1458 4204 1548 4257; x_wconf 71' lang='lat' dir='ltr'>fiir</span> <span class='ocrx_word' id='word_1_295' title='bbox 1592 4204 1648 4258; x_wconf 81' lang='lat' dir='ltr'>k.</span> <span class='ocrx_word' id='word_1_296' title='bbox 1689 4204 1887 4261; x_wconf 87' lang='lat' dir='ltr'>Theol.</span> 
     </span>
     <span class='ocr_line' id='line_1_43' title="bbox 605 4276 1888 4344; baseline -0.001 -14"><span class='ocrx_word' id='word_1_297' title='bbox 605 4279 741 4331; x_wconf 85' lang='grc'><strong>1897</strong></span> <span class='ocrx_word' id='word_1_298' title='bbox 785 4293 839 4343; x_wconf 88' lang='lat' dir='ltr'>p.</span> <span class='ocrx_word' id='word_1_299' title='bbox 869 4281 973 4332; x_wconf 80' lang='grc'>599</span> <span class='ocrx_word' id='word_1_300' title='bbox 1001 4293 1086 4340; x_wconf 73' lang='lat' dir='ltr'>ss,</span> <span class='ocrx_word' id='word_1_301' title='bbox 1130 4277 1228 4330; x_wconf 90' lang='lat' dir='ltr'>ubi</span> <span class='ocrx_word' id='word_1_302' title='bbox 1270 4277 1436 4330; x_wconf 87' lang='lat' dir='ltr'>etiam</span> <span class='ocrx_word' id='word_1_303' title='bbox 1485 4276 1767 4344; x_wconf 82' lang='lat' dir='ltr'>quaedam</span> <span class='ocrx_word' id='word_1_304' title='bbox 1808 4293 1888 4329; x_wconf 89' lang='lat' dir='ltr'>re-</span> 
     </span>
     <span class='ocr_line' id='line_1_44' title="bbox 605 4347 1888 4417; baseline 0.002 -19"><span class='ocrx_word' id='word_1_305' title='bbox 605 4347 786 4414; x_wconf 83' lang='lat' dir='ltr'>peries</span> <span class='ocrx_word' id='word_1_306' title='bbox 826 4347 894 4400; x_wconf 91' lang='lat' dir='ltr'>de</span> <span class='ocrx_word' id='word_1_307' title='bbox 933 4347 1180 4401; x_wconf 78' lang='lat' dir='ltr'>Roberto</span> <span class='ocrx_word' id='word_1_308' title='bbox 1219 4347 1491 4401; x_wconf 87' lang='lat' dir='ltr'>Wauch</span> <span class='ocrx_word' id='word_1_309' title='bbox 1510 4364 1542 4401; x_wconf 93' lang='lat' dir='ltr'>o</span> <span class='ocrx_word' id='word_1_310' title='bbox 1560 4366 1616 4417; x_wconf 90' lang='lat' dir='ltr'>p,</span> <span class='ocrx_word' id='word_1_311' title='bbox 1656 4348 1888 4402; x_wconf 83' lang='lat' dir='ltr'>natione</span> 
     </span>
     <span class='ocr_line' id='line_1_45' title="bbox 605 4418 1887 4486; baseline 0.002 -16"><span class='ocrx_word' id='word_1_312' title='bbox 605 4421 788 4481; x_wconf 71' lang='lat' dir='ltr'>scoto,</span> <span class='ocrx_word' id='word_1_313' title='bbox 808 4418 908 4486; x_wconf 89' lang='lat' dir='ltr'>qui</span> <span class='ocrx_word' id='word_1_314' title='bbox 927 4418 1160 4473; x_wconf 78' lang='lat' dir='ltr'>Parisiis</span> <span class='ocrx_word' id='word_1_315' title='bbox 1177 4419 1381 4473; x_wconf 85' lang='lat' dir='ltr'>studiis</span> <span class='ocrx_word' id='word_1_316' title='bbox 1402 4421 1702 4473; x_wconf 81' lang='lat' dir='ltr'>vacaverat</span> <span class='ocrx_word' id='word_1_317' title='bbox 1715 4422 1773 4473; x_wconf 90' lang='lat' dir='ltr'>et</span> <span class='ocrx_word' id='word_1_318' title='bbox 1788 4419 1887 4472; x_wconf 90' lang='lat' dir='ltr'>diu</span> 
     </span>
     <span class='ocr_line' id='line_1_46' title="bbox 607 4489 1887 4561; baseline 0.002 -19"><span class='ocrx_word' id='word_1_319' title='bbox 607 4489 815 4542; x_wconf 83' lang='lat' dir='ltr'>Romae</span> <span class='ocrx_word' id='word_1_320' title='bbox 844 4491 1095 4561; x_wconf 78' lang='lat' dir='ltr'>degerat.</span> <span class='ocrx_word' id='word_1_321' title='bbox 1148 4490 1314 4544; x_wconf 86' lang='lat' dir='ltr'>Hunc</span> <span class='ocrx_word' id='word_1_322' title='bbox 1340 4493 1577 4561; x_wconf 86' lang='lat' dir='ltr'>propter</span> <span class='ocrx_word' id='word_1_323' title='bbox 1603 4491 1887 4560; x_wconf 82' lang='lat' dir='ltr'>insignem</span> 
     </span>
     <span class='ocr_line' id='line_1_47' title="bbox 599 4561 1889 4616; baseline 0.001 -2"><span class='ocrx_word' id='word_1_324' title='bbox 599 4562 924 4616; x_wconf 80' lang='lat' dir='ltr'>doctrinam</span> <span class='ocrx_word' id='word_1_325' title='bbox 966 4567 1023 4615; x_wconf 89' lang='lat' dir='ltr'>et</span> <span class='ocrx_word' id='word_1_326' title='bbox 1066 4563 1198 4616; x_wconf 89' lang='lat' dir='ltr'>fidei</span> <span class='ocrx_word' id='word_1_327' title='bbox 1225 4564 1410 4616; x_wconf 86' lang='lat' dir='ltr'>zelum</span> <span class='ocrx_word' id='word_1_328' title='bbox 1438 4561 1652 4616; x_wconf 87' lang='lat' dir='ltr'>Paulus</span> <span class='ocrx_word' id='word_1_329' title='bbox 1681 4563 1778 4615; x_wconf 88' lang='lat' dir='ltr'>Ill.</span> <span class='ocrx_word' id='word_1_330' title='bbox 1806 4579 1889 4615; x_wconf 85' lang='lat' dir='ltr'>ar·</span> 
     </span>
     <span class='ocr_line' id='line_1_48' title="bbox 603 4632 1886 4706; baseline 0.002 -21"><span class='ocrx_word' id='word_1_331' title='bbox 603 4632 1029 4703; x_wconf 83' lang='lat' dir='ltr'>chiepiscopum</span> <span class='ocrx_word' id='word_1_332' title='bbox 1082 4651 1448 4688; x_wconf 85' lang='lat' dir='ltr'>armacanum</span> <span class='ocrx_word' id='word_1_333' title='bbox 1500 4634 1649 4687; x_wconf 81' lang='lat' dir='ltr'>dixit</span> <span class='ocrx_word' id='word_1_334' title='bbox 1692 4639 1886 4706; x_wconf 84' lang='lat' dir='ltr'>(quam</span> 
     </span>
     <span class='ocr_line' id='line_1_49' title="bbox 603 4705 1888 4775; baseline 0.001 -18"><span class='ocrx_word' id='word_1_335' title='bbox 603 4707 791 4759; x_wconf 85' lang='lat' dir='ltr'>sedem</span> <span class='ocrx_word' id='word_1_336' title='bbox 819 4722 1119 4773; x_wconf 87' lang='lat' dir='ltr'>nunquam</span> <span class='ocrx_word' id='word_1_337' title='bbox 1146 4706 1303 4759; x_wconf 84' lang='lat' dir='ltr'>adire</span> <span class='ocrx_word' id='word_1_338' title='bbox 1331 4705 1543 4775; x_wconf 68' lang='lat' dir='ltr'>potuitl</span> <span class='ocrx_word' id='word_1_339' title='bbox 1571 4707 1630 4759; x_wconf 87' lang='lat' dir='ltr'>et</span> <span class='ocrx_word' id='word_1_340' title='bbox 1655 4722 1785 4759; x_wconf 88' lang='lat' dir='ltr'>cum</span> <span class='ocrx_word' id='word_1_341' title='bbox 1813 4705 1888 4758; x_wconf 91' lang='lat' dir='ltr'>le-</span> 
     </span>
     <span class='ocr_line' id='line_1_50' title="bbox 600 4776 1888 4845; baseline 0.001 -16"><span class='ocrx_word' id='word_1_342' title='bbox 600 4779 750 4845; x_wconf 86' lang='lat' dir='ltr'>gatis</span> <span class='ocrx_word' id='word_1_343' title='bbox 792 4777 852 4830; x_wconf 90' lang='lat' dir='ltr'>in</span> <span class='ocrx_word' id='word_1_344' title='bbox 903 4778 1265 4830; x_wconf 85' lang='lat' dir='ltr'>Germaniam</span> <span class='ocrx_word' id='word_1_345' title='bbox 1305 4777 1478 4830; x_wconf 75' lang='lat' dir='ltr'>misit.</span> <span class='ocrx_word' id='word_1_346' title='bbox 1533 4777 1596 4829; x_wconf 91' lang='lat' dir='ltr'>In</span> <span class='ocrx_word' id='word_1_347' title='bbox 1642 4776 1888 4831; x_wconf 90' lang='lat' dir='ltr'>concilio</span> 
     </span>
     <span class='ocr_line' id='line_1_51' title="bbox 601 4847 1888 4916; baseline 0.001 -15"><span class='ocrx_word' id='word_1_348' title='bbox 601 4848 915 4902; x_wconf 78' lang='lat' dir='ltr'>tridentino</span> <span class='ocrx_word' id='word_1_349' title='bbox 955 4864 1166 4916; x_wconf 84' lang='lat' dir='ltr'>magna</span> <span class='ocrx_word' id='word_1_350' title='bbox 1209 4849 1506 4902; x_wconf 79' lang='lat' dir='ltr'>fruebatur</span> <span class='ocrx_word' id='word_1_351' title='bbox 1545 4847 1888 4902; x_wconf 86' lang='lat' dir='ltr'>auctoritate</span> 
     </span>
     <span class='ocr_line' id='line_1_52' title="bbox 601 4918 1889 4988; baseline 0 -16"><span class='ocrx_word' id='word_1_352' title='bbox 601 4929 648 4980; x_wconf 51' lang='grc' dir='ltr'>(ἢ</span> <span class='ocrx_word' id='word_1_353' title='bbox 676 4923 760 4973; x_wconf 85' lang='grc'><strong>10.</strong></span> <span class='ocrx_word' id='word_1_354' title='bbox 790 4919 935 4971; x_wconf 80' lang='lat' dir='ltr'>Nov.</span> <span class='ocrx_word' id='word_1_355' title='bbox 964 4923 1142 4982; x_wconf 90' lang='grc'><strong>1551).</strong></span> <span class='ocrx_word' id='word_1_356' title='bbox 1194 4918 1276 4972; x_wconf 88' lang='lat' dir='ltr'>Cf.</span> <span class='ocrx_word' id='word_1_357' title='bbox 1315 4919 1484 4988; x_wconf 85' lang='lat' dir='ltr'>plura</span> <span class='ocrx_word' id='word_1_358' title='bbox 1530 4919 1598 4971; x_wconf 91' lang='lat' dir='ltr'>de</span> <span class='ocrx_word' id='word_1_359' title='bbox 1627 4919 1736 4973; x_wconf 86' lang='lat' dir='ltr'>hoc</span> <span class='ocrx_word' id='word_1_360' title='bbox 1763 4919 1889 4973; x_wconf 89' lang='lat' dir='ltr'>doc·</span> 
     </span>
    </p>
   </div>
   <div class='ocr_carea' id='block_1_7' title="bbox 1935 1251 3245 4360">
    <p class='ocr_par' dir='ltr' id='par_1_7' title="bbox 1935 1251 3245 4360">
     <span class='ocr_line' id='line_1_53' title="bbox 1946 1251 3237 1321; baseline 0 -11"><span class='ocrx_word' id='word_1_361' title='bbox 1946 1252 2102 1312; x_wconf 86' lang='lat' dir='ltr'>drae.</span> <span class='ocrx_word' id='word_1_362' title='bbox 2135 1285 2223 1294; x_wconf 90' lang='lat'>—</span> <span class='ocrx_word' id='word_1_363' title='bbox 2254 1251 2963 1321; x_wconf 85' lang='lat' dir='ltr'>JoannesQuintinus</span> <span class='ocrx_word' id='word_1_364' title='bbox 2996 1251 3237 1310; x_wconf 76' lang='lat' dir='ltr'>heduus</span> 
     </span>
     <span class='ocr_line' id='line_1_54' title="bbox 1946 1340 3236 1417; baseline -0.001 -18"><span class='ocrx_word' id='word_1_365' title='bbox 1946 1343 2070 1400; x_wconf 82' lang='lat' dir='ltr'>sive</span> <span class='ocrx_word' id='word_1_366' title='bbox 2103 1340 2644 1417; x_wconf 85' lang='lat' dir='ltr'>augustodunensis</span> <span class='ocrx_word' id='word_1_367' title='bbox 2694 1340 3006 1417; x_wconf 81' lang='lat' dir='ltr'>presbyter</span> <span class='ocrx_word' id='word_1_368' title='bbox 3052 1358 3236 1416; x_wconf 87' lang='lat' dir='ltr'>regu·</span> 
     </span>
     <span class='ocr_line' id='line_1_55' title="bbox 1945 1428 3237 1506; baseline -0.001 -17"><span class='ocrx_word' id='word_1_369' title='bbox 1945 1432 2083 1489; x_wconf 89' lang='lat' dir='ltr'>laris</span> <span class='ocrx_word' id='word_1_370' title='bbox 2117 1431 2674 1506; x_wconf 71' lang='lat' dir='ltr'>hierosolymitanae</span> <span class='ocrx_word' id='word_1_371' title='bbox 2716 1430 2978 1497; x_wconf 77' lang='lat' dir='ltr'>militiae,</span> <span class='ocrx_word' id='word_1_372' title='bbox 3028 1428 3237 1488; x_wconf 81' lang='lat' dir='ltr'>Melita</span> 
     </span>
     <span class='ocr_line' id='line_1_56' title="bbox 1945 1518 3237 1598; baseline -0.002 -20"><span class='ocrx_word' id='word_1_373' title='bbox 1945 1521 2148 1589; x_wconf 84' lang='lat' dir='ltr'>redux,</span> <span class='ocrx_word' id='word_1_374' title='bbox 2183 1520 2287 1578; x_wconf 89' lang='lat' dir='ltr'>ubi</span> <span class='ocrx_word' id='word_1_375' title='bbox 2322 1522 2389 1578; x_wconf 89' lang='lat' dir='ltr'>in</span> <span class='ocrx_word' id='word_1_376' title='bbox 2419 1519 2618 1598; x_wconf 87' lang='lat' dir='ltr'>magni</span> <span class='ocrx_word' id='word_1_377' title='bbox 2652 1519 2920 1594; x_wconf 85' lang='lat' dir='ltr'>equitum</span> <span class='ocrx_word' id='word_1_378' title='bbox 2953 1518 3237 1595; x_wconf 65' lang='lat' dir='ltr'>magistri</span> 
     </span>
     <span class='ocr_line' id='line_1_57' title="bbox 1947 1607 3234 1683; baseline -0.002 -16"><span class='ocrx_word' id='word_1_379' title='bbox 1947 1609 2253 1668; x_wconf 90' lang='lat' dir='ltr'>Lilladami</span> <span class='ocrx_word' id='word_1_380' title='bbox 2283 1609 2487 1667; x_wconf 85' lang='lat' dir='ltr'>Rhodo</span> <span class='ocrx_word' id='word_1_381' title='bbox 2535 1608 2691 1683; x_wconf 71' lang='lat' dir='ltr'>pulsi</span> <span class='ocrx_word' id='word_1_382' title='bbox 2721 1607 2947 1667; x_wconf 82' lang='lat' dir='ltr'>familia</span> <span class='ocrx_word' id='word_1_383' title='bbox 2990 1607 3042 1665; x_wconf 91' lang='lat' dir='ltr'>ei</span> <span class='ocrx_word' id='word_1_384' title='bbox 3074 1610 3234 1666; x_wconf 87' lang='lat' dir='ltr'>cete-</span> 
     </span>
     <span class='ocr_line' id='line_1_58' title="bbox 1945 1693 3245 1777; baseline 0 -20"><span class='ocrx_word' id='word_1_385' title='bbox 1945 1698 2144 1775; x_wconf 85' lang='lat' dir='ltr'>risque</span> <span class='ocrx_word' id='word_1_386' title='bbox 2207 1699 2430 1757; x_wconf 87' lang='lat' dir='ltr'>ordinis</span> <span class='ocrx_word' id='word_1_387' title='bbox 2480 1696 2825 1773; x_wconf 88' lang='lat' dir='ltr'>proceribus</span> <span class='ocrx_word' id='word_1_388' title='bbox 2887 1714 3057 1755; x_wconf 87' lang='lat' dir='ltr'>carus</span> <span class='ocrx_word' id='word_1_389' title='bbox 3122 1693 3245 1777; x_wconf 19' lang='lat' dir='ltr'>ali--</span> 
     </span>
     <span class='ocr_line' id='line_1_59' title="bbox 1946 1785 3234 1864; baseline -0.001 -18"><span class='ocrx_word' id='word_1_390' title='bbox 1946 1788 2231 1863; x_wconf 89' lang='lat' dir='ltr'>quamdiu</span> <span class='ocrx_word' id='word_1_391' title='bbox 2281 1790 2497 1864; x_wconf 80' lang='lat' dir='ltr'>egerat,</span> <span class='ocrx_word' id='word_1_392' title='bbox 2549 1806 2597 1845; x_wconf 88' lang='lat' dir='ltr'>a.</span> <span class='ocrx_word' id='word_1_393' title='bbox 2656 1795 2821 1849; x_wconf 84' lang='lat'>1536</span> <span class='ocrx_word' id='word_1_394' title='bbox 2887 1785 3234 1845; x_wconf 86' lang='lat' dir='ltr'>ordinarius</span> 
     </span>
     <span class='ocr_line' id='line_1_60' title="bbox 1935 1874 3237 1952; baseline -0.001 -18"><span class='ocrx_word' id='word_1_395' title='bbox 1935 1877 2093 1951; x_wconf 84' lang='lat' dir='ltr'>juris</span> <span class='ocrx_word' id='word_1_396' title='bbox 2144 1877 2207 1935; x_wconf 88' lang='lat' dir='ltr'>in</span> <span class='ocrx_word' id='word_1_397' title='bbox 2255 1877 2545 1935; x_wconf 86' lang='lat' dir='ltr'>academia</span> <span class='ocrx_word' id='word_1_398' title='bbox 2593 1875 2907 1952; x_wconf 89' lang='lat' dir='ltr'>parisiensi</span> <span class='ocrx_word' id='word_1_399' title='bbox 2937 1874 3237 1951; x_wconf 73' lang='lat' dir='ltr'>professor</span> 
     </span>
     <span class='ocr_line' id='line_1_61' title="bbox 1946 1961 3234 2048; baseline -0.001 -25"><span class='ocrx_word' id='word_1_400' title='bbox 1946 1966 2131 2024; x_wconf 88' lang='lat' dir='ltr'>lectus</span> <span class='ocrx_word' id='word_1_401' title='bbox 2164 1972 2252 2024; x_wconf 84' lang='lat' dir='ltr'>est</span> <span class='ocrx_word' id='word_1_402' title='bbox 2287 1964 2349 2048; x_wconf 92' lang='lat'>(†</span> <span class='ocrx_word' id='word_1_403' title='bbox 2385 1977 2438 2028; x_wconf 86' lang='grc'>9.</span> <span class='ocrx_word' id='word_1_404' title='bbox 2470 1967 2609 2042; x_wconf 85' lang='lat' dir='ltr'>Apr.</span> <span class='ocrx_word' id='word_1_405' title='bbox 2643 1961 2850 2045; x_wconf 83' lang='lat'>1561).</span> <span class='ocrx_word' id='word_1_406' title='bbox 2884 1965 3062 2022; x_wconf 90' lang='lat' dir='ltr'>Plura</span> <span class='ocrx_word' id='word_1_407' title='bbox 3091 1963 3234 2022; x_wconf 87' lang='lat' dir='ltr'>reli-</span> 
     </span>
     <span class='ocr_line' id='line_1_62' title="bbox 1944 2050 3233 2135; baseline -0.001 -22"><span class='ocrx_word' id='word_1_408' title='bbox 1944 2056 2075 2130; x_wconf 88' lang='lat' dir='ltr'>quit</span> <span class='ocrx_word' id='word_1_409' title='bbox 2107 2074 2282 2130; x_wconf 89' lang='lat' dir='ltr'>opera</span> <span class='ocrx_word' id='word_1_410' title='bbox 2299 2050 2360 2135; x_wconf 83' lang='lat'>¹).</span> <span class='ocrx_word' id='word_1_411' title='bbox 2393 2055 2549 2113; x_wconf 84' lang='lat' dir='ltr'>inter</span> <span class='ocrx_word' id='word_1_412' title='bbox 2580 2073 2762 2130; x_wconf 84' lang='lat' dir='ltr'>quae:</span> <span class='ocrx_word' id='word_1_413' title='bbox 2797 2053 3102 2129; x_wconf 80' lang='lat' dir='ltr'>Speculum</span> <span class='ocrx_word' id='word_1_414' title='bbox 3132 2073 3233 2112; x_wconf 79' lang='lat' dir='ltr'>sa-</span> 
     </span>
     <span class='ocr_line' id='line_1_63' title="bbox 1944 2142 3235 2219; baseline 0 -18"><span class='ocrx_word' id='word_1_415' title='bbox 1944 2146 2177 2203; x_wconf 77' lang='lat' dir='ltr'>cerdotii</span> <span class='ocrx_word' id='word_1_416' title='bbox 2221 2163 2326 2202; x_wconf 89' lang='lat' dir='ltr'>seu</span> <span class='ocrx_word' id='word_1_417' title='bbox 2358 2143 2609 2219; x_wconf 86' lang='lat' dir='ltr'>apostoli</span> <span class='ocrx_word' id='word_1_418' title='bbox 2653 2142 3042 2202; x_wconf 85' lang='lat' dir='ltr'>describentis</span> <span class='ocrx_word' id='word_1_419' title='bbox 3075 2142 3235 2218; x_wconf 85' lang='lat' dir='ltr'>epis-</span> 
     </span>
     <span class='ocr_line' id='line_1_64' title="bbox 1945 2231 3234 2309; baseline -0.001 -18"><span class='ocrx_word' id='word_1_420' title='bbox 1945 2252 2241 2309; x_wconf 88' lang='lat' dir='ltr'>coporum,</span> <span class='ocrx_word' id='word_1_421' title='bbox 2264 2232 2748 2309; x_wconf 81' lang='lat' dir='ltr'>presbyterorum</span> <span class='ocrx_word' id='word_1_422' title='bbox 2766 2238 2821 2291; x_wconf 82' lang='lat' dir='ltr'>et</span> <span class='ocrx_word' id='word_1_423' title='bbox 2845 2231 3234 2291; x_wconf 85' lang='lat' dir='ltr'>diaconorum</span> 
     </span>
     <span class='ocr_line' id='line_1_65' title="bbox 1947 2321 3230 2401; baseline -0.001 -22"><span class='ocrx_word' id='word_1_424' title='bbox 1947 2341 2155 2383; x_wconf 86' lang='lat' dir='ltr'>mores.</span> <span class='ocrx_word' id='word_1_425' title='bbox 2200 2324 2538 2397; x_wconf 85' lang='lat' dir='ltr'>excerptum</span> <span class='ocrx_word' id='word_1_426' title='bbox 2571 2340 2640 2379; x_wconf 89' lang='lat' dir='ltr'>ex</span> <span class='ocrx_word' id='word_1_427' title='bbox 2673 2321 2940 2401; x_wconf 85' lang='lat' dir='ltr'>Gratiani</span> <span class='ocrx_word' id='word_1_428' title='bbox 2973 2322 3139 2380; x_wconf 90' lang='lat' dir='ltr'>Decr.</span> <span class='ocrx_word' id='word_1_429' title='bbox 3172 2340 3230 2397; x_wconf 94' lang='lat' dir='ltr'>p.</span> 
     </span>
     <span class='ocr_line' id='line_1_66' title="bbox 1955 2410 3231 2481; baseline 0.003 -14"><span class='ocrx_word' id='word_1_430' title='bbox 1955 2423 2004 2473; x_wconf 88' lang='lat'>1.</span> <span class='ocrx_word' id='word_1_431' title='bbox 2039 2411 2173 2469; x_wconf 83' lang='lat' dir='ltr'>dist.</span> <span class='ocrx_word' id='word_1_432' title='bbox 2213 2420 2489 2479; x_wconf 83' lang='lat'>25—50‚</span> <span class='ocrx_word' id='word_1_433' title='bbox 2538 2411 2779 2469; x_wconf 90' lang='lat' dir='ltr'>Parisiis</span> <span class='ocrx_word' id='word_1_434' title='bbox 2833 2420 2998 2474; x_wconf 88' lang='grc'><strong>1559</strong></span> <span class='ocrx_word' id='word_1_435' title='bbox 3045 2410 3109 2469; x_wconf 89' lang='lat' dir='ltr'>in</span> <span class='ocrx_word' id='word_1_436' title='bbox 3160 2420 3231 2481; x_wconf 73' lang='lat'>43</span> 
     </span>
     <span class='ocr_line' id='line_1_67' title="bbox 1950 2499 3229 2578; baseline -0.001 -21"><span class='ocrx_word' id='word_1_437' title='bbox 1950 2501 2212 2575; x_wconf 80' lang='lat' dir='ltr'>Synodus</span> <span class='ocrx_word' id='word_1_438' title='bbox 2256 2502 2617 2578; x_wconf 75' lang='lat' dir='ltr'>yanyrensis,</span> <span class='ocrx_word' id='word_1_439' title='bbox 2680 2500 2861 2557; x_wconf 87' lang='lat' dir='ltr'>seculi</span> <span class='ocrx_word' id='word_1_440' title='bbox 2893 2499 3229 2575; x_wconf 85' lang='lat' dir='ltr'>praesentis</span> 
     </span>
     <span class='ocr_line' id='line_1_68' title="bbox 1948 2589 3230 2665; baseline -0.001 -19"><span class='ocrx_word' id='word_1_441' title='bbox 1948 2607 2172 2648; x_wconf 83' lang='lat' dir='ltr'>errores</span> <span class='ocrx_word' id='word_1_442' title='bbox 2235 2590 2571 2664; x_wconf 83' lang='lat' dir='ltr'>multasque</span> <span class='ocrx_word' id='word_1_443' title='bbox 2631 2589 2959 2647; x_wconf 87' lang='lat' dir='ltr'>multorum</span> <span class='ocrx_word' id='word_1_444' title='bbox 3021 2606 3230 2665; x_wconf 86' lang='lat' dir='ltr'>super·</span> 
     </span>
     <span class='ocr_line' id='line_1_69' title="bbox 1950 2677 3229 2755; baseline -0.001 -18"><span class='ocrx_word' id='word_1_445' title='bbox 1950 2679 2224 2738; x_wconf 89' lang='lat' dir='ltr'>stitiones</span> <span class='ocrx_word' id='word_1_446' title='bbox 2257 2684 2316 2738; x_wconf 88' lang='lat' dir='ltr'>et</span> <span class='ocrx_word' id='word_1_447' title='bbox 2346 2679 2683 2755; x_wconf 81' lang='lat' dir='ltr'>impietates</span> <span class='ocrx_word' id='word_1_448' title='bbox 2703 2677 3116 2748; x_wconf 73' lang='lat' dir='ltr'>condemnanS,</span> <span class='ocrx_word' id='word_1_449' title='bbox 3149 2677 3229 2736; x_wconf 90' lang='lat' dir='ltr'>ib.</span> 
     </span>
     <span class='ocr_line' id='line_1_70' title="bbox 1955 2768 3230 2832; baseline -0.004 -2"><span class='ocrx_word' id='word_1_450' title='bbox 1955 2779 2120 2832; x_wconf 82' lang='lat'>1560</span> <span class='ocrx_word' id='word_1_451' title='bbox 2170 2772 2232 2827; x_wconf 91' lang='lat' dir='ltr'>in</span> <span class='ocrx_word' id='word_1_452' title='bbox 2268 2779 2322 2831; x_wconf 84' lang='lat'>4.</span> <span class='ocrx_word' id='word_1_453' title='bbox 2356 2787 2489 2826; x_wconf 88' lang='lat' dir='ltr'>cum</span> <span class='ocrx_word' id='word_1_454' title='bbox 2522 2768 2938 2827; x_wconf 86' lang='lat' dir='ltr'>commentario</span> <span class='ocrx_word' id='word_1_455' title='bbox 2983 2787 3051 2826; x_wconf 82' lang='lat' dir='ltr'>ex</span> <span class='ocrx_word' id='word_1_456' title='bbox 3084 2768 3230 2825; x_wconf 82' lang='lat' dir='ltr'>Gra-</span> 
     </span>
     <span class='ocr_line' id='line_1_71' title="bbox 1948 2857 3231 2930; baseline -0.002 -14"><span class='ocrx_word' id='word_1_457' title='bbox 1948 2858 2100 2916; x_wconf 84' lang='lat' dir='ltr'>tiani</span> <span class='ocrx_word' id='word_1_458' title='bbox 2119 2857 2254 2919; x_wconf 80' lang='lat' dir='ltr'>dist.</span> <span class='ocrx_word' id='word_1_459' title='bbox 2280 2867 2358 2918; x_wconf 84' lang='lat'>30</span> <span class='ocrx_word' id='word_1_460' title='bbox 2379 2879 2392 2924; x_wconf 84' lang='grc'><strong>;</strong></span> <span class='ocrx_word' id='word_1_461' title='bbox 2426 2873 2670 2915; x_wconf 80' lang='lat' dir='ltr'>canones</span> <span class='ocrx_word' id='word_1_462' title='bbox 2688 2858 3074 2930; x_wconf 73' lang='lat' dir='ltr'>apostolorum</span> <span class='ocrx_word' id='word_1_463' title='bbox 3093 2875 3231 2914; x_wconf 83' lang='lat' dir='ltr'>cum</span> 
     </span>
     <span class='ocr_line' id='line_1_72' title="bbox 1951 2945 3229 3016; baseline -0.002 -12"><span class='ocrx_word' id='word_1_464' title='bbox 1951 2947 2183 3006; x_wconf 88' lang='lat' dir='ltr'>scholiis</span> <span class='ocrx_word' id='word_1_465' title='bbox 2230 2947 2321 3008; x_wconf 84' lang='lat' dir='ltr'>J0.</span> <span class='ocrx_word' id='word_1_466' title='bbox 2369 2946 2623 3005; x_wconf 77' lang='lat' dir='ltr'>Zonaras</span> <span class='ocrx_word' id='word_1_467' title='bbox 2674 2946 2855 3004; x_wconf 84' lang='lat' dir='ltr'>latine</span> <span class='ocrx_word' id='word_1_468' title='bbox 2898 2947 3098 3016; x_wconf 80' lang='lat' dir='ltr'>vertit,</span> <span class='ocrx_word' id='word_1_469' title='bbox 3151 2945 3229 3003; x_wconf 85' lang='lat' dir='ltr'>ib.</span> 
     </span>
     <span class='ocr_line' id='line_1_73' title="bbox 1957 3036 3233 3112; baseline -0.004 -14"><span class='ocrx_word' id='word_1_470' title='bbox 1957 3045 2121 3098; x_wconf 74' lang='lat'>1558</span> <span class='ocrx_word' id='word_1_471' title='bbox 2169 3037 2231 3095; x_wconf 92' lang='lat' dir='ltr'>in</span> <span class='ocrx_word' id='word_1_472' title='bbox 2280 3046 2348 3105; x_wconf 78' lang='lat'>43</span> <span class='ocrx_word' id='word_1_473' title='bbox 2390 3036 2807 3109; x_wconf 69' lang='lat' dir='ltr'>baereticorum</span> <span class='ocrx_word' id='word_1_474' title='bbox 2848 3036 3138 3112; x_wconf 70' lang='lat' dir='ltr'>cataloyus</span> <span class='ocrx_word' id='word_1_475' title='bbox 3183 3042 3233 3093; x_wconf 78' lang='lat' dir='ltr'>ct</span> 
     </span>
     <span class='ocr_line' id='line_1_74' title="bbox 1947 3124 3231 3199; baseline -0.002 -16"><span class='ocrx_word' id='word_1_476' title='bbox 1947 3125 2210 3199; x_wconf 76' lang='lat' dir='ltr'>historia,</span> <span class='ocrx_word' id='word_1_477' title='bbox 2254 3143 2322 3182; x_wconf 87' lang='lat' dir='ltr'>ex</span> <span class='ocrx_word' id='word_1_478' title='bbox 2368 3124 2664 3196; x_wconf 85' lang='lat' dir='ltr'>Gratiano,</span> <span class='ocrx_word' id='word_1_479' title='bbox 2710 3124 2789 3183; x_wconf 89' lang='lat' dir='ltr'>ib.</span> <span class='ocrx_word' id='word_1_480' title='bbox 2830 3133 3028 3192; x_wconf 86' lang='lat'>1560;</span> <span class='ocrx_word' id='word_1_481' title='bbox 3076 3125 3231 3181; x_wconf 74' lang='lat' dir='ltr'>clm·-</span> 
     </span>
     <span class='ocr_line' id='line_1_75' title="bbox 1947 3213 3235 3290; baseline 0.001 -19"><span class='ocrx_word' id='word_1_482' title='bbox 1947 3216 2170 3273; x_wconf 76' lang='lat' dir='ltr'>stianae</span> <span class='ocrx_word' id='word_1_483' title='bbox 2185 3216 2429 3273; x_wconf 67' lang='lat' dir='ltr'>civitatis</span> <span class='ocrx_word' id='word_1_484' title='bbox 2446 3215 2834 3284; x_wconf 77' lang='lat' dir='ltr'>aristocratia,</span> <span class='ocrx_word' id='word_1_485' title='bbox 2854 3213 3140 3290; x_wconf 89' lang='lat' dir='ltr'>pontificii</span> <span class='ocrx_word' id='word_1_486' title='bbox 3173 3217 3235 3272; x_wconf 88' lang='lat' dir='ltr'>et</span> 
     </span>
     <span class='ocr_line' id='line_1_76' title="bbox 1948 3303 3223 3379; baseline 0.004 -18"><span class='ocrx_word' id='word_1_487' title='bbox 1948 3304 2094 3379; x_wconf 88' lang='lat' dir='ltr'>regii</span> <span class='ocrx_word' id='word_1_488' title='bbox 2116 3304 2347 3379; x_wconf 90' lang='lat' dir='ltr'>imperii</span> <span class='ocrx_word' id='word_1_489' title='bbox 2367 3303 2685 3378; x_wconf 84' lang='lat' dir='ltr'>descriptio</span> <span class='ocrx_word' id='word_1_490' title='bbox 2704 3303 2921 3373; x_wconf 84' lang='lat' dir='ltr'>brevis,</span> <span class='ocrx_word' id='word_1_491' title='bbox 2955 3303 3031 3360; x_wconf 91' lang='lat' dir='ltr'>ib.</span> <span class='ocrx_word' id='word_1_492' title='bbox 3061 3311 3223 3365; x_wconf 85' lang='lat'>1531</span> 
     </span>
     <span class='ocr_line' id='line_1_77' title="bbox 1947 3391 3231 3467; baseline 0.002 -17"><span class='ocrx_word' id='word_1_493' title='bbox 1947 3393 2009 3452; x_wconf 88' lang='lat' dir='ltr'>in</span> <span class='ocrx_word' id='word_1_494' title='bbox 2048 3403 2116 3464; x_wconf 79' lang='lat'>43</span> <span class='ocrx_word' id='word_1_495' title='bbox 2165 3393 2319 3451; x_wconf 86' lang='lat' dir='ltr'>inter</span> <span class='ocrx_word' id='word_1_496' title='bbox 2363 3395 2531 3450; x_wconf 84' lang='lat' dir='ltr'>tract.</span> <span class='ocrx_word' id='word_1_497' title='bbox 2570 3393 2724 3467; x_wconf 88' lang='lat' dir='ltr'>juris</span> <span class='ocrx_word' id='word_1_498' title='bbox 2767 3391 2931 3450; x_wconf 84' lang='lat' dir='ltr'>univ.</span> <span class='ocrx_word' id='word_1_499' title='bbox 2975 3397 3019 3450; x_wconf 90' lang='lat' dir='ltr'>t.</span> <span class='ocrx_word' id='word_1_500' title='bbox 3065 3391 3231 3461; x_wconf 64' lang='lat' dir='ltr'>xvh</span> 
     </span>
     <span class='ocr_line' id='line_1_78' title="bbox 1947 3481 3234 3558; baseline 0 -19"><span class='ocrx_word' id='word_1_501' title='bbox 1947 3482 2218 3558; x_wconf 72' lang='lat' dir='ltr'>Exeqesis</span> <span class='ocrx_word' id='word_1_502' title='bbox 2251 3482 2477 3540; x_wconf 87' lang='lat' dir='ltr'>concilii</span> <span class='ocrx_word' id='word_1_503' title='bbox 2511 3481 2819 3557; x_wconf 85' lang='lat' dir='ltr'>cujusdam</span> <span class='ocrx_word' id='word_1_504' title='bbox 2843 3481 3134 3558; x_wconf 86' lang='lat' dir='ltr'>generalis</span> <span class='ocrx_word' id='word_1_505' title='bbox 3167 3481 3234 3539; x_wconf 91' lang='lat' dir='ltr'>in</span> 
     </span>
     <span class='ocr_line' id='line_1_79' title="bbox 1946 3561 3229 3629; baseline 0 -1"><span class='ocrx_word' id='word_1_506' title='bbox 1946 3590 2066 3629; x_wconf 89' lang='lat' dir='ltr'>uno</span> <span class='ocrx_word' id='word_1_507' title='bbox 2098 3570 2512 3629; x_wconf 86' lang='lat' dir='ltr'>beneficiorum</span> <span class='ocrx_word' id='word_1_508' title='bbox 2543 3570 2988 3628; x_wconf 77' lang='lat' dir='ltr'>multitudinem</span> <span class='ocrx_word' id='word_1_509' title='bbox 3023 3561 3229 3628; x_wconf 80' lang='lat' dir='ltr'>vetan-</span> 
     </span>
     <span class='ocr_line' id='line_1_80' title="bbox 1946 3659 3232 3730; baseline 0.001 -14"><span class='ocrx_word' id='word_1_510' title='bbox 1946 3660 2043 3730; x_wconf 73' lang='lat' dir='ltr'>tia,</span> <span class='ocrx_word' id='word_1_511' title='bbox 2100 3670 2264 3722; x_wconf 79' lang='lat'>1539</span> <span class='ocrx_word' id='word_1_512' title='bbox 2313 3659 2377 3717; x_wconf 88' lang='lat' dir='ltr'>in</span> <span class='ocrx_word' id='word_1_513' title='bbox 2426 3669 2500 3728; x_wconf 80' lang='lat'>4.‚</span> <span class='ocrx_word' id='word_1_514' title='bbox 2548 3660 2582 3716; x_wconf 91' lang='lat' dir='ltr'>l.</span> <span class='ocrx_word' id='word_1_515' title='bbox 2630 3678 2816 3718; x_wconf 84' lang='lat' dir='ltr'>rarus.</span> <span class='ocrx_word' id='word_1_516' title='bbox 2869 3694 2955 3703; x_wconf 92' lang='lat'>—</span> <span class='ocrx_word' id='word_1_517' title='bbox 3001 3659 3232 3718; x_wconf 77' lang='lat' dir='ltr'>Missio-</span> 
     </span>
     <span class='ocr_line' id='line_1_81' title="bbox 1945 3749 3230 3808; baseline -0.001 -1"><span class='ocrx_word' id='word_1_518' title='bbox 1945 3750 2129 3807; x_wconf 89' lang='lat' dir='ltr'>nariis</span> <span class='ocrx_word' id='word_1_519' title='bbox 2149 3749 2468 3807; x_wconf 83' lang='lat' dir='ltr'>utilissima</span> <span class='ocrx_word' id='word_1_520' title='bbox 2500 3749 2741 3807; x_wconf 89' lang='lat' dir='ltr'>consilia</span> <span class='ocrx_word' id='word_1_521' title='bbox 2772 3753 2833 3806; x_wconf 88' lang='lat' dir='ltr'>et</span> <span class='ocrx_word' id='word_1_522' title='bbox 2850 3749 3076 3808; x_wconf 82' lang='lat' dir='ltr'>monita</span> <span class='ocrx_word' id='word_1_523' title='bbox 3106 3759 3230 3806; x_wconf 79' lang='lat' dir='ltr'>tra-</span> 
     </span>
     <span class='ocr_line' id='line_1_82' title="bbox 1946 3837 3228 3906; baseline 0.001 -13"><span class='ocrx_word' id='word_1_524' title='bbox 1946 3838 2033 3895; x_wconf 86' lang='lat' dir='ltr'>dit</span> <span class='ocrx_word' id='word_1_525' title='bbox 2078 3857 2120 3896; x_wconf 87' lang='lat' dir='ltr'>s.</span> <span class='ocrx_word' id='word_1_526' title='bbox 2156 3837 2613 3897; x_wconf 83' lang='lat' dir='ltr'>Franciscus</span> <span class='ocrx_word' id='word_1_527' title='bbox 2646 3837 3029 3896; x_wconf 83' lang='lat' dir='ltr'>Xaverius</span> <span class='ocrx_word' id='word_1_528' title='bbox 3064 3839 3118 3895; x_wconf 88' lang='lat' dir='ltr'>S.</span> <span class='ocrx_word' id='word_1_529' title='bbox 3151 3837 3228 3906; x_wconf 67' lang='grc'>3.,</span> 
     </span>
     <span class='ocr_line' id='line_1_83' title="bbox 1945 3926 3232 4003; baseline 0.001 -19"><span class='ocrx_word' id='word_1_530' title='bbox 1945 3947 2101 3985; x_wconf 86' lang='lat' dir='ltr'>unus</span> <span class='ocrx_word' id='word_1_531' title='bbox 2134 3946 2201 3985; x_wconf 84' lang='lat' dir='ltr'>ex</span> <span class='ocrx_word' id='word_1_532' title='bbox 2231 3927 2442 4001; x_wconf 85' lang='lat' dir='ltr'>primis</span> <span class='ocrx_word' id='word_1_533' title='bbox 2475 3932 2535 3986; x_wconf 89' lang='lat' dir='ltr'>et</span> <span class='ocrx_word' id='word_1_534' title='bbox 2562 3927 2897 4003; x_wconf 87' lang='lat' dir='ltr'>praecipuis</span> <span class='ocrx_word' id='word_1_535' title='bbox 2930 3945 2974 3989; x_wconf 81' lang='lat' dir='ltr'>s,</span> <span class='ocrx_word' id='word_1_536' title='bbox 3007 3926 3232 4003; x_wconf 81' lang='lat' dir='ltr'>Ignatii</span> 
     </span>
     <span class='ocr_line' id='line_1_84' title="bbox 1946 4015 3229 4093; baseline 0 -19"><span class='ocrx_word' id='word_1_537' title='bbox 1946 4016 2263 4086; x_wconf 84' lang='lat' dir='ltr'>sodalibus,</span> <span class='ocrx_word' id='word_1_538' title='bbox 2310 4015 2616 4075; x_wconf 88' lang='lat' dir='ltr'>Indiarum</span> <span class='ocrx_word' id='word_1_539' title='bbox 2663 4026 2723 4074; x_wconf 85' lang='lat' dir='ltr'>et</span> <span class='ocrx_word' id='word_1_540' title='bbox 2767 4016 3054 4092; x_wconf 85' lang='lat' dir='ltr'>Japoniae</span> <span class='ocrx_word' id='word_1_541' title='bbox 3088 4034 3229 4093; x_wconf 85' lang='lat' dir='ltr'>apo-</span> 
     </span>
     <span class='ocr_line' id='line_1_85' title="bbox 1945 4101 3230 4186; baseline -0.002 -22"><span class='ocrx_word' id='word_1_542' title='bbox 1945 4106 2128 4164; x_wconf 85' lang='lat' dir='ltr'>stolus</span> <span class='ocrx_word' id='word_1_543' title='bbox 2182 4101 2243 4186; x_wconf 86' lang='lat'>(†</span> <span class='ocrx_word' id='word_1_544' title='bbox 2278 4115 2331 4167; x_wconf 87' lang='lat'>2.</span> <span class='ocrx_word' id='word_1_545' title='bbox 2367 4106 2496 4164; x_wconf 90' lang='lat' dir='ltr'>Dec.</span> <span class='ocrx_word' id='word_1_546' title='bbox 2535 4106 2709 4180; x_wconf 83' lang='lat' dir='ltr'>juxta</span> <span class='ocrx_word' id='word_1_547' title='bbox 2751 4106 2892 4164; x_wconf 84' lang='lat' dir='ltr'>alios</span> <span class='ocrx_word' id='word_1_548' title='bbox 2927 4114 3026 4167; x_wconf 77' lang='lat'>27.</span> <span class='ocrx_word' id='word_1_549' title='bbox 3062 4105 3230 4175; x_wconf 57' lang='lat' dir='ltr'>Nom,</span> 
     </span>
     <span class='ocr_line' id='line_1_86' title="bbox 1952 4193 3231 4274; baseline -0.004 -17"><span class='ocrx_word' id='word_1_550' title='bbox 1952 4206 2069 4257; x_wconf 78' lang='lat'>155</span> <span class='ocrx_word' id='word_1_551' title='bbox 2081 4193 2165 4274; x_wconf 85' lang='lat'>2),</span> <span class='ocrx_word' id='word_1_552' title='bbox 2195 4195 2260 4253; x_wconf 91' lang='lat' dir='ltr'>in</span> <span class='ocrx_word' id='word_1_553' title='bbox 2292 4195 2414 4253; x_wconf 89' lang='lat' dir='ltr'>suis</span> <span class='ocrx_word' id='word_1_554' title='bbox 2447 4195 2709 4270; x_wconf 87' lang='lat' dir='ltr'>epistolis</span> <span class='ocrx_word' id='word_1_555' title='bbox 2738 4195 3019 4253; x_wconf 90' lang='lat' dir='ltr'>unctione</span> <span class='ocrx_word' id='word_1_556' title='bbox 3037 4194 3231 4268; x_wconf 89' lang='lat' dir='ltr'>plenis</span> 
     </span>
     <span class='ocr_line' id='line_1_87' title="bbox 1945 4284 3230 4360; baseline 0 -18"><span class='ocrx_word' id='word_1_557' title='bbox 1945 4289 2005 4342; x_wconf 89' lang='lat' dir='ltr'>et</span> <span class='ocrx_word' id='word_1_558' title='bbox 2037 4284 2226 4344; x_wconf 87' lang='lat' dir='ltr'>zelum</span> <span class='ocrx_word' id='word_1_559' title='bbox 2260 4284 2647 4360; x_wconf 84' lang='lat' dir='ltr'>spirantibus,</span> <span class='ocrx_word' id='word_1_560' title='bbox 2701 4303 2847 4359; x_wconf 89' lang='lat' dir='ltr'>quas</span> <span class='ocrx_word' id='word_1_561' title='bbox 2880 4303 2947 4342; x_wconf 84' lang='lat' dir='ltr'>ex</span> <span class='ocrx_word' id='word_1_562' title='bbox 2980 4284 3230 4359; x_wconf 88' lang='lat' dir='ltr'>hispano</span> 
     </span>
    </p>
   </div>
   <div class='ocr_carea' id='block_1_8' title="bbox 1943 4428 2231 4434">
    <p class='ocr_par' dir='ltr' id='par_1_8' title="bbox 1943 4428 2231 4434">
     <span class='ocr_line' id='line_1_88' title="bbox 1943 4428 2231 4434; baseline 0 0"><span class='ocrx_word' id='word_1_563' title='bbox 1943 4428 2231 4434; x_wconf 95' lang='lat' dir='ltr'> </span> 
     </span>
    </p>
   </div>
   <div class='ocr_carea' id='block_1_9' title="bbox 1944 4487 3232 4989">
    <p class='ocr_par' dir='ltr' id='par_1_9' title="bbox 1944 4487 3232 4846">
     <span class='ocr_line' id='line_1_89' title="bbox 1945 4487 3230 4558; baseline -0.002 -12"><span class='ocrx_word' id='word_1_564' title='bbox 1945 4494 2062 4546; x_wconf 77' lang='lat' dir='ltr'>tore</span> <span class='ocrx_word' id='word_1_565' title='bbox 2093 4508 2275 4558; x_wconf 79' lang='lat' dir='ltr'>ccccc,</span> <span class='ocrx_word' id='word_1_566' title='bbox 2306 4493 2373 4545; x_wconf 85' lang='lat' dir='ltr'>ut</span> <span class='ocrx_word' id='word_1_567' title='bbox 2398 4493 2471 4546; x_wconf 92' lang='lat' dir='ltr'>ob</span> <span class='ocrx_word' id='word_1_568' title='bbox 2496 4490 2886 4545; x_wconf 82' lang='lat' dir='ltr'>infirmitatem</span> <span class='ocrx_word' id='word_1_569' title='bbox 2933 4487 3230 4546; x_wconf 85' lang='lat' dir='ltr'>oculorum</span> 
     </span>
     <span class='ocr_line' id='line_1_90' title="bbox 1944 4561 3229 4633; baseline -0.001 -17"><span class='ocrx_word' id='word_1_570' title='bbox 1944 4563 2163 4617; x_wconf 83' lang='lat' dir='ltr'>solebat</span> <span class='ocrx_word' id='word_1_571' title='bbox 2178 4563 2385 4627; x_wconf 82' lang='lat' dir='ltr'>vocari,</span> <span class='ocrx_word' id='word_1_572' title='bbox 2402 4562 2557 4633; x_wconf 85' lang='lat' dir='ltr'>apud</span> <span class='ocrx_word' id='word_1_573' title='bbox 2581 4561 2625 4615; x_wconf 91' lang='lat' dir='ltr'>B</span> <span class='ocrx_word' id='word_1_574' title='bbox 2639 4563 2858 4616; x_wconf 86' lang='lat' dir='ltr'>ellesh</span> <span class='ocrx_word' id='word_1_575' title='bbox 2872 4561 2929 4615; x_wconf 89' lang='lat' dir='ltr'>ei</span> <span class='ocrx_word' id='word_1_576' title='bbox 2945 4579 2999 4615; x_wconf 89' lang='lat' dir='ltr'>m</span> <span class='ocrx_word' id='word_1_577' title='bbox 3027 4561 3229 4616; x_wconf 86' lang='lat' dir='ltr'>Gesch.</span> 
     </span>
     <span class='ocr_line' id='line_1_91' title="bbox 1944 4631 3230 4697; baseline -0.002 -8"><span class='ocrx_word' id='word_1_578' title='bbox 1944 4635 2044 4689; x_wconf 88' lang='lat' dir='ltr'>der</span> <span class='ocrx_word' id='word_1_579' title='bbox 2070 4635 2127 4689; x_wconf 85' lang='lat' dir='ltr'>k.</span> <span class='ocrx_word' id='word_1_580' title='bbox 2155 4634 2365 4688; x_wconf 85' lang='lat' dir='ltr'>Kirche</span> <span class='ocrx_word' id='word_1_581' title='bbox 2405 4634 2466 4688; x_wconf 85' lang='lat' dir='ltr'>iu</span> <span class='ocrx_word' id='word_1_582' title='bbox 2508 4633 2600 4688; x_wconf 85' lang='lat' dir='ltr'>1r1.</span> <span class='ocrx_word' id='word_1_583' title='bbox 2628 4634 2697 4697; x_wconf 90' lang='grc' dir='ltr'>ΙΙ,</span> <span class='ocrx_word' id='word_1_584' title='bbox 2724 4637 2794 4690; x_wconf 88' lang='grc'>69</span> <span class='ocrx_word' id='word_1_585' title='bbox 2819 4650 2889 4688; x_wconf 83' lang='lat' dir='ltr'>ss.</span> <span class='ocrx_word' id='word_1_586' title='bbox 2941 4631 3230 4697; x_wconf 79' lang='lat' dir='ltr'>Quasdam</span> 
     </span>
     <span class='ocr_line' id='line_1_92' title="bbox 1945 4703 3232 4776; baseline 0 -17"><span class='ocrx_word' id='word_1_587' title='bbox 1945 4706 2199 4776; x_wconf 86' lang='lat' dir='ltr'>ejusdem</span> <span class='ocrx_word' id='word_1_588' title='bbox 2258 4706 2456 4762; x_wconf 72' lang='lat' dir='ltr'>literas</span> <span class='ocrx_word' id='word_1_589' title='bbox 2493 4705 2674 4760; x_wconf 84' lang='lat' dir='ltr'>edidit</span> <span class='ocrx_word' id='word_1_590' title='bbox 2732 4705 3025 4760; x_wconf 80' lang='lat' dir='ltr'>Laemmer</span> <span class='ocrx_word' id='word_1_591' title='bbox 3072 4703 3232 4759; x_wconf 69' lang='lat' dir='ltr'>Mon.</span> 
     </span>
     <span class='ocr_line' id='line_1_93' title="bbox 1946 4782 2363 4846; baseline 0 -16"><span class='ocrx_word' id='word_1_592' title='bbox 1946 4782 2059 4831; x_wconf 84' lang='lat' dir='ltr'>vat.</span> <span class='ocrx_word' id='word_1_593' title='bbox 2088 4796 2143 4846; x_wconf 91' lang='lat' dir='ltr'>p.</span> <span class='ocrx_word' id='word_1_594' title='bbox 2172 4782 2294 4833; x_wconf 80' lang='lat'>203.</span> <span class='ocrx_word' id='word_1_595' title='bbox 2321 4795 2363 4831; x_wconf 86' lang='lat' dir='ltr'>s.</span> 
     </span>
    </p>

    <p class='ocr_par' dir='ltr' id='par_1_10' title="bbox 1946 4846 3231 4989">
     <span class='ocr_line' id='line_1_94' title="bbox 2022 4846 3231 4919; baseline 0.002 -17"><span class='ocrx_word' id='word_1_596' title='bbox 2022 4854 2060 4919; x_wconf 86' lang='lat'>¹)</span> <span class='ocrx_word' id='word_1_597' title='bbox 2090 4850 2173 4904; x_wconf 84' lang='lat' dir='ltr'>Cf.</span> <span class='ocrx_word' id='word_1_598' title='bbox 2202 4849 2419 4918; x_wconf 85' lang='lat' dir='ltr'>Doujat</span> <span class='ocrx_word' id='word_1_599' title='bbox 2442 4850 2699 4917; x_wconf 87' lang='lat' dir='ltr'>praenot.</span> <span class='ocrx_word' id='word_1_600' title='bbox 2725 4846 2977 4902; x_wconf 88' lang='lat' dir='ltr'>canonic.</span> <span class='ocrx_word' id='word_1_601' title='bbox 3002 4848 3039 4902; x_wconf 94' lang='lat' dir='ltr'>l.</span> <span class='ocrx_word' id='word_1_602' title='bbox 3058 4850 3110 4904; x_wconf 81' lang='lat'>5.</span> <span class='ocrx_word' id='word_1_603' title='bbox 3127 4862 3174 4900; x_wconf 91' lang='lat' dir='ltr'>c.</span> <span class='ocrx_word' id='word_1_604' title='bbox 3194 4849 3231 4904; x_wconf 92' lang='grc'>8</span> 
     </span>
     <span class='ocr_line' id='line_1_95' title="bbox 1946 4919 2775 4989; baseline -0.001 -17"><span class='ocrx_word' id='word_1_605' title='bbox 1946 4936 2076 4989; x_wconf 84' lang='lat' dir='ltr'>pag.</span> <span class='ocrx_word' id='word_1_606' title='bbox 2102 4924 2239 4980; x_wconf 73' lang='lat'>429:</span> <span class='ocrx_word' id='word_1_607' title='bbox 2269 4919 2501 4974; x_wconf 82' lang='lat' dir='ltr'>Schulte</span> <span class='ocrx_word' id='word_1_608' title='bbox 2530 4920 2625 4985; x_wconf 84' lang='lat' dir='ltr'>Ill,</span> <span class='ocrx_word' id='word_1_609' title='bbox 2653 4924 2775 4977; x_wconf 75' lang='lat'>556.</span> 
     </span>
    </p>
   </div>
  </div>
 </body>
</html>
