3475 5364
614 348 732 401 167
978 336 1347 387 1171—1200.
1376 331 1690 401 Theologia
1717 332 1833 402 pol.
1863 331 2131 395 Adaiuus,
2160 331 2494 395 Contardus,
2524 330 2852 385 Gualterus.
3147 346 3173 395 1
3194 344 3292 397 68

608 516 969 585 solesm.III,
1002 526 1287 586 1—3083
1322 521 1381 575 et
1412 518 1475 576 in
1507 518 1676 576 Anal.
1698 518 1882 576 sacris
1940 538 2073 577 rum
2090 519 2154 593 ¹).
2249 516 2546 587 Quaedam
2624 516 2892 591 ejusdem
2964 513 3296 573 carmina

609 604 684 675 Il,
731 615 1020 674 6—-1543
1075 615 1440 669 585-623-
1489 640 1574 650 -
1621 606 1884 665 Adamus
1942 608 2120 666 habes
2151 606 2216 665 in
2246 606 2375 664 Me.
2407 608 2561 681 poet.
2591 605 2719 663 aevi
2742 605 2916 663 carol.
2936 604 3059 673 111,
3090 612 3292 665 555-

611 693 879 752 Parvus
894 695 1378 770 Parvopontanus
1400 694 1883 773 dictus‚AngluS,
1946 708 2086 761 560.
2122 696 2377 771 Scripsit
2395 691 2712 775 (breviter)
2735 695 3016 752 adversus
3031 692 3290 750 Juda-

608 783 928 841 canonicus
962 787 1088 841 erat
1128 786 1188 842 et
1230 785 1513 861 magister
1542 785 1887 859 parisiensis
1941 805 2031 845 eos
2060 787 2119 843 ll.
2155 787 2194 843 3
2225 785 2299 843 ab
2350 784 2548 843 Oudin
2596 783 2788 842 editos
2838 783 2903 841 in
2954 786 3292 840 veterum

610 871 777 946 prius
809 873 1240 948 grammaticae,
1287 873 1612 932 rhetoricae
1657 876 1718 932 et
1763 874 1886 932 dia·
1941 876 2174 949 aliquot
2234 874 2457 933 Galliae
2507 875 2568 931 et
2613 871 2803 948 Belgii
2865 872 3292 946 scriptorum

610 959 849 1019 lecticae
910 962 1065 1035 apud
1109 962 1267 1020 Petit
1316 962 1471 1021 Pont
1523 960 1708 1044 (unde
1760 965 1888 1039 ejus
1942 982 2138 1039 opusc.
2156 963 2353 1033 sacriS,
2372 961 2652 1039 Lugduni
2669 962 2860 1019 balav.
2892 970 3062 1024 1692
3093 961 3176 1017 in
3205 968 3290 1025 ὃς

612 1045 985 1131 cognomen),
1021 1050 1158 1109 dein
1187 1050 1536 1128 theologiae,
1572 1052 1886 1129 episcopus
1943 1053 2198 1129 Migne
2261 1051 2443 1122 CCIX,
2510 1059 2876 1114 423-458.
2954 1050 3059 1107 Pe
3086 1069 3127 1106 z
3209 1047 3287 1105 in

611 1139 964 1197 assoviensis
995 1133 1228 1220 (11752
1262 1138 1298 1206 †
1338 1149 1501 1203 1180
1537 1141 1630 1199 vel
1674 1137 1884 1222 1181).
1942 1143 2093 1205 thes,
2126 1140 2344 1199 Anecd.
2375 1140 2450 1210 11,
2490 1148 2545 1209 2,
2586 1150 2657 1201 51
2709 1140 2768 1198 ei
2815 1139 3039 1197 tribuit
3083 1139 3136 1199 l.
3200 1137 3289 1194 de

611 1226 897 1285 Interfuit
957 1228 1204 1287 concilio
1265 1229 1624 1287 lateranensi
1678 1228 1784 1288 111.
1837 1249 1886 1291 a.
1957 1231 2238 1290 Trinitate
2281 1250 2316 1288 a
2359 1247 2420 1288 se
2465 1232 2770 1303 repertum
2816 1224 3054 1308 (Mign
3076 1245 3120 1285 e
3185 1226 3281 1288 ib.

623 1327 644 1377 1
670 1326 807 1386 179,
840 1317 905 1374 in
937 1334 1071 1391 quc,
1120 1321 1191 1375 ut
1234 1319 1520 1386 referunt,
1570 1318 1737 1377 stetit
1782 1338 1888 1395 pro
1942 1342 1999 1396 p.
2036 1314 2791 1399 573—590).—-Tertius
2813 1320 2906 1375 est
2937 1316 3146 1374 Petr
3168 1334 3220 1372 u
3245 1333 3280 1372 a

612 1404 784 1463 Petro
846 1405 1191 1468 Lombardo.
1272 1407 1603 1481 Reliquisse
1665 1408 1890 1467 dicitur
1944 1411 2077 1468 Ble
2097 1428 2170 1468 se
2188 1428 2228 1467 n
2246 1408 2354 1466 sis
2387 1406 2662 1482 pluribus
2692 1405 2823 1463 aliis
2845 1405 3160 1481 operibus
3189 1404 3281 1461 il·

611 1496 1081 1552 commentarium
1114 1496 1176 1553 in
1212 1505 1248 1556 4
1282 1495 1343 1556 ΙΙ.
1379 1496 1808 1555 sententiarum
1829 1502 1891 1556 et
1945 1499 2154 1557 lustris
2170 1497 2499 1555 inl.eontra
2509 1496 2821 1571 perfidiam
2836 1495 3270 1568 heduorum,

613 1584 969 1659 quaestiones
1000 1583 1325 1643 ordinarias
1340 1579 1409 1665 ¹).
1469 1585 1554 1643 Ex
1604 1586 1733 1660 ejus
1765 1590 1891 1644 arte
1943 1588 2142 1663 inquo
2164 1605 2232 1644 ex
2253 1585 2434 1644 variis
2457 1584 2796 1659 Scripturas
2811 1584 2958 1642 locis
2979 1582 3274 1641 Messiae

614 1670 921 1729 dialectica
953 1671 1282 1748 fragmenta
1313 1674 1551 1733 exhibet
1575 1674 1793 1733 Cousin
1824 1675 1887 1733 in
1944 1672 3270 1751 adventumeleganterprobat.PorroPetrua

614 1759 963 1835 Fragments
1016 1761 1497 1838 philosophiques
1544 1762 1617 1833 ΙΙ,
1671 1773 1886 1826 386-
1945 1787 1978 1824 a
2010 1765 2202 1842 patria
2231 1763 2528 1823 Blesensis
2579 1763 2775 1821 dictus
2817 1768 3098 1836 parentes
3139 1761 3268 1818 ha·

618 1843 745 1925 90).
1946 1855 2080 1913 buit
2111 1855 2183 1913 de
2203 1852 2594 1928 optimatibus
2612 1851 2861 1910 minoris
2881 1850 3265 1909 Britanniae

707 2072 805 2125 95.
839 2063 1052 2122 Contra
1067 2064 1323 2124 Judaeos
1333 2063 1383 2144 ²)
1407 2069 1755 2143 pugnarunt
1773 2066 1802 2122 1
1817 2087 1888 2143 g·

614 2170 701 2210 ne
718 2154 801 2209 tu
818 2169 845 2209 s
879 2153 1275 2211 Contardus
1321 2160 1610 2213 mercator
1631 2156 1890 2231 januen-

615 2240 697 2298 sis
730 2241 795 2298 in
824 2239 1228 2316 disputatione
1259 2261 1392 2301 cum
1410 2243 1447 2302 J
1452 2244 1656 2303 udaeis
1688 2244 1891 2303 habita

614 2330 676 2387 in
706 2330 905 2387 insula
928 2331 1197 2405 Majorica
1215 2352 1263 2393 a.
1297 2343 1315 2392 1
1341 2341 1477 2402 186,
1501 2351 1681 2407 quam
1701 2334 1890 2392 edidit

616 2419 678 2476 in
707 2419 930 2495 flaqello
961 2419 1356 2478 Hebraeorum
1396 2421 1597 2480 Franc.
1632 2422 1820 2481 Carb
1837 2442 1887 2493 0,

614 2507 878 2566 Venetiis
950 2517 1111 2570 1672
1176 2509 1241 2566 in
1300 2519 1393 2572 12.
1442 2543 1530 2554 -—-
1579 2511 1888 2587 Philippus

612 2596 660 2654 G
675 2616 716 2654 u
732 2617 765 2653 a
780 2596 804 2653 1
818 2600 843 2652 t
858 2615 889 2654 e
906 2615 935 2653 r
951 2615 991 2653 u
1008 2615 1033 2653 s
1050 2597 1120 2655 de
1137 2598 1487 2658 castellione
1504 2595 1602 2680 (de
1617 2601 1887 2658 Bonchin

610 2686 807 2744 dictus
838 2684 911 2743 de
931 2680 1253 2768 Chatillon)
1275 2689 1585 2748 insulanus
1606 2688 1882 2770 (Ryssel),

610 2776 981 2850 praepositus
998 2776 1411 2835 canonicorum
1428 2780 1886 2851 tornacensium,

611 2863 672 2921 in
706 2862 922 2922 scholis
972 2864 1270 2939 quondam
1318 2866 1437 2924 fuit
1486 2869 1884 2927 nominatissi-

610 2970 743 3011 mus
790 2951 865 3010 ob
912 2971 1119 3027 poema
1165 2955 1460 3014 heroicum
1494 2958 1890 3016 Alexandreia

612 3040 709 3122 (de
772 3041 950 3100 rebus
1012 3042 1201 3118 gestis
1263 3044 1581 3110 Alexandri
1632 3043 1730 3125 M.)
1796 3047 1889 3104 in-

611 3130 899 3205 scriptum
950 3130 1012 3192 ll.
1067 3131 1133 3205 X,
1190 3151 1338 3208 opus
1387 3134 1653 3210 quinque
1703 3154 1888 3193 anno-

610 3388 876 3469 (Migne
922 3391 1099 3454 CCXI,
1147 3410 1200 3460 p.
1240 3397 1365 3464 462)
1418 3394 1489 3446 ad
1536 3395 1887 3450 Guilelmum

609 3461 852 3530 archiep.
894 3479 1235 3516 remensem:
1290 3464 1423 3527 „Vir
1462 3470 1548 3518 est
1584 3469 1747 3536 cujus
1789 3485 1889 3536 per

609 3548 801 3585 omues
828 3535 1084 3586 ecclesias
1113 3534 1297 3589 famae
1326 3537 1514 3590 suavis
1543 3538 1888 3593 diffunditur

608 3604 821 3673 opinio,
851 3604 953 3673 qui
978 3605 1207 3672 gemina
1236 3607 1471 3661 scientia
1498 3609 1886 3664 efficacissime

607 3675 823 3728 clarens
873 3679 932 3728 et
974 3677 1290 3730 doctrinam
1338 3679 1568 3734 monitis
1620 3685 1788 3734 ornat
1831 3684 1890 3734 et

608 3747 858 3798 moribus
898 3747 1276 3815 disciplinam.
1332 3748 1560 3831 Origeui
1602 3770 1796 3820 parem
1825 3752 1884 3806 in

609 3815 836 3884 eloquio
854 3818 929 3870 sic
945 3837 1074 3871 eum
1092 3820 1290 3873 (locere
1307 3822 1510 3874 credun
1522 3841 1584 3875 us
1600 3829 1663 3876 ut
1677 3823 1880 3880 vivero..

608 3889 685 3940 sic
714 3888 903 3942 vivere
934 3895 997 3942 ut
1024 3890 1269 3947 dolere:-
1326 3893 1615 3962 Distingui
1656 3896 1828 3949 debet
1853 3914 1886 3948 a

610 3963 696 4011 tot
721 3958 848 4011 aliis
877 3960 1012 4012 viris
1039 3961 1220 4020 claris,
1263 3964 1364 4030 qui
1406 3981 1469 4017 eo
1513 3971 1764 4034 tempore
1793 3967 1886 4021 flo-

609 4035 847 4082 ruerunt
874 4036 931 4082 et
960 4031 1105 4083 Petri
1135 4034 1363 4087 nomine
1405 4034 1882 4102 insigniebantun

608 4105 675 4154 ut
690 4118 722 4152 a
739 4100 904 4154 Petro
934 4100 1139 4156 Picta
1160 4122 1191 4156 v
1208 4105 1227 4156 i
1244 4123 1273 4158 e
1290 4125 1325 4158 n
1345 4105 1405 4158 si
1432 4107 1651 4176 duplici
1678 4109 1747 4162 de
1771 4128 1884 4177 quo

605 4172 772 4236 infra,
801 4190 833 4224 a
863 4173 1025 4227 Petro
1068 4176 1111 4226 A
1132 4194 1167 4228 u
1186 4176 1222 4228 d
1240 4193 1270 4229 o
1288 4195 1387 4230 ma
1410 4197 1436 4229 r
1454 4196 1481 4232 e
1500 4198 1534 4230 n
1553 4179 1628 4240 si,
1658 4197 1691 4232 a
1720 4181 1883 4234 Petro

608 4243 654 4295 R
673 4261 701 4297 e
719 4262 772 4296 m
791 4262 818 4297 c
835 4263 874 4296 n
891 4246 943 4297 si
963 4245 1085 4309 OP.,
1113 4248 1183 4300 ab
1200 4248 1418 4317 dupliti
1440 4250 1600 4304 Petro
1618 4251 1883 4314 Blesensi‚

608 4314 676 4366 de
705 4333 818 4382 quo
847 4332 973 4368 mox
1002 4321 1100 4371 ete.

687 4393 720 4440 ¹}
750 4389 830 4440 Cf.
858 4390 1022 4442 Feret
1042 4388 1077 4454 Ι,
1095 4394 1336 4448 48-5οε
1368 4394 1633 4446 Haureau
1652 4393 1703 4445 N
1710 4394 1882 4448 otices

606 4462 664 4510 et
718 4457 958 4512 Extraits
1010 4461 1077 4514 de
1130 4462 1406 4530 quelques
1460 4483 1590 4517 msc.
1637 4466 1733 4521 lat.
1789 4467 1880 4531 ΙΙΙ,

606 4534 706 4585 197
737 4547 822 4586 ss..
870 4531 969 4584 ubi
997 4532 1317 4602 fragmenta
1344 4535 1570 4589 exhibet
1604 4553 1668 4589 ex
1696 4538 1818 4607 ejus
1847 4538 1882 4592 Ι.

604 4604 668 4654 de
692 4607 998 4657 utens‘libus
1039 4605 1298 4664 (domus),
1345 4624 1491 4674 quae
1537 4625 1652 4660 non
1692 4613 1886 4661 carent

608 4673 791 4741 pretio
820 4692 919 4742 pro
950 4674 1185 4728 historia
1213 4677 1444 4746 linguae
1472 4679 1702 4733 latinae.

1945 1944 2170 2003 virtute
2186 1942 2552 2017 conspicuos.
2573 1940 2931 1998 Adolescens
2944 1939 3262 2016 ingenuis

1944 2033 2175 2092 artibus
2206 2034 2266 2090 et
2297 2029 2678 2106 politioribus
2726 2028 2920 2087 literis
2955 2029 3259 2087 Lutetiae

1945 2126 2005 2180 et
2038 2120 2407 2197 aliquamdiu
2437 2118 2736 2177 Bononiae
2781 2121 3093 2175 strenuam
3126 2136 3256 2175 na·

1944 2213 2106 2269 vavit
2137 2228 2402 2287 operam:
2454 2208 2716 2283 poeticae
2765 2213 2969 2265 autem
3001 2211 3065 2264 et
3096 2226 3253 2265 ora·

1943 2302 2128 2359 toriae
2161 2299 2409 2358 maxime
2441 2296 2818 2355 incubuerat:
2853 2314 3063 2353 verum
3096 2294 3253 2353 aliis

1944 2389 2274 2464 disciplinis
2296 2386 2574 2463 sepositis
2593 2385 2774 2444 unius
2807 2403 2868 2442 se
2887 2386 3249 2461 theologiae

1944 2479 2142 2537 studio
2173 2478 2355 2547 dedit,
2389 2477 2452 2535 in
2483 2494 2602 2550 qua
2621 2474 2937 2552 insigniter
2955 2474 3242 2549 profecit,

1944 2565 2007 2624 in
2056 2569 2266 2643 primis
2328 2566 2389 2624 in
2440 2563 2742 2623 recondita
2791 2581 2835 2621 s,
2884 2563 3244 2637 Scripturae

1945 2657 2210 2727 scientia,
2273 2659 2344 2715 ut
2393 2654 2619 2731 scripta
2667 2652 2857 2729 ipsius
2909 2656 3241 2714 testantur.

1944 2745 2139 2804 Unum
2171 2744 2519 2822 praesertim
2539 2746 2749 2821 gratus
2768 2743 3040 2819 agnoscit
3058 2761 3238 2818 prae-

1944 2839 2240 2910 ceptorem
2261 2854 2329 2893 ac
2347 2833 2696 2910 magistrum
2714 2831 2753 2889 J
2755 2850 3009 2890 oannem
3038 2850 3237 2890 sares-

1943 2924 2289 2995 beriensem,
2324 2924 2397 2982 de
2431 2941 2549 2998 quo
2570 2939 2722 2983 mox.
2754 2920 2901 2979 Cum
2921 2921 3053 2996 ejus
3073 2922 3236 2978 fama

1944 3013 2018 3071 ob
2050 3013 2354 3072 scientiam
2386 3017 2447 3070 et
2481 3010 2727 3070 virtutis
2760 3009 3062 3068 culturam
3090 3010 3232 3068 ubi·

1944 3121 2060 3178 que
2085 3103 2210 3176 jam
2242 3102 2670 3170 inclaresceret,
2704 3121 2738 3158 a
2770 3098 3031 3157 Rotrodo
3065 3104 3228 3159 roto-

1943 3192 2211 3267 magensi
2255 3190 2706 3265 archiepiscopo,
2743 3188 3079 3247 Siculorum
3132 3208 3228 3248 re-

1943 3281 2117 3357 ginae
2166 3280 2479 3349 avunculo,
2531 3299 2581 3342 a.
2636 3288 2796 3341 1167
2848 3278 2914 3335 in
2961 3278 3229 3338 Siciliam

1946 3370 2160 3428 missus
2194 3370 2488 3428 Guilelmo
2519 3368 2594 3426 ΙΙ.
2624 3369 2753 3445 regi
2786 3368 3024 3426 Siciliae
3057 3387 3227 3443 prae-

1943 3465 2144 3534 ceptor
2193 3461 2366 3519 datus
2415 3463 2508 3518 est
2557 3458 2865 3533 ipsiusque
2910 3457 3107 3516 literis
3161 3474 3229 3515 ac

1943 3547 2371 3622 diplomatibus
2403 3547 2792 3623 obsignandis
2826 3547 3228 3622 praepositus.

1944 3637 2192 3695 Maxima
2206 3638 2400 3696 valuit
2419 3635 2577 3712 apud
2602 3637 2831 3694 Siculos
2851 3636 3226 3695 auctoritate.

1943 3727 2260 3784 Reversum
2311 3726 2375 3784 in
2426 3726 2728 3784 Franciam
2778 3721 3008 3808 (1169)
3060 3725 3226 3784 Hen-

1940 3815 2097 3873 ricus
2129 3816 2203 3878 ΙΙ.
2235 3816 2309 3873 ad
2340 3836 2400 3874 se
2432 3816 2700 3874 evocavit
2731 3815 2793 3872 in
2824 3813 3104 3891 Angliam
3131 3821 3226 3872 at-

1942 3923 2058 3978 que
2090 3904 2162 3961 ad
2193 3924 2391 3981 regem
2413 3905 2687 3962 Franciae
2704 3904 2935 3980 maguis
2953 3903 3025 3961 de
3040 3904 3230 3963 rebus

1940 3997 2337 4052 tractaturum
2372 3982 2549 4057 misit.
2610 3994 2695 4051 Ex
2742 3994 2876 4051 aula
2907 3992 3229 4067 quietioris

1944 4083 2098 4140 vitae
2131 4082 2456 4158 cupiditate
2487 4083 2561 4140 ad
2591 4082 2946 4141 Richardum
2965 4082 3228 4157 archiep.

1941 4172 2411 4230 cantuariensem
2456 4172 2717 4240 secessit,
2763 4172 2936 4246 cujus
2982 4175 3044 4228 et
3085 4188 3226 4228 can-

1941 4260 2242 4319 cellarium
2259 4262 2387 4336 egit
2404 4265 2466 4318 et
2485 4280 2691 4319 causas
2713 4259 2874 4336 apud
2897 4260 3226 4318 Henricum

2020 4473 2054 4524 1)
2084 4467 2165 4521 Cf.
2207 4467 2618 4536 Baumgartner
2663 4467 2859 4522 Gcsch.
2905 4467 3004 4520 der
3044 4467 3226 4520 Wolt-

1942 4536 2203 4591 literatur
2230 4538 2321 4598 lv,
2350 4542 2650 4595 369-372.
2701 4538 2864 4592 Alius
2889 4544 2975 4592 est
3000 4538 3225 4592 Walter

1943 4626 2053 4662 vau
2073 4609 2304 4662 Muiden
2333 4610 2546 4680 (Muda)
2575 4613 2638 4666 Ο.
2668 4610 2821 4674 Uisa,
2851 4612 2953 4677 qui
2978 4613 3226 4664 exeunte

1941 4698 2041 4734 sce.
2061 4682 2105 4733 X
2119 4682 2186 4734 ΙΙΙ
2203 4683 2406 4735 cecinit
2424 4682 2620 4736 laudes
2640 4681 2732 4734 'Ph
2746 4699 2816 4734 or
2830 4700 2865 4751 p
2879 4682 2945 4736 hi
2964 4681 3052 4735 tui
3071 4682 3227 4746 (Tor-

678 4746 1121 4815 &Adelphum
1157 4748 1306 4804 OSB.
1350 4751 1611 4803 abbatem
1646 4750 1795 4804 circa
1831 4770 1880 4806 a.
1939 4752 2101 4816 finni)
2131 4771 2215 4820 ep.
2249 4754 2606 4808 Hammariae
2633 4755 2940 4822 (Hammer)
2979 4754 3043 4806 in
3081 4754 3226 4806 Nor·

605 4820 744 4872 1180
770 4822 963 4871 eontra
1010 4818 1312 4872 Saracenos
1354 4820 1636 4889 scripsisse
1679 4841 1883 4877 memo·
1939 4823 2122 4891 wegia
2175 4835 2221 4893 (J
2269 4831 2425 4886 12001
2471 4825 2626 4894 apud
2688 4824 2856 4877 Visch
2906 4824 3047 4882 bibl.
3100 4826 3228 4879 cist.

604 4893 692 4941 rat
719 4888 1062 4944 Trithemius
1089 4891 1157 4944 de
1185 4892 1374 4959 script.
1404 4893 1532 4946 eccl.
1562 4912 1604 4947 e.
1634 4898 1754 4952 383.

1940 4913 1993 4963 p.
2021 4900 2126 4951 316
2154 4914 2193 4950 s,
