3475 5364
1117 348 1487 401 1201—1225.
1516 344 1829 415 Theologia
1856 344 2204 399 scholastica.
2234 344 2453 397 Alanus
2480 345 2553 398 ab
2578 343 2803 406 insulis,

3160 360 3195 413 b>

655 360 788 413 219
3211 360 3326 413 20

651 547 840 603 opera
872 528 1155 604 quaeipsi
1178 530 1534 588 tribuuntur
1565 535 1736 589 sunt:
1774 532 1940 590 Com·
1995 534 2126 590 tum
2142 531 2574 606 poenitentiae:
2607 531 2711 605 qui
2726 533 2931 588 tamen
2949 549 3097 588 num
3115 532 3327 588 Alani

661 617 949 692 pendiosa
981 620 1041 675 in
1062 617 1304 676 Cantica
1325 618 1700 678 Canticorum
1715 619 1790 679 ad
1812 621 1940 679 lau·
1998 621 2078 681 sit
2128 623 2222 679 sat
2270 623 2364 679 est
2409 619 2678 679 dubium.
2743 619 2999 696 Scripsit
3042 620 3324 695 quidem

657 707 796 764 dem
857 707 1143 782 Deiparae
1193 706 1259 764 V.
1313 708 1386 765 M.
1451 710 1757 767 elucidatio
1819 714 1942 767 tam
1997 713 2152 768 teste
2184 709 2509 768 Trithemio
2559 710 2629 766 de
2650 710 3009 785 poenitentia
3042 709 3105 767 11.
3143 720 3179 771 4
3214 709 3320 768 ad

659 799 989 872 praestans,
1016 801 1086 853 ut
1107 798 1352 855 Maracci
1377 798 1440 856 in
1460 815 1570 856 sua
1585 799 1943 857 bibliotheca
1997 799 2421 868 Bituricenses,
2470 799 2576 875 qui
2622 800 2823 856 tamen
2867 816 2993 857 non
3025 799 3321 875 amplius

661 884 921 943 Mariana
941 885 1195 943 Alanum
1226 885 1656 946 illustrioribus
1690 888 1940 963 scripto·
1997 887 2382 964 reperiuntur
2400 891 2461 946 et
2483 888 2557 946 ab
2577 887 2688 946 hoc
2707 888 2743 945 L
2767 887 2992 946 diversi
3013 893 3179 946 sunt.
3200 922 3317 932 ——

654 974 846 1042 ribus,
895 974 999 1049 qui
1045 974 1118 1033 de
1161 975 1215 1032 b.
1251 976 1434 1033 Maria
1463 976 1530 1034 V.
1579 976 1940 1052 scripserint,
2000 976 2086 1035 De
2104 996 2206 1036 sea:
2226 979 2337 1036 alis
2362 976 2669 1043 Cherubin,
2694 978 2757 1035 in
2777 996 2897 1052 quo
2921 977 2959 1034 l.
2983 978 3317 1036 succincte

657 1063 1025 1122 adnumeret.
1072 1098 1161 1107 —-
1203 1064 1445 1122 Summa
1488 1067 1557 1122 de
1602 1073 1726 1124 arte
1764 1085 1943 1141 prae·
1998 1067 2123 1143 agit
2154 1066 2226 1126 de
2258 1066 2732 1143 compunctione,
2769 1066 3165 1136 confessione,
3197 1086 3312 1126 sa-

650 1153 967 1228 dicatoria,
1003 1153 1067 1210 in
1099 1172 1219 1228 qua
1251 1157 1664 1231 suggeruntur
1698 1172 1942 1232 concep·
1997 1155 2354 1223 tisfactione,
2405 1155 2722 1215 dilectione
2770 1155 2877 1213 Dei
2922 1159 2988 1213 et
3037 1156 3316 1231 proximi

656 1244 760 1300 tus
805 1242 880 1299 ad
925 1242 1264 1301 formandas
1311 1243 1619 1302 conciones
1670 1244 1733 1302 in
1780 1245 1944 1302 omni
1998 1248 2105 1303 etc.
2155 1278 2245 1287 —
2291 1246 2378 1303 De
2426 1253 2554 1304 arte
2605 1241 2921 1326 (articulis)
2975 1245 3313 1304 catholicae

660 1330 781 1389 fere
825 1334 1177 1407 argumento
1225 1332 1450 1390 morali.
1485 1365 1572 1377 -
1604 1332 1782 1391 Liber
1812 1352 1940 1392 sen·
1994 1335 2132 1407 fidei
2162 1335 2218 1391 ll.
2255 1337 2312 1410 5,
2350 1353 2603 1409 quorum
2642 1344 2693 1395 l.
2728 1334 2855 1410 agit
2886 1333 2961 1392 de
2994 1353 3120 1393 una
3164 1353 3309 1393 om-

651 1421 971 1478 unciarum
1018 1439 1084 1478 ac
1129 1420 1423 1479 dictorum
1467 1422 1942 1481 memorabilium

660 1508 1175 1567 concionatoribus
1207 1510 1556 1585 praesertim
1590 1511 1940 1579 destinatus,

651 1599 758 1656 -cui
781 1598 998 1672 adjecit
1028 1600 1182 1657 dicta
1204 1600 1341 1669 alia,
1377 1618 1531 1675 quae
1550 1601 1945 1659 communiter

661 1687 956 1745 mirabilia
982 1691 1423 1763 nuncupantur,
1440 1688 1542 1747 sed
1560 1690 1709 1748 forte
1728 1690 1942 1748 melius

661 1776 1068 1834 memorabilia
1128 1776 1244 1835 dici
1303 1782 1564 1854 possent.
1628 1813 1714 1819 -—
1766 1778 1944 1836 Liber

651 1866 1082 1937 poenitentialis
1123 1866 1247 1924 sive
1280 1866 1594 1925 methodus
1626 1867 1808 1944 digne
1839 1868 1941 1926 ad-

661 1953 1046 2012 ministrandi
1091 1958 1152 2013 et
1198 1955 1560 2032 suscipiendi
1611 1974 1943 2015 sacramen-

657 2123 948 2192 resignato
990 2123 1323 2193 episcopatu
1364 2142 1415 2179 a.
1443 2130 1580 2182 1167
1624 2126 1684 2180 in
1727 2143 1944 2181 monas-

653 2195 868 2248 terium
885 2194 1325 2250 claraevallense
1343 2214 1400 2250 se
1416 2196 1633 2265 recepit
1649 2207 1693 2261 (τ
1710 2202 1795 2254 14.
1815 2196 1944 2251 Okt.

663 2271 838 2331 1182).
905 2267 1072 2319 Hunc
1138 2267 1332 2336 plures
1402 2269 1769 2323 confundunt
1814 2286 1944 2322 cum

660 2340 870 2392 nostro.
899 2338 1126 2391 Praeter
1143 2338 1372 2407 aliquot
1396 2344 1470 2464 (ᾗ
1497 2344 1747 2408 epistolas
1773 2341 1882 2393 scri
1929 2371 1946 2380 ·

661 2410 739 2461 sit
764 2410 821 2461 et
844 2412 1006 2464 vitam
1033 2428 1073 2463 s.
1098 2413 1370 2465 limmrdi
1394 2420 1434 2475 (ι
1473 2413 1607 2481 igne
1629 2411 1873 2466 CLXXX
1934 2456 1945 2475 ,

1997 1423 2164 1481 nium
2197 1441 2374 1482 causa
2391 1424 2427 1482 i.
2449 1443 2496 1482 e.
2519 1425 2591 1483 de
2624 1442 2746 1481 uno
2767 1422 3102 1499 eodemque
3125 1424 3307 1482 trino

2002 1514 2151 1580 Deo;
2204 1521 2257 1573 2.
2292 1513 2363 1570 de
2395 1512 2623 1581 mundi,
2671 1511 2871 1588 angeli
2918 1514 2982 1569 et
3027 1512 3306 1571 hominis

1997 1601 2292 1660 creatione
2308 1605 2368 1660 et
2383 1602 2618 1661 arbitrii
2636 1600 2914 1660 libertate
2931 1621 2946 1671 ;
2973 1611 3030 1664 3.
3047 1601 3124 1661 de
3140 1602 3302 1660 Filio

2000 1690 2104 1749 Dei
2134 1690 2437 1750 incarnato
2485 1710 2591 1766 pro
2636 1690 2873 1749 homine
2904 1690 3297 1759 redimendo;

2000 1789 2055 1841 4.
2074 1780 2147 1838 de
2163 1781 2546 1839 sacramentis
2563 1778 2859 1839 Ecclesiae
2877 1800 2892 1850 3
2931 1790 2985 1842 5.
3004 1780 3081 1839 de
3093 1799 3297 1839 resur-

1996 1869 2260 1927 rectione
2291 1873 2698 1928 mortuorum:
2746 1886 3009 1943 quorum
3043 1869 3295 1946 dogma-

1998 1961 2127 2016 tum
2174 1959 2567 2017 necessariam
2612 1955 2929 2017 veritatem
2976 1961 3042 2015 et
3085 1977 3295 2018 conse-

1998 2046 2302 2105 cutionem
2342 2048 2486 2107 solis
2533 2045 2870 2106 rationibus
2905 2048 3292 2106 naturalibus

1999 2135 2061 2194 in
2092 2136 2336 2194 modum
2370 2136 2519 2195 artis
2539 2136 2947 2195 demonstrare
2980 2138 3207 2214 satagit
3221 2134 3289 2217 ¹),

2000 2228 2116 2294 ‚ut
2165 2225 2272 2300 qui
2318 2226 2665 2301 prophetiae
2715 2226 2778 2282 et
2820 2224 3151 2302 Evangelio
3193 2244 3288 2284 ac-

2000 2314 2306 2390 quiescere
2328 2316 2736 2379 contemnunt‚
2772 2314 3055 2373 humanis
3078 2316 3289 2373 saltem

2001 2403 2333 2462 rationibus
2365 2404 2730 2463 inducantur
2762 2399 2854 2482 (in
2881 2400 3059 2481 prol.)
3077 2412 3125 2461 ‘.
3158 2405 3291 2463 Non

658 2485 766 2536 469
794 2484 901 2546 ss).
953 2481 1035 2534 Cf.
1064 2480 1256 2551 Biogr.
1298 2486 1414 2535 nat.
1456 2484 1524 2536 de
1553 2483 1710 2554 Belg.
1740 2484 1779 2541 Ι,
1809 2488 1944 2539 154:
2001 2492 2221 2551 degunt
2284 2493 2390 2568 qui
2454 2493 2527 2553 de
2588 2494 2719 2568 ejus
2770 2510 2861 2566 op.
2909 2494 3289 2569 genuinitate

663 2550 810 2604 Hist.
849 2552 935 2606 lit.
983 2551 1126 2616 XIV,
1169 2558 1467 2611 154-162.
1495 2588 1563 2597 -
1590 2555 1670 2608 De
1697 2555 1836 2608 Ala
1859 2574 1895 2606 ιι
1914 2572 1945 2608 o

660 2621 890 2676 anolico
933 2623 1230 2676 canonista
1270 2625 1338 2677 cf.
1366 2625 1535 2680 infra.
1564 2659 1631 2668 —
1661 2627 1708 2678 A
1725 2626 1744 2680 l
1761 2642 1795 2678 a
1812 2644 1848 2677 n
1868 2644 1903 2679 u
1922 2643 1946 2677 s

2002 2580 2297 2640 dubitent.
2349 2615 2437 2626 -—
2487 2582 2681 2641 Aliam
2728 2581 3070 2659 theologiae
3102 2583 3289 2642 veluti

664 2668 810 2749 0833.
858 2695 918 2747 in
966 2696 1309 2750 monasterio
1356 2698 1760 2762 cantuariensi,
1813 2701 1945 2752 ante
2002 2671 2300 2747 epitomen
2333 2671 2571 2731 0¹hibef‘
2602 2672 2666 2731 in
2700 2670 3289 2773 Spisfhwlofifflff·

662 2783 828 2819 suum
869 2765 931 2819 in
973 2766 1229 2820 ordinem
1274 2769 1594 2838 ingressum
1637 2769 1947 2824 canonicus
1995 2761 2152 2837 yulis
2202 2758 2384 2842 (125)
2449 2780 2554 2821 seu
2603 2762 2871 2820 Maxlmls
2932 2762 3288 2839 theologlcls

664 2838 1119 2899 beneventanus,
1202 2840 1376 2894 abbas
1457 2840 1947 2895 tewkesberiensis
2000 2849 2097 2907 vel
2131 2850 2358 2925 regulis
2392 2851 2664 2911 coelestis
2687 2849 2867 2924 juris,
2920 2870 3079 2925 quae
3110 2852 3289 2910 etiam

661 2912 709 2979 (†
738 2913 871 2964 1201
904 2909 996 2963 vel
1022 2913 1180 2981 1202)
1210 2910 1439 2982 scripsit
1465 2912 1725 2966 libellum
1752 2917 1814 2966 de
1838 2919 1946 2967 vita

657 2998 701 3033 s.
738 2982 963 3035 Thomae
987 2988 1397 3047 cantuar-femi&
1439 2982 1539 3053 qui
1584 2987 1773 3037 tamen
1802 3000 1947 3037 com-

662 3050 936 3121 plectitur
947 3053 1234 3108 tantuma.
1249 3059 1388 3110 1163
1399 3061 1548 3111 -70.
1565 3054 1704 3123 Ejus
1717 3055 1947 3125 scripta,

664 3139 810 3190 quae
837 3127 1051 3188 extant,
1095 3124 1278 3178 edidit
1304 3124 1459 3179 Giles
1500 3126 1750 3179 Londini
1777 3130 1944 3184 1846:

649 3193 944 3276 libel-lum.
976 3196 1070 3249 cit.
1133 3196 1284 3250 idem
1345 3197 1495 3250 inter
1557 3202 1749 3267 pat-res
1811 3198 1947 3279 eccl.

660 3267 1490 3408 sffaesss1ssb23ffl·e¹a;3}{zs⁶
1505 3268 1947 3398 οῗῗῗῗξὲἓιὲέ

662 3408 1150 3474 Londini187611,
1167 3416 1272 3467 299
1293 3433 1304 3470 ς
1329 3411 1521 3482 Migne
1541 3411 1692 3473 CXC,
1723 3416 1863 3468 1475
1877 3429 1947 3466 ss,

647 3480 769 3534 -Scd
822 3498 935 3534 non
988 3482 1209 3546 desunt,
1280 3483 1382 3550 qui
1434 3483 1745 3552 conjiciant
1794 3484 1948 3537 hunc

662 3552 907 3607 eundem
935 3569 1052 3607 esse
1079 3571 1207 3608 cum
1238 3554 1424 3608 Alano
1467 3557 1678 3610 nostro,
1731 3555 1815 3607 Cf.
1852 3555 1947 3608 Al·

663 3624 945 3693 bcrdingk
961 3624 1005 3677 T
1023 3626 1059 3678 h
1078 3625 1130 3695 ij
1153 3644 1204 3677 m
1232 3626 1310 3681 all
1355 3668 1366 3678 .
1396 3625 1449 3678 d.
1467 3624 1657 3695 Biogr.
1681 3626 1719 3688 Ι,
1740 3630 1860 3682 170.
1884 3659 1943 3667 -

660 3695 796 3748 Ala
813 3715 849 3748 n
868 3713 905 3748 ιι
924 3713 948 3748 s
1026 3695 1069 3747 B
1086 3714 1115 3749 e
1133 3715 1169 3749 u
1187 3714 1216 3750 c
1233 3697 1252 3749 l
1271 3696 1290 3749 i
1405 3697 1523 3749 sive
1587 3697 1945 3760 Bellon-livua,

661 3768 902 3837 Anglus,
941 3767 1174 3820 Parisiis
1215 3770 1339 3823 erat
1377 3768 1555 3822 lector
1593 3767 1861 3836 publicus
1901 3787 1944 3825 c.

659 3854 711 3890 a.
739 3843 893 3895 1230.
922 3855 955 3891 a
985 3839 1273 3893 Matthaeo
1320 3839 1538 3893 Parisio
1584 3839 1734 3892 inter
1760 3841 1947 3893 erudi-

661 3909 907 3964 tissimos
948 3927 1083 3963 suae
1122 3911 1329 3964 aetatis
1373 3911 1707 3973 celebratus,
1735 3911 1822 3966 J0.
1852 3912 1946 3964 Le-

663 3981 834 4034 lando
863 3998 908 4035 c.
936 3985 1041 4037 235
1069 4000 1109 4037 s,
1139 3982 1466 4051 Scripturas
1508 3981 1735 4036 lucidus
1776 3982 1947 4037 inter·

662 4068 807 4120 pree.
863 4053 943 4106 cf.
971 4052 1040 4105 de
1068 4054 1158 4106 his
1185 4056 1244 4106 et
1268 4054 1396 4109 aliis
1422 4053 1625 4107 Alanis
1646 4054 1947 4109 Sta-mmin-

661 4139 761 4192 ger
787 4123 927 4177 KL2.
955 4130 1002 4188 1,
1026 4128 1129 4181 393
1153 4143 1220 4179 se.
1251 4157 1316 4166 —
1344 4124 1600 4179 Alterius
1622 4122 1758 4178 Ala
1775 4125 1851 4179 ni
1878 4127 1946 4179 de

660 4197 878 4265 Aspera
899 4195 1089 4249 insula
1111 4205 1307 4267 (prope
1335 4197 1711 4266 Avenionem)
1730 4198 1945 4252 mentio

660 4267 907 4320 occurrit
932 4267 994 4320 in
1022 4268 1269 4336 quodam
1313 4268 1505 4322 codice
1544 4268 1790 4339 capituli
1820 4286 1947 4323 oxo-

659 4339 885 4398 mensis,
932 4338 1025 4392 cui
1075 4339 1353 4394 tribuitur
1404 4340 1546 4393 liber
1596 4345 1946 4410 Apocalypsis

660 4411 980 4480 (cujusdam
1020 4412 1404 4478 revelationis)
1448 4412 1815 4466 moralizatus
1859 4415 1948 4476 „et

660 4480 740 4534 sic
780 4485 868 4536 est
905 4483 1035 4536 finis
1076 4483 1221 4537 XVI.
1262 4482 1297 4537 1.
1341 4483 1672 4538 Reductorii
1699 4484 1944 4546 Mox-alis,

2002 2937 2431 3009 inscribuntur,
2480 2943 2552 2998 ut
2582 2939 3041 3014 distinguantur
3072 2960 3108 2999 a
3139 2941 3287 2999 Doc-

2002 3027 2207 3085 trinali
2251 3031 2465 3087 minori
2510 3048 2619 3088 seu
2662 3029 2733 3087 de
2783 3029 3100 3103 parabolis,
3146 3030 3289 3088 Doc-

2002 3118 2216 3175 trinale
2246 3119 2453 3191 altum,
2486 3118 2759 3177 Coloniae
2799 3129 2823 3178 1
2842 3127 2965 3181 505
2990 3121 3103 3177 etc.
3140 3120 3291 3177 Sunt

2003 3224 2104 3263 eae
2134 3206 2342 3265 breves
2375 3208 2706 3266 sententiae
2727 3224 2833 3282 per
2851 3207 3099 3267 modum
3132 3209 3289 3266 axio-

2001 3299 2225 3354 matum
2259 3296 2446 3354 forma
2475 3296 2730 3356 subinde
2770 3295 3069 3370 paradoxa
3099 3316 3288 3356 enun-

2002 3384 2205 3454 ciatae,
2240 3384 2460 3460 quibus
2506 3385 2745 3444 brevem
2777 3385 3025 3461 subjicit
3054 3387 3288 3463 exposi-

2082 3632 2115 3692 1)
2145 3625 2292 3680 Hinc
2342 3626 2555 3679 dicitur
2604 3644 2637 3679 a
2687 3627 2977 3681 Scheeben
3042 3647 3101 3682 n.
3153 3633 3290 3686 1048

2001 3696 2061 3749 in
2136 3701 2331 3768 streng
2393 3697 2678 3766 logischer
2742 3699 2908 3752 Form
2969 3700 3288 3782 abgarus-te,

2003 3768 2591 3839 positiv-speculative
2618 3769 2990 3840 Apologetik,
3017 3786 3150 3825 eme
3177 3789 3287 3826 ma·

2002 3840 2361 3904 thematisch,
2378 3842 2513 3894 aber
2528 3841 2676 3895 auch
2689 3843 2819 3895 sehr
2829 3842 2969 3895 kurz
2981 3843 3288 3911 gehaltene

2002 3912 2321 3982 Ableitung
2348 3912 2448 3964 der
2489 3912 2785 3966 einzelnen
2813 3913 3289 3969 Glaubenswahr·

2002 3982 2197 4037 heiten
2241 3999 2345 4036 aus
2390 3984 2643 4038 hoheren
2690 3984 3042 4055 Principien.
3095 3985 3183 4040 Cf.
3232 3991 3289 4041 et

2006 4054 2272 4125 Hertling
2322 4054 2437 4109 KL.
2482 4056 2525 4118 Ι,
2567 4060 2701 4112 396:
2751 4055 2864 4109 Das
2909 4056 3089 4109 Werk
3136 4058 3292 4113 stelit

2002 4125 2124 4181 sich
2168 4126 2253 4181 als
2298 4126 2425 4180 eine
2466 4125 2696 4180 Summe
2736 4126 2856 4188 dar,
2906 4128 3117 4182 welche
3159 4130 3289 4184 weit

2002 4198 2221 4262 kin-zer,
2248 4200 2385 4251 aber
2408 4199 2557 4251 auch
2602 4198 3062 4266 systematischer
3088 4200 3175 4254 als
3200 4200 3289 4255 die

2002 4269 2319 4324 Sentenzen
2345 4269 2443 4322 des
2472 4270 2531 4321 P.
2558 4269 2928 4334 Lombardus,
2958 4271 3052 4324 die
3081 4271 3287 4344 Ergeb-

2003 4339 2150 4394 nisse
2191 4341 2291 4395 dor
2332 4356 2916 4412 vorausgegangenen
2954 4341 3288 4414 Forschung

2004 4412 2121 4465 und
2150 4412 2518 4481 Speculation
2557 4415 3020 4469 zusammenfasst.
3076 4414 3151 4468 Es
3179 4433 3288 4470 war

2007 4483 2192 4536 bisher
2203 4483 2411 4546 ublich,
2422 4483 2483 4539 in
2496 4484 2820 4539 Darstellun
2828 4501 2940 4556 gen
2960 4485 3063 4539 der
3084 4486 3288 4542 mittel-

660 4551 720 4605 in
749 4570 858 4622 quo
887 4554 1299 4609 moralizantur
1340 4572 1536 4609 omnes
1581 4557 1799 4626 figurae
1832 4555 1947 4608 bib·
2000 4555 2341 4610 alter-lichen
2368 4555 2757 4626 Philosophie,
2779 4556 3022 4611 zumeist
3041 4575 3149 4612 aus
3170 4557 3283 4612 ihm

658 4624 767 4678 liae
795 4642 895 4697 per
921 4625 985 4679 D.
1014 4627 1106 4682 Al.
1150 4628 1218 4681 de
1247 4629 1464 4697 Aspera
1508 4627 1635 4690 Ins„
1690 4626 1794 4696 qui
1834 4626 1949 4680 fuit

659 4698 932 4767 magister
972 4698 1033 4751 in
1073 4698 1311 4763 artibus,
1358 4699 1512 4766 qnod
1541 4699 1772 4766 quidem
1803 4715 1947 4768 opus

656 4769 952 4824 Avenione
981 4770 1094 4824 fuit
1119 4772 1352 4832 factum,
1398 4770 1629 4824 Parisiis
1672 4787 1803 4824 vero
1831 4787 1946 4823 cor-

658 4843 875 4895 rectum
894 4845 951 4894 et
966 4845 1292 4897 tabulatum
1311 4846 1381 4914 (a.
1414 4847 1624 4914 1274)“.
1642 4842 1725 4897 Cf.
1746 4845 1945 4896 Franc.

649 4912 854 4967 ,Plaine
883 4913 945 4966 in
975 4913 1337 4983 Polybiblion
1366 4918 1521 4970 1885.
1551 4914 1591 4979 1,
1620 4919 1742 4969 174.

2001 4626 2094 4679 die
2114 4627 2564 4681 Charakteristik
2576 4627 2675 4682 des
2688 4628 2906 4683 Alanus
2916 4647 2987 4682 zu
2999 4629 3286 4701 schopfen.

2002 4698 2214 4751 Verum
2259 4698 2527 4752 Haureau
2571 4699 2715 4754 Hist.
2744 4700 2814 4752 de
2842 4700 2899 4754 la
2925 4699 3285 4772 philosophie

2001 4769 2193 4833 schol„
2223 4769 2454 4824 Parisiis
2484 4775 2639 4834 1872,
2668 4772 2848 4837 1‚502‚
2867 4775 3064 4826 censet
3077 4772 3285 4828 librum

2001 4841 2153 4895 hunc
2179 4841 2551 4896 tribuendum
2581 4859 2699 4897 esse
2727 4843 2779 4896 N
2796 4843 2863 4896 ic
2881 4858 2913 4896 ο
2931 4844 3001 4898 la.
3019 4861 3051 4898 0
3081 4845 3286 4900 ambia-

1994 4913 2165 4966 -nensi
2193 4913 2427 4980 aequali
2454 4913 2627 4968 Alani
2655 4914 2858 4971 nostri.
