3475 5364
350 368 509 422 1477
617 352 670 405 S.
699 351 1012 420 Scriptura.
1040 350 1264 411 Beuter‚
1294 350 1362 403 de
1390 349 1698 413 Tolosanis,
1729 347 2118 417 Nowopolski,
2148 347 2305 412 Ruiz,
2335 346 2536 400 Placus
2563 348 2667 400 etc.

343 556 386 595 S.
409 538 766 612 Scripturas,
801 536 872 595 de
905 537 1363 595 translatoribus
1398 555 1442 600 s.
1465 536 1620 595 Scri-

342 632 586 702 pturae;
624 646 696 684 an
718 626 978 701 Vulgata
1009 626 1190 684 editio
1224 627 1305 685 sit
1336 626 1389 683 d.
1414 626 1620 684 Hiero-

342 716 522 790 nymi.
600 718 799 774 Ausus
840 720 931 773 est
961 715 1136 773 etiam
1169 719 1405 774 tentare
1437 715 1621 774 histo-

341 805 482 863 riam
513 805 837 880 Hispaniae
869 804 1279 873 universalem,
1315 805 1621 880 speciatim

342 914 479 953 vero
513 894 681 970 regni
695 893 1015 963 valentiae,
1050 894 1260 969 lingua
1288 894 1498 970 patria,
1521 893 1621 952 sed

342 984 540 1041 minus
592 982 841 1041 feliciter
885 1001 953 1040 ex
1000 982 1233 1041 defectu
1281 984 1428 1041 artis
1460 982 1621 1041 criti-

343 1070 519 1152 cael).
601 1072 688 1130 De
735 1078 891 1129 recta
935 1068 1212 1146 sacrificii
1254 1072 1532 1131 oblatione
1565 1077 1625 1129 et

340 1160 721 1219 caeremoniis
752 1159 825 1218 ad
855 1161 1116 1229 missam,
1149 1161 1427 1237 Lugduni
1454 1169 1619 1223 1542

343 1251 406 1308 in
443 1259 496 1312 8.
548 1283 635 1293 -
686 1250 1029 1309 Joannes
1063 1250 1245 1308 Maria
1295 1250 1367 1308 de
1413 1250 1622 1308 Tolo-

341 1358 368 1397 s
387 1340 559 1398 anis
611 1338 674 1396 Ο.
726 1330 928 1396 Praed.
992 1338 1301 1409 Etruscus,
1355 1339 1624 1398 fidelissi·

316 1448 573 1502 ‚morum
591 1428 981 1486 Savonarolae
998 1429 1430 1504 proselytarum
1451 1446 1622 1499 nune,

345 1517 726 1600 antiquitatis
776 1517 1084 1593 indagator
1129 1519 1190 1575 et
1220 1521 1627 1593 perscrutator

342 1610 672 1676 accuratus,
722 1606 1050 1681 disputavit
1089 1607 1158 1664 de
1188 1604 1508 1683 purissima
1538 1626 1625 1664 ve-

343 1699 514 1754 ritate
562 1696 791 1753 divinae
823 1695 1165 1770 Scripturae
1215 1696 1501 1754 adversus
1534 1715 1624 1754 er-

342 1802 503 1845 rores
536 1785 839 1853 humanos,
873 1802 990 1859 quo
1023 1785 1082 1842 in
1116 1785 1152 1842 l.
1185 1787 1256 1844 ut
1286 1785 1521 1843 videtur
1534 1786 1625 1843 in·

342 1874 504 1933 edito
537 1874 919 1932 continentur
966 1873 1387 1948 inquisitiones
1437 1892 1504 1932 ac
1534 1894 1626 1932 re-

348 1963 675 2021 solutiones
706 1963 772 2021 V.
821 1965 883 2020 et
927 1963 999 2020 N.
1044 1962 1105 2020 Τ.
1170 1964 1255 2021 De
1285 1965 1628 2021 correctione

341 2053 667 2110 calendarii
684 2071 789 2127 pro
812 2071 948 2109 vera
968 2052 1360 2110 celebratione
1381 2054 1626 2128 pascha-

342 2142 421 2199 tis
470 2145 531 2199 et
576 2141 648 2199 de
694 2141 1135 2215 computatione
1181 2159 1470 2200 annorum
1512 2142 1624 2200 Do-

345 2230 520 2288 mini:
555 2249 706 2305 quae
726 2230 843 2287 duo
864 2230 1146 2304 opuscula
1178 2226 1522 2312 dicuntur2)
1554 2231 1626 2289 ad

345 2337 501 2377 conc.
534 2318 928 2376 tridentinum
976 2319 1049 2375 ab
1083 2326 1323 2378 auctore
1357 2321 1536 2377 missa
1567 2323 1628 2377 et

343 2427 479 2467 cum
531 2408 736 2465 similis
787 2409 1021 2484 generis
1084 2412 1157 2465 tr.
1208 2409 1301 2467 Jo.
1350 2408 1624 2467 Lucidi

349 2496 667 2566 Samotbei,
702 2497 798 2554 cui
830 2497 1085 2555 titulus:
1137 2498 1206 2554 de
1236 2495 1628 2556 emendatione

347 2594 669 2659 temporum
700 2585 987 2661 impressa
1007 2585 1267 2645 Venetiis
1296 2596 1457 2648 154a
1483 2587 1544 2644 in
1569 2596 1624 2648 4.

344 2708 430 2720 --
462 2674 845 2735 Albertus
886 2675 1383 2752 Nowopolski
1419 2672 1625 2757 (Novi-

340 2760 712 2847 campianus)
747 2765 1061 2824 institutor
1090 2767 1377 2841 principis
1409 2766 1448 2824 J
1452 2785 1501 2822 0.
1533 2766 1624 2823 Si·

341 2854 644 2930 gismundi
676 2854 930 2929 Zapolya
960 2854 1063 2912 filii
1097 2856 1252 2932 regis
1287 2854 1625 2931 Hungariae

344 2942 407 3020 (†
448 2940 657 3022 1558),
695 2947 904 3001 auctor
933 2949 1025 3001 est
1057 2963 1332 3020 operum:
1400 2946 1624 3018 Scopus

340 3032 579 3090 biblicus
625 3033 690 3089 V.
744 3035 796 3089 et
830 3033 904 3094 N.
950 3033 1010 3090 Τ.
1056 3051 1192 3091 cum
1226 3032 1622 3092 adnotationi-

342 3121 456 3178 bus
473 3139 663 3178 summ
672 3140 765 3179 am
784 3121 1083 3180 doctrinae
1099 3122 1456 3181 christianae
1467 3141 1623 3181 com-

343 3209 763 3284 plectentibuS‚
797 3211 1099 3269 Cracoviae
1136 3221 1302 3272 1553
1359 3216 1419 3268 et
1450 3211 1624 3280 alibi;

344 3298 622 3373 Lugduni
664 3306 824 3359 1572
879 3317 1012 3357 cum
1063 3300 1102 3361 l.
1155 3301 1224 3356 de
1254 3302 1623 3375 corruptissi-

345 3389 455 3445 mis
486 3388 659 3462 hujus
688 3389 860 3445 seculi
907 3389 1157 3446 moribus
1187 3389 1485 3463 variisque
1535 3393 1622 3446 at·

346 3495 461 3550 que
493 3476 863 3535 turbulentis
882 3477 947 3535 in
962 3478 1251 3553 religione
1271 3478 1625 3535 christianae

340 3565 629 3624 doctrinis
646 3561 748 3646 (ib.
774 3576 798 3627 1
817 3575 848 3627 5
861 3577 892 3626 5
906 3561 987 3647 7),
1006 3585 1156 3642 opus
1172 3586 1369 3625 rarum
1386 3561 1530 3648 (m.4
1542 3564 1624 3645 O);

340 3657 583 3712 assertio
603 3656 991 3729 quorundam,
1025 3660 1331 3714 caritatem
1360 3674 1481 3714 non
1501 3673 1625 3713 esse

2797 363 2958 417 1478

1678 537 2027 594 Franciscus
2078 534 2264 593 Ruiz
2298 535 2472 604 0813„
2526 534 2597 591 de
2630 533 2963 593 Valladolid

1678 644 1753 683 ss,
1769 625 2079 684 literarum
2093 623 2397 698 totiusque
2408 623 2494 681 rei
2505 622 2760 681 biblicae
2773 621 2960 681 scien·
3061 648 3064 653 >

1677 715 1762 773 tia
1794 714 1911 773 fuit
1943 715 2155 783 clarus,
2204 713 2300 770 cui
2333 713 2693 771 exoticarum
2728 712 2961 789 lingua-

1680 822 1813 861 rum
1848 803 2110 880 cognitio
2155 802 2314 859 haud
2360 800 2650 859 mediocre
2691 801 2965 876 adjunxit

1679 897 2129 952 ornamentum:
2164 891 2303 950 hinc
2325 910 2358 950 a
2379 891 2543 948 Sixto
2565 891 2799 948 senensi
2818 890 2960 949 bibl.

1681 1001 1724 1039 s.
1761 983 1796 1040 l.
1823 992 1897 1050 4.,
1934 984 2071 1040 Ant.
2093 979 2404 1039 Posserino
2440 980 2503 1036 in
2523 999 2722 1055 appar.
2743 980 2777 1036 l.
2801 980 2961 1038 aliis-

1680 1089 1797 1146 que
1831 1071 2132 1129 laudatur.
2167 1069 2419 1145 Collegit
2439 1069 2689 1146 Reyulas
2711 1070 2840 1127 333
2871 1070 2960 1128 in-

1679 1159 1990 1236 telligendi
2004 1179 2076 1222 ss.
2099 1159 2433 1233 Scripturas
2454 1176 2521 1216 ex
2543 1161 2742 1215 mente
2764 1177 2838 1220 ss,
2858 1178 2961 1234 pa·

1681 1253 1843 1307 trum
1874 1252 2007 1307 tum
2053 1266 2397 1324 graecorum
2450 1250 2579 1305 tum
2615 1247 2961 1317 latinorum,

1681 1357 1829 1414 quas
1861 1338 2141 1397 brevibus
2160 1335 2677 1411 explanationibus
2698 1336 2962 1395 illustra-

1679 1428 1785 1496 vit,
1803 1427 2122 1503 Lugduni]
2145 1436 2288 1497 5463
2311 1425 2553 1483 Parisiis
2578 1434 2738 1487 1547
2761 1445 2775 1495 3
2801 1425 2960 1484 Colo·

1680 1517 1815 1575 niae
1849 1535 1981 1575 cum
2006 1516 2167 1574 Sixto
2199 1534 2318 1576 sen.
2350 1523 2543 1582 158&
2584 1514 2961 1573 Constantiae

1688 1615 1873 1669 1598.
1908 1640 1995 1650 —
2028 1604 2481 1663 Ambrosius
2515 1602 2962 1670 Quistellns

1682 1694 1777 1752 vel
1824 1694 1896 1752 de
1943 1693 2210 1753 Pistallis
2260 1688 2587 1774 (Pisteolis)
2624 1691 2686 1749 Ο.
2722 1692 2776 1750 S.
2811 1696 2961 1770 Aug.

1682 1784 2020 1860 patavium,
2070 1782 2300 1840 ordinis
2333 1783 2681 1857 procurator
2713 1783 2773 1838 et
2804 1782 2960 1840 vica-

1683 1874 1808 1932 rius
1857 1872 2149 1950 generalis
2196 1866 2257 1952 (†
2294 1880 2346 1934 8.
2380 1870 2502 1928 Jul.
2543 1865 2756 1949 1549),
2805 1888 2962 1929 com-

1684 1964 1987 2020 mentatus
2019 1966 2113 2020 est
2142 1960 2493 2036 magistrum
2511 1960 2960 2028 sententiarum,

1683 2047 1966 2111 lectiones
1998 2052 2068 2108 ad
2103 2049 2393 2125 populum
2426 2048 2637 2106 habuit
2664 2048 2727 2105 in
2758 2066 2962 2107 omnes

1684 2160 1727 2199 s.
1764 2140 1935 2199 Pauli
1968 2139 2253 2215 epistolas
2295 2142 2357 2196 et
2401 2155 2551 2213 opus
2586 2137 2964 2196 concinnavit

1683 2230 1967 2287 adversus
1997 2227 2398 2303 philosophos,
2446 2244 2544 2284 eos
2578 2227 2697 2283 scil.
2732 2226 2836 2300 qui
2870 2246 2961 2285 as·

1682 2322 1909 2388 serunt,
1927 2317 2187 2375 divinam
2205 2316 2574 2391 Scripturam
2589 2333 2961 2391 nequaquam

1681 2426 1853 2483 posse
1869 2406 2097 2483 percipi
2113 2406 2228 2464 nisi
2240 2406 2313 2463 ab
2324 2405 2434 2474 his,
2459 2404 2565 2480 qui
2576 2405 2789 2463 bonam
2807 2405 2964 2463 vitae

1682 2500 1916 2572 partem
1949 2496 2014 2553 in
2028 2495 2372 2554 Aristotelis
2405 2498 2468 2552 et
2497 2494 2750 2552 aliorum
2769 2494 2962 2568 philo-

1683 2586 2004 2661 sophorum
2014 2585 2267 2643 lectione
2278 2582 2684 2653 contriverint,
2698 2583 2963 2641 Venetiis

1689 2686 1856 2739 1536
1903 2674 1964 2733 in
2016 2682 2084 2745 83
2138 2681 2323 2736 1537.
2390 2672 2684 2731 Disseruit
2727 2691 2964 2748 quoque

1681 2767 1750 2823 de
1811 2766 1978 2823 modo
2032 2763 2420 2838 praedicandi
2467 2762 2843 2836 Evanqelium
2904 2766 2965 2821 et

1682 2855 1982 2914 Christum
2028 2852 2388 2922 crucifixum,
2442 2851 2706 2909 Venetiis
2763 2860 2921 2913 1537
2947 2873 2960 2922 ;

1689 2953 1855 3006 1544
1914 2944 1978 3001 in
2032 2953 2085 3007 8.
2140 2975 2224 2984 -
2273 2940 2619 2999 Andreas
2684 2941 2960 2999 Placus

1683 3028 1911 3113 (Plack)
1935 3032 1999 3093 Ο.
2020 3031 2160 3090 Min.
2194 3031 2597 3106 MoguntinuS‚
2631 3027 2963 3106 discipulus
3033 3081 3034 3084 ,

1680 3122 1806 3180 Nic.
1871 3122 2161 3190 Herborn,
2226 3119 2660 3178 commissarius
2705 3118 2964 3178 familiae

1681 3230 1833 3286 quae
1843 3210 2067 3268 dicitur
2079 3210 2525 3268 ultramontana
2538 3203 2603 3287 ¹),
2620 3207 2966 3283 compilavit

1681 3300 1832 3358 utile
1879 3300 2132 3357 Leaeicon
2177 3298 2441 3355 biblicum
2480 3313 2674 3354 sacrae
2710 3296 2964 3370 philoso-

1680 3389 1856 3464 phiae
1876 3386 2204 3445 candidatis
2237 3386 2610 3443 elaboratum
2630 3402 2764 3442 cum
2795 3401 2964 3459 opor·

1682 3483 1831 3535 tuna
1858 3476 2266 3534 obscuriorum
2300 3474 2540 3531 interim
2575 3473 2831 3531 locorum
2865 3492 2963 3531 ex-

1684 3565 1998 3646 plicatione
2032 3559 2219 3644 (ultra
2251 3559 2447 3642 6000)
2485 3561 2755 3619 Coloniae
2780 3571 2963 3631 15:363

1689 3667 1710 3717 l
1732 3663 1854 3717 543
1874 3655 1962 3712 ed.
1984 3664 2017 3715 2
2039 3652 2330 3723 3Basileae
2353 3660 2553 3718 1559;
2588 3652 2967 3708 institutiones

343 3745 622 3819 majorem
671 3747 849 3818 atque
893 3745 1381 3820 praestantiorem
1427 3745 1626 3803 bacin
1680 3743 2145 3822 qrammaticales
2176 3741 2448 3798 hebraeae
2498 3758 2617 3796 una
2646 3758 2778 3796 cum
2813 3739 2847 3797 J
2854 3757 2965 3798 ona

347 3832 496 3891 vita.
517 3878 560 3890 ..
596 3833 921 3909 Scripturis
953 3853 1023 3892 ss.
1046 3852 1126 3891 ac.
1149 3834 1506 3893 testimoniis
1532 3851 1625 3891 or-

340 3922 733 3981 thodoxorum
747 3922 1067 3991 confutata,
1101 3923 1402 3982 cracoviae
1432 3933 1455 3984 1
1473 3933 1504 3984 5
1517 3931 1548 3984 5
1560 3931 1592 3985 5
1610 3944 1624 3992 3

342 4013 412 4068 de
434 4019 716 4084 potestate
745 4014 994 4088 qemina,
1040 4031 1158 4086 qua
1190 4012 1421 4088 regitur
1451 4031 1624 4069 mun-

346 4099 477 4168 dus,
530 4100 923 4159 ecclesiastica
953 4105 1015 4159 et
1063 4102 1242 4177 regia,
1294 4106 1424 4159 tum
1476 4119 1626 4175 quae

345 4188 584 4246 illarum
634 4189 827 4247 officia
875 4190 998 4248 sint
1047 4191 1255 4260 oratic,
1320 4189 1625 4249 Cracoviae

352 4288 537 4340 1559.
615 4278 1080 4337 Commentarius
1126 4280 1189 4339 in
1235 4279 1337 4336 Ev.
1381 4279 1627 4337 Joannis

341 4373 406 4425 et
467 4386 556 4442 ep.
619 4368 928 4427 canonicas
993 4387 1112 4427 non
1172 4368 1396 4445 prodiit
1419 4364 1487 4448 ³).
1541 4401 1624 4411 —-

422 4558 461 4626 ¹)
490 4554 570 4612 Cf.
601 4556 724 4608 Nic.
763 4557 1047 4612 Antonius
1089 4557 1225 4612 bibl.
1268 4556 1418 4625 hisp.
1460 4574 1514 4610 n.
1559 4555 1625 4620 11,

346 4630 466 4762 179).
490 4697 570 4751 Cf.
602 4698 821 4752 Echard
851 4698 920 4765 11,
948 4705 1069 4756 124.

421 4773 462 4840 ⁸)
492 4769 573 4823 Cf.
602 4769 894 4824 Zschokke
921 4771 1011 4824 die
1039 4770 1212 4825 theol.
1241 4769 1481 4823 Studien
1510 4770 1628 4823 und

344 4841 648 4895 Anstalten
676 4841 776 4896 der
803 4841 961 4897 kath.
978 4842 1183 4896 Kirche
1209 4842 1271 4895 in
1300 4841 1629 4906 osterreich,

349 4911 519 4966 Wien
547 4917 689 4970 1894
714 4921 741 4979 ς
770 4917 837 4970 15
865 4934 920 4984 p.
946 4918 1067 4970 290.

1683 3834 1970 3909 propheta
2009 3832 2260 3906 ejusque
2280 3829 2549 3888 versione
2569 3828 2769 3896 latina,
2788 3827 2965 3886 Vien-

1683 3941 1795 3980 nae
1839 3929 1998 3984 1552
2037 3921 2100 3977 in
2135 3927 2201 3988 ὃς
2265 3918 2668 3976 difficiliorum
2702 3921 2762 3974 et
2793 3936 2963 3992 grae-

1683 4030 1887 4070 carum
1920 4015 1980 4067 et
2011 4008 2418 4067 hebraicarum
2451 4007 2833 4081 omniumque
2866 4025 2966 4082 pe-

1682 4100 2051 4176 regrinarum
2098 4097 2424 4156 dictionum
2475 4097 2538 4154 in
2587 4096 2876 4153 Geneseos
2907 4096 2963 4184 ‚¹-

1760 4274 1799 4340 ¹)
1827 4268 1994 4323 Hnnc
2037 4273 2324 4321 auctorem
2369 4266 2443 4320 Le
2488 4265 2648 4335 Long
2689 4284 2743 4335 p.
2769 4270 2875 4322 908
2910 4267 2969 4320 et

1683 4339 2038 4396 Botermund
2067 4340 2441 4408 Fortsetzung
2477 4337 2595 4391 und
2625 4337 2966 4418 Erganzung

1684 4431 1754 4466 zu
1782 4411 2015 4466 chhers
2061 4410 2474 4465 Gelehrtenlex.
2520 4408 2611 4471 vl,
2652 4414 2757 4466 340
2797 4408 2966 4461 calvi-

1685 4485 1896 4538 nistam
1914 4483 2146 4541 dicunt;
2174 4481 2225 4535 N
2231 4481 2640 4535 omenclatores
2668 4497 2797 4534 vero
2819 4480 2967 4532 fran-

1685 4555 1894 4609 ciscani
1923 4554 2041 4607 suis
2069 4556 2320 4623 (excepto
2346 4550 2659 4624 Wadding)
2696 4551 2968 4604 adnume-

1684 4630 1832 4692 rant,
1875 4625 2034 4680 nulla
2084 4627 2236 4678 facta
2286 4623 2604 4695 apostasiae
2651 4623 2967 4676 mentione:

1685 4701 1744 4752 et
1771 4698 1974 4752 merito
2002 4697 2233 4765 quidem
2262 4696 2543 4749 cumbaec
2559 4693 2635 4747 sit-
2649 4694 2819 4765 plane
2840 4709 2966 4746 con·

1686 4770 1832 4825 ficta.
1881 4769 1963 4823 Cf.
1991 4767 2134 4822 Falk
2163 4767 2360 4820 Pastor
2388 4769 2569 4821 bonus
2595 4767 2686 4830 xl,
2717 4768 2965 4824 126-130:

1687 4840 2083 4895 Bibelstudien
2114 4879 2125 4891 .
2154 4878 2166 4891 .
2197 4881 2207 4892 .
2235 4839 2297 4891 in
2323 4838 2529 4902 Mainz,
2557 4843 2714 4900 1901,
2760 4854 2814 4905 p.
2842 4841 2969 4892 175-

2541 5001 2631 5055 47·
