3475 5364
328 412 445 463 897

1347 389 1396 442 N
1401 389 1617 444 icolaus
1646 392 1919 446 Cusanus.

2807 408 2929 462 898

324 580 386 637 in
401 578 611 636 itinere
626 575 981 635 Liburnium
996 594 1204 634 versus
1216 596 1321 651 pro
1339 578 1603 652 urgenda
1623 578 1633 640 Ι
1654 581 1759 635 tur
1790 578 1919 653 ejus
1951 578 2253 636 eonsilium
2270 577 2338 633 de
2356 579 2726 652 reparatione
2743 578 2933 636 calen-

324 667 695 743 expeditione
714 665 913 722 navali
932 665 1216 723 adversus
1239 665 1458 724 Turcas
1479 666 1597 724 Tu·
1656 667 1818 725 darii
1848 663 2095 726 concilio
2137 665 2453 724 basileensi
2486 686 2533 724 a.
2578 675 2742 731 1436
2777 667 2934 725 inter

324 756 477 815 detti
509 755 571 813 in
604 753 844 812 Umbria
888 765 977 816 11.
1016 756 1164 830 Aug.
1211 765 1404 816 1464:
1460 773 1598 814 nam
1656 774 1750 831 op.
1797 774 1853 831 p.
1901 756 2005 817 111.
2049 774 2182 833 pag.
2238 765 2402 817 1155
2448 755 2709 815 Basilsae
2770 765 2928 819 1565

325 846 388 903 in
422 843 878 920 quamplurimis
898 843 1267 919 gravissimis
1286 844 1543 920 negotiis
1567 863 1601 902 a
1656 846 2045 920 propositum,
2093 845 2194 902 sed
2240 845 2315 902 ob
2357 844 2473 903 alia
2516 845 2762 921 negotia
2790 863 2933 922 neg—

322 933 578 992 romanis
607 932 989 1009 pontificibus
1029 932 1296 992 adhibita
1322 932 1444 990 fuit
1474 935 1603 1011 ejus
1657 935 1894 1004 lectum,
1947 941 2007 992 et
2057 933 2216 1010 quod
2266 936 2458 992 terrae
2509 938 2735 993 motum
2783 934 2936 993 circa

323 1023 576 1081 solertia.
639 1021 983 1080 celebratur
1032 1021 1105 1078 ab
1152 1022 1498 1096 aequalibus
1542 1027 1604 1080 et
1656 1025 1841 1082 solem
1862 1023 2134 1099 quamvis
2165 1042 2200 1080 a
2222 1022 2403 1098 priori
2420 1022 2710 1098 probaret.
2746 1023 2932 1100 Sagax

323 1111 574 1187 posteris
591 1129 710 1169 non
729 1111 922 1168 solum
943 1111 994 1184 ej
1005 1128 1073 1167 us
1095 1110 1458 1185 eloquentia,
1483 1130 1601 1186 qua
1657 1116 1786 1171 erat
1805 1132 1925 1172 non
1956 1113 2151 1172 solum
2169 1112 2484 1188 theologus
2520 1112 2622 1170 sed
2655 1115 2717 1171 et
2743 1112 2933 1187 philo-

324 1200 618 1276 quidquid
649 1218 715 1257 ex
737 1203 1001 1274 tempore
1029 1198 1343 1257 dicendum
1363 1200 1600 1258 incidis·
1658 1202 1907 1277 sophus:
1942 1200 2207 1260 studium
2227 1201 2536 1259 literarum
2555 1201 2933 1260 classicarum

326 1295 432 1356 set,
468 1289 530 1347 id
560 1289 669 1347 tali
698 1288 864 1363 copia
893 1288 1238 1358 disserebat,
1275 1293 1346 1346 ut
1376 1289 1469 1347 illi
1491 1289 1602 1348 soli
1657 1309 1816 1350 unus
1849 1310 1915 1349 ex
1949 1291 2153 1366 primis
2182 1289 2513 1366 plurimum
2547 1290 2846 1365 promovit
2874 1293 2935 1348 et

325 1378 595 1437 facultati
620 1377 925 1436 studuisse
939 1377 1257 1448 videretur,
1277 1377 1452 1437 sedet
1467 1397 1597 1437 eru·

326 1467 572 1526 ditionis
605 1468 867 1524 vastitas.
903 1466 1166 1524 Oallebat
1182 1467 1415 1543 linguas
1431 1486 1599 1544 grae·

326 1573 450 1615 cam
502 1564 562 1614 et
611 1555 959 1618 hebraicam.
1013 1555 1171 1631 quod
1205 1560 1351 1614 tunc
1383 1576 1600 1625 rarum,

326 1645 638 1704 mathesim
652 1639 700 1726 ¹)
734 1647 795 1703 et
825 1646 1271 1712 astronomiam,
1319 1649 1389 1703 ut
1421 1649 1599 1704 testa-

429 1891 465 1958 ¹)
516 1885 599 1939 Cf.
647 1885 921 1940 Katholik
985 1889 1141 1942 1887.
1206 1885 1272 1948 11,
1327 1888 1602 1942 143-65:

324 1960 602 2018 251—772
652 1960 919 2020 337—56‚
971 1956 1070 2010 ubi
1121 1958 1244 2009 fuse
1297 1956 1604 2024 exponitur

324 2030 447 2099 ejus
473 2027 734 2083 doctrina
776 2028 845 2081 de
875 2029 1108 2084 mundo.
1152 2026 1287 2099 Pag.
1316 2031 1451 2084 158:
1506 2028 1603 2092 „ln

325 2099 508 2154 seiner
536 2099 801 2154 Methode
818 2098 1242 2153 unterscheidet
1261 2100 1380 2152 sich
1401 2098 1472 2153 N.
1492 2116 1603 2154 von

324 2172 436 2225 den
461 2170 883 2225 Scholastikern
925 2169 1279 2226 namentlich
1304 2170 1486 2224 durch
1513 2169 1604 2223 die

324 2241 806 2313 eigenthiimliche
846 2241 1009 2296 Rolle
1047 2242 1137 2296 die
1176 2258 1237 2295 er
1261 2241 1361 2294 der
1387 2241 1602 2295 Mathe·

324 2313 524 2380 matik‚
567 2312 967 2367 insbesondere
1008 2313 1108 2367 der
1151 2311 1470 2368 Geometrie
1510 2330 1604 2366 zu-

323 2384 512 2439 theilt.
575 2384 678 2438 Die
728 2383 1103 2438 Mathematik
1153 2384 1347 2437 macht
1393 2399 1454 2436 er
1503 2399 1604 2437 zur

325 2457 653 2526 Grundlage
704 2456 884 2510 seinos
933 2471 1151 2525 ganzeu
1196 2456 1444 2524 Systems
1483 2496 1495 2508 .
1538 2496 1550 2510 .
1588 2496 1602 2510 .

325 2527 546 2582 (lberali
574 2528 687 2581 fast
711 2526 865 2581 nieht
888 2543 948 2580 er
964 2527 1057 2582 die
1073 2526 1393 2581 Geometrie
1408 2526 1602 2591 heran,

323 2618 420 2653 um
447 2599 600 2653 aeine
640 2598 1133 2668 metaphysischen
1175 2600 1336 2652 §atae
1376 2615 1444 2652 zu
1486 2614 1604 2651 vcr-

322 2670 655 2725 deutlichen
684 2668 801 2724 und
830 2689 897 2723 zu
927 2669 1408 2729 versinnbilden,⁴·
1453 2668 1605 2724 Hinc

324 2742 431 2797 scri
475 2744 551 2796 sit
576 2741 793 2796 Schanz
834 2741 934 2796 der
961 2740 1123 2796 Card.
1165 2741 1236 2794 N.
1265 2759 1316 2796 v.
1347 2741 1493 2795 Cusa.
1519 2743 1603 2796 als

324 2813 445 2867 Mat
486 2813 777 2876 ematiker‚
806 2812 1074 2867 Rottweil
1101 2817 1269 2870 1872:
1311 2811 1404 2867 die
1430 2814 1603 2866 astro-

322 2902 474 2942 nom.
529 2885 989 2953 Anschauungen
1040 2886 1162 2948 ete..
1214 2884 1291 2938 ib.
1336 2888 1494 2949 1873,
1547 2886 1606 2938 et

322 2956 756 3010 Zimmermann:
775 2955 886 3008 Der
902 2956 1064 3009 Card.
1078 2973 1188 3010 von
1200 2954 1353 3009 Kues
1369 2957 1454 3010 als
1468 2955 1602 3011 Vor-

325 3027 508 3081 laufer
534 3027 882 3091 Leibmzens‚
922 3027 1202 3082 Abhandl.
1245 3025 1346 3079 der
1372 3025 1603 3081 Wiener

322 3098 636 3153 Akademie
655 3102 810 3155 1852.
828 3097 1068 3151 Ratione
1086 3097 1258 3167 hujus
1273 3097 1604 3179 sagacitatis
1648 3150 1651 3156 Δ

322 3170 382 3223 iu
427 3172 594 3224 rebus
642 3168 1057 3223 mathematicis
1101 3171 1160 3222 et
1202 3169 1453 3240 physicis
1497 3175 1602 3225 etc.

1657 1381 1823 1439 fovit.

1750 1569 1897 1622 440.
1957 1558 2138 1616 Plura
2197 1557 2458 1632 ejusdem
2523 1577 2702 1633 opera
2761 1553 2933 1640 (non)

1659 1645 1877 1728 omnia)
1913 1648 2161 1706 collecta
2189 1647 2540 1723 prodierunt
2571 1666 2615 1708 8.
2649 1647 2687 1708 1.
2720 1649 2782 1706 et
2811 1667 2846 1705 a
2872 1642 2934 1728 (f.

1658 1737 1922 1796 Basileae
1941 1757 1989 1795 a.
2022 1731 2244 1818 1476);
2278 1736 2363 1793 ed.
2388 1736 2573 1794 Fabro
2595 1737 2936 1811 Stapulensi

1658 1826 1906 1885 Parisiis
1966 1836 2132 1889 1514
2181 1829 2226 1883 t.
2281 1835 2316 1888 3
2369 1825 2432 1882 in
2466 1834 2537 1894 83
2589 1829 2650 1884 et
2700 1825 2935 1900 plenius
2992 1828 2999 1835 '

1657 1915 1921 1974 Basileae
1949 1927 1973 1976 1
1991 1925 2112 1979 565
2136 1918 2179 1973 t.
2207 1924 2242 1977 3
2265 1915 2326 1972 in
2342 1914 2399 1982 f..
2433 1932 2685 1989 quorum
2707 1914 2937 1989 potiora

1657 2009 1828 2063 sunt:
1879 2005 1965 2062 De
1995 2005 2161 2062 docta
2191 2006 2524 2080 iqnoraneia
2555 2003 2935 2079 praecisionis

1658 2092 1928 2152 veritatis
1990 2092 2417 2169 inattingibilis
2489 2094 2560 2150 ad
2623 2093 2661 2150 J
2663 2092 2936 2151 ulianum

1658 2182 1812 2240 eard.
1864 2182 1926 2243 ll.
1982 2192 2038 2251 3,
2091 2182 2197 2257 qui
2250 2183 2407 2240 inter
2456 2199 2662 2256 parum
2716 2180 2936 2239 solidas

1660 2271 1964 2345 quasdam,
1999 2271 2219 2346 quibus
2253 2271 2432 2329 sacris
2466 2271 2604 2328 vult
2634 2270 2935 2345 mysteriis

1659 2362 1861 2419 lumen
1895 2359 2216 2430 affundere,
2267 2358 2473 2417 referti
2515 2362 2659 2417 sunt
2689 2357 2932 2434 profun—

1657 2449 1750 2507 dis
1797 2453 1858 2508 et
1902 2448 2224 2526 ingeniosis
2271 2447 2755 2507 meditationibus
2798 2444 2933 2526 (scr.

1670 2533 1880 2619 1440).
1945 2539 2069 2598 Hoc
2117 2538 2183 2596 in
2231 2556 2405 2612 opere
2451 2556 2571 2595 non
2621 2556 2829 2612 parum
2877 2555 2939 2595 se

1658 2628 1907 2704 opponit
1927 2626 2329 2704 philosophiae
2350 2626 2741 2688 scholasticae.
2776 2625 2939 2701 Opus

1657 2714 2101 2797 impugnavit1)
2148 2717 2239 2776 Jo.
2287 2716 2558 2776 Wenck
2606 2716 2934 2774 heidelber-

1657 2807 1859 2884 gensis
1910 2807 2193 2883 magister
2241 2805 2574 2883 theologiae
2625 2806 2685 2862 in
2733 2805 2938 2882 Iynota

1658 2898 1966 2954 literatura
1987 2917 2007 2954 .·
2051 2896 2189 2954 hinc
2221 2895 2529 2970 respondit
2562 2889 2788 2975 (1449)
2824 2892 2934 2951 Cu-

1659 3003 1839 3044 sanus
1872 2987 2139 3062 apoloyia
2181 2985 2385 3043 doctae
2432 2984 2817 3061 ignorantiae.
2850 3016 2931 3027 --

1661 3075 1746 3132 De
1775 3076 2117 3149 conjecturis
2165 3074 2287 3132 sive
2338 3091 2574 3131 omnem
2620 3073 2936 3131 humanam

1659 3164 1782 3222 veri
1814 3164 2132 3239 positivam
2153 3162 2535 3221 assertionem
2559 3179 2689 3219 esse
2709 3161 2936 3237 conjec-

322 3241 640 3295 absolvitur
679 3240 811 3294 diss.
849 3241 911 3295 in
938 3240 1210 3296 Katholik
1244 3241 1283 3293 l.
1311 3258 1355 3295 c.
1384 3257 1439 3309 p.
1466 3245 1604 3297 355:
1656 3259 1855 3310 turam
1902 3253 1961 3309 η,
2001 3261 2034 3314 2
2086 3248 2204 3331 (gat,
2248 3251 2511 3325 obscuri)
2566 3250 2639 3307 ad
2684 3250 2936 3309 eundem

323 3312 446 3368 Nic.
477 3329 590 3367 von
616 3311 769 3366 Kues
795 3311 871 3366 ist
895 3312 984 3365 ein
1014 3311 1172 3365 Blatt
1196 3311 1315 3365 und
1338 3328 1487 3365 zwar
1502 3311 1603 3365 das

323 3386 468 3437 erste
517 3383 672 3437 Blatt
714 3382 871 3436 einer
915 3399 1099 3437 neuen
1137 3382 1366 3452 Epoche
1406 3382 1466 3436 in
1504 3384 1605 3436 der

324 3453 704 3536 Kosmologie.
735 3454 814 3507 De
841 3456 965 3524 ejus
994 3453 1279 3523 theologia
1304 3455 1375 3508 cf.
1399 3452 1603 3508 Uebin-

362 3543 422 3579 er
459 3525 519 3579 in
560 3526 706 3596 disp.
747 3543 809 3579 sa
852 3526 935 3580 aci
991 3526 1083 3596 (cf.
1125 3525 1339 3580 Ganter
1365 3524 1515 3578 OSB.
1541 3525 1604 3577 in

364 3597 588 3652 eitschr.
616 3598 654 3651 f.
682 3598 736 3650 k.
764 3600 808 3651 T
852 3599 954 3651 eol.
979 3597 1106 3650 xm
1127 3599 1324 3668 (1889),
1347 3600 1601 3668 530-546)

323 3668 413 3723 die
442 3668 794 3723 Gotteslehre
836 3668 934 3721 des
961 3667 1030 3722 N.
1059 3668 1317 3722 Cusanus
1345 3667 1602 3722 Mnnster

325 3742 479 3805 1887,
522 3739 625 3808 qui
651 3741 710 3793 et
734 3738 944 3794 Cusani
979 3739 1208 3794 exhibet
1233 3738 1601 3809 Tetralogum

1657 3341 1695 3398 J
1701 3341 1985 3399 alianum.
2027 3341 2106 3397 De
2132 3341 2411 3413 filiatione
2431 3340 2536 3397 Dei
2548 3360 2577 3411 ,·
2609 3338 2845 3415 dialogi,
2869 3344 2939 3396 ut

1658 3429 1883 3488 Idiotae
1931 3431 2004 3500 (a.
2069 3424 2257 3509 1450)
2307 3429 2368 3490 11.
2421 3427 2548 3498 IV.;
2613 3429 2681 3484 de
2732 3427 2939 3485 Genesi

1661 3520 1930 3594 mosaica,
1948 3517 2022 3575 de
2039 3517 2347 3592 sapientia,
2379 3517 2451 3574 de
2469 3516 2685 3574 mentis
2702 3519 2935 3583 natura,

1658 3608 1729 3665 de
1763 3607 1995 3666 staticis
2027 3605 2477 3681 experimentis3
2510 3606 2813 3663 dcvi-sione
2833 3605 2939 3661 Dei

1659 3698 1786 3755 sive
1835 3696 1907 3754 de
1957 3696 2133 3754 leona
2180 3699 2242 3754 et
2307 3693 2590 3753 facilitate
2651 3693 2937 3769 mysticae

323 3813 384 3865 de
407 3831 515 3866 mm
540 3815 691 3865 aliud
716 3827 748 3864 a
775 3827 831 3864 se
857 3816 1112 3865 recenter
1138 3813 1428 3881 repertum
1451 3814 1509 3864 et
1529 3815 1599 3864 ad
1656 3785 1990 3862 theomgiae
2006 3786 2076 3842 ad
2092 3784 2365 3842 abbatem
2387 3785 2448 3841 et
2466 3782 2677 3841 fratres
2699 3790 2934 3859 tegem'

324 3882 544 3936 codices
571 3883 954 3936 emendatum.
1001 3885 1050 3934 A
1078 3882 1364 3935 Scheeben
1391 3882 1605 3935 dicitur

325 3972 379 4005 11.
395 3958 552 4011 1066:
564 3953 943 4007 Geistreicher
956 3952 1242 4006 Vertreter
1251 3953 1406 4007 einer
1418 3970 1604 4007 neuen

324 4024 726 4095 spekulativen
753 4024 1150 4095 Beleuchtung
1175 4025 1274 4078 der
1295 4024 1604 4079 Glaubens·

323 4095 538 4152 lehren.
589 4096 653 4149 ln
682 4096 1050 4166 philosophia
1089 4098 1281 4150 tamen
1326 4111 1442 4149 non
1469 4096 1604 4149 satis

324 4167 477 4220 cavit
520 4167 818 4238 opiniones
864 4167 956 4221 vel
999 4167 1200 4221 saltem
1246 4167 1477 4221 modum
1526 4166 1603 4221 lo-

325 4239 556 4307 quendi,
622 4238 722 4307 qui
774 4238 1198 4305 pantheismum
1252 4238 1418 4308 sapit,
1469 4237 1604 4292 hinc

326 4309 545 4364 Gruber
571 4309 682 4365 Kl..
711 4311 785 4364 IX
817 4352 828 4374 ‚
858 4314 997 4367 1346
1022 4314 1241 4364 censet:
1288 4310 1390 4364 Die
1417 4309 1602 4365 Philo·

324 4381 523 4462 sophie
563 4384 633 4438 N.
663 4399 713 4435 V.
743 4380 890 4435 Cusa
930 4382 1085 4434 kann
1126 4381 1210 4434 als
1252 4382 1351 4435 das
1397 4380 1604 4434 Mittel-

323 4451 478 4522 ghed
541 4453 817 4507 zwischen
869 4453 993 4507 dem
1048 4452 1445 4505 Pantheismus
1508 4452 1604 4505 des

326 4522 686 4578 Mittelalters
739 4524 856 4577 und
909 4525 1035 4577 dem
1083 4523 1182 4577 der
1227 4523 1466 4577 Neuzeit
1512 4523 1603 4576 be-

324 4595 574 4649 trachtet
613 4595 856 4649 werden.
907 4595 990 4650 Cf.
1032 4597 1091 4650 F.
1131 4596 1180 4651 J.
1222 4595 1498 4656 Clemens,
1540 4594 1604 4647 G.

323 4666 517 4720 Bruno
545 4684 600 4725 u.
631 4666 700 4719 N.
739 4683 789 4721 v,
818 4666 894 4729 O..
935 4666 1101 4720 Bonn
1128 4670 1297 4726 1847;
1343 4670 1399 4719 et
1439 4682 1603 4734 geue-

323 4738 494 4792 ratim
523 4737 716 4791 Stockl
745 4736 1080 4792 Geschichte
1108 4738 1207 4791 der
1234 4736 1604 4805 Philosophia

324 4808 422 4863 des
446 4809 570 4864 MA.
590 4809 685 4874 111,
714 4812 874 4865 23-84
902 4808 1237 4879 Moguntiae
1258 4812 1410 4865 1866.
1439 4807 1603 4861 Deni-

1660 3894 1908 3945 88811888,
1942 3875 2045 3948 qui
2078 3877 2153 3935 tr.
2183 3874 2370 3930 bellas
2392 3872 2657 3930 continet
2687 3872 2936 3929 medita-

1659 3965 1879 4023 tiones:
1933 3962 2354 4038 compendium
2389 3963 2511 4020 sive
2544 3962 2781 4019 directio
2811 3979 2935 4037 spe·

1658 4054 1944 4112 calendae
1974 4053 2243 4110 veritatis.
2308 4048 2638 4128 Singularis
2685 4050 2933 4126 inscrip-

1659 4241 1823 4311 phus,
1870 4241 1971 4308 qui
2016 4240 2352 4293 Germaniae
2396 4239 2652 4293 chartam
2696 4238 2939 4291 delinea-

1662 4312 1822 4374 verit‚
1851 4327 1998 4379 quae
2064 4313 2273 4364 timum
2317 4310 2530 4379 prodiit
2570 4314 2722 4372 1491,
2753 4314 2808 4361 cet
2837 4325 2936 4379 pro

1660 4399 1775 4451 qua
1821 4383 1945 4436 Seb.
2053 4384 2248 4436 iluster
2292 4380 2557 4450 vulgavit
2595 4386 2731 4437 1530
2772 4380 2807 4435 l.
2837 4396 2936 4450 pro

1660 4454 1859 4507 tabula
1888 4453 1958 4508 N.
1987 4454 2165 4508 Cusae
2192 4451 2592 4534 intelligenda.

1740 4528 1775 4595 ¹)
1805 4529 1962 4593 Opus
2011 4524 2434 4579 commendavit
2480 4524 2735 4593 impense
2790 4523 2938 4575 Ber-

1660 4595 1942 4650 nardus
1984 4595 2052 4650 de
2094 4595 2347 4666 Waging
2375 4594 2523 4654 OSB,
2571 4599 2617 4655 (†
2645 4599 2822 4658 1472),
2869 4594 2937 4646 de

1660 4683 1774 4733 quo
1833 4666 2001 4730 infra,
2068 4667 2130 4719 in
2182 4684 2284 4721 8110
2342 4669 2681 4720 Laudatorio
2735 4666 2935 4717 doctae

1659 4737 2018 4807 ignorantiae
2069 4742 2126 4790 et
2173 4737 2517 4791 invitatione
2568 4737 2641 4790 ad
2692 4752 2935 4789 amorem

1659 4809 1928 4877 ejusdem,
1972 4810 2124 4877 quod
2167 4816 2223 4863 et
2258 4808 2516 4863 defendit
2540 4810 2740 4867 contra
2765 4822 2938 4873 quen-

325 4896 436 4948 que
463 4881 533 4935 cf.
573 4879 848 4933 Katholik
891 4885 1046 4937 1895.
1073 4880 1170 4945 XI,
1193 4885 1316 4945 477,
1359 4879 1455 4932 ubi
1501 4878 1605 4932 Cu·
1659 4881 1789 4934 dam
1831 4879 2296 4950 impugnatorem
2338 4879 2401 4933 in
2430 4883 2744 4948 Defensor-io
2797 4882 2937 4931 Lau-

326 4967 496 5005 sanus
547 4953 865 5007 celebratur
911 4956 977 5004 ut
1018 4951 1239 5021 primus
1283 4950 1603 5019 chartogra-
1658 4956 1877 5019 dator-ii,
1905 4954 2215 5019 utrumque
2242 4950 2542 5004 ineditum.

536 5049 725 5108 Bastar,
751 5050 1081 5097 Nomenclator
1104 5049 1149 5095 11
1175 5050 1247 5096 ed.
1277 5050 1323 5096 8.

2548 5043 2618 5095 29
