3475 5364
637 353 759 407 555
870 338 1243 391 1351—1375.
1271 332 1681 403 Hagiographi.
1710 332 1764 385 S.
1792 331 2184 396 ColumbinuS,
2215 331 2528 396 Bozolasto,
2554 331 2901 386 Bertholdus
2922 336 3035 388 etc.
3153 349 3261 400 555

635 517 884 603 (Nardo)
917 520 1038 579 sive
1067 521 1309 580 brevem
1340 520 1650 579 historiam
1683 538 1918 580 monas·
1973 521 2035 579 in
2068 521 2239 579 Anal.
2272 520 2411 578 boll.
2444 519 2521 578 1v
2555 518 2797 600 (1885),
2836 527 3161 581 323·.333.
3192 551 3263 560 —-

632 609 771 668 terii
800 609 1044 668 neritini
1075 609 1148 667 ab
1179 630 1228 668 a.
1268 618 1723 680 1090—1368,
1758 608 1919 684 quod
1973 610 2289 668 Thomas
2339 607 2411 667 de
2462 609 2886 667 Bozolasto
2940 609 3011 667 Ο.
3072 606 3265 666 Praed.

633 699 786 758 alius
833 699 1204 758 continuavit
1252 699 1327 757 ad
1379 719 1428 758 a.
1469 708 1654 769 1412,
1699 699 1915 769 italice,
1975 698 2226 760 Insuber
2270 698 2510 774 scripsit
2527 694 2571 778 ¹)
2622 700 2798 756 vitam
2848 699 2900 757 b.
2954 697 3267 772 Sibyllina

634 791 696 847 et
727 789 1011 847 Muratori
1040 788 1294 846 inseruit
1325 788 1420 847 88.
1467 807 1578 847 rer.
1613 789 1676 846 it.
1712 788 1915 857 XXIV,
1976 787 2280 864 Pupiensis
2309 788 2527 847 sororis
2558 785 2632 846 de
2664 787 3060 846 Poenitentia
3089 805 3137 844 s.
3166 787 3267 844 Do·

638 877 1502 942 889-9110.Prodiitsubtitulo
1518 874 1920 936 Cronacadeli
1974 877 2175 936 minici
2213 874 2292 956 ·(†
2351 887 2441 939 19.
2493 877 2663 935 Mart.
2726 871 2944 958 1367),
3001 876 3106 935 cui
3154 876 3268 950 ipse

634 966 825 1025 abbati
868 967 931 1024 di
973 986 1017 1026 s.
1060 967 1203 1029 Bon.
1248 967 1353 1026 che
1398 967 1820 1044 gubernavano
1864 965 1921 1025 la
1974 970 2101 1026 erat
2131 987 2166 1025 a
2196 965 2680 1025 confessionibus.
2745 966 2828 1023 Ea
2878 969 3132 1041 recepta
3159 964 3269 1023 fuit

634 1055 876 1114 ecclesia
906 1056 977 1115 de
1009 1074 1051 1114 s.
1085 1055 1268 1114 Maria
1309 1056 1383 1114 de
1415 1056 1640 1126 Nerito,
1691 1057 1755 1114 in
1788 1057 1917 1116 001-
1972 1057 2129 1115 inter
2173 1057 2322 1114 Acta
2353 1055 2446 1114 88.
2480 1055 2554 1112 ad
2594 1066 2688 1118 10.
2722 1055 2898 1114 Mart.
2932 1054 3047 1124 111,
3101 1063 3183 1117 68
3214 1057 3267 1112 et

633 1145 775 1204 lana
822 1144 882 1202 di
934 1163 1109 1222 opere
1160 1146 1341 1205 scelte
1375 1191 1388 1206 .
1421 1191 1432 1201 .
1468 1190 1480 1202 .
1531 1144 1591 1202 di
1644 1145 1919 1204 Scrittori
1976 1166 2011 1205 a
2061 1147 2232 1205 Razzi
2283 1145 2442 1203 inter
2491 1145 2647 1203 vitas
2699 1144 2794 1202 SS.
2846 1145 2973 1204 ord.
3009 1164 3067 1202 a.
3113 1153 3262 1205 1605

633 1234 922 1293 Salentini
947 1234 1167 1293 diretta
1193 1233 1269 1293 da
1290 1234 1443 1293 Salv.
1468 1234 1716 1303 Grande,
1739 1235 1918 1294 Lecce
1976 1234 2063 1293 ed.
2102 1244 2170 1304 33
2216 1234 2415 1293 italice
2460 1233 2692 1292 reddita
2742 1253 2778 1292 a
2819 1235 2969 1292 Don.
3003 1234 3174 1309 Lago
3204 1232 3267 1289 de

644 1333 802 1387 1867
856 1326 899 1380 t.
963 1335 1011 1385 1.
1060 1356 1148 1366 -
1200 1323 1522 1382 Chronicon
1578 1324 1919 1382 monasterii
1976 1324 2331 1383 Florentiola
2384 1333 2568 1386 1599.
2618 1355 2701 1366 -
2747 1322 3079 1383 Thomas
3123 1322 3198 1379 de
3225 1339 3266 1379 s.

633 1412 837 1471 Kastel
868 1412 932 1471 in
961 1413 1300 1488 palatinatu
1339 1412 1643 1488 superiore
1676 1413 1919 1488 scripsit
1974 1414 2165 1472 Gerv
2186 1413 2346 1472 asio
2382 1411 2595 1471 nobilis
2625 1411 2944 1474 brixiensis
2976 1412 3046 1470 0.
3070 1411 3265 1469 Praed.

633 1500 1022 1560 Hermann
1066 1502 1194 1578 ejus
1225 1502 1423 1573 abba,
1458 1495 1915 1584 (1323-1356),
1977 1499 2076 1584 (de
2137 1504 2307 1577 cujus
2368 1505 2570 1560 tamen
2633 1505 2828 1560 aetate
2904 1506 2971 1559 et
3028 1500 3265 1560 nomine

632 1591 791 1664 quod
823 1591 1003 1649 habes
1035 1590 1195 1666 apud
1214 1591 1420 1650 Moritz
1440 1591 1785 1650 Geschichte
1814 1592 1919 1650 der
1974 1591 2202 1652 Echard
2247 1590 2322 1660 II,
2377 1599 2500 1654 377
2554 1584 2738 1649 dubia
2784 1591 3016 1669 movet)
3084 1590 3266 1664 scrip·

634 1679 852 1738 Grafen
883 1699 999 1739 von
1030 1680 1315 1740 Sulzbach
1346 1681 1421 1749 Π,
1466 1689 1829 1744 103-116,
1974 1682 2120 1740 sisse
2167 1680 2391 1739 dicitur
2439 1698 2485 1738 c.
2539 1699 2588 1738 a.
2648 1689 2833 1742 1365.
2880 1685 3011 1738 aeta
3058 1679 3160 1737 SS.
3206 1679 3263 1737 Ο.

1977 1770 2198 1839 Praed„
2233 1770 2419 1828 vitam
2454 1787 2528 1827 ss.
2563 1769 2873 1838 Dominici‚
2910 1769 3081 1828 Petri
3108 1769 3181 1826 Π.
3210 1773 3261 1826 et

726 1867 869 1921 334.
921 1858 976 1916 8.
1027 1858 1288 1917 Joannes
1339 1855 1916 1940 Columbinus1)
1974 1859 2226 1919 Thomas
2287 1860 2396 1934 Aq.
2459 1855 2750 1939 (inedita).
2828 1891 2917 1902 —
2983 1859 3262 1916 Petrus

632 1947 915 2007 fundator
948 1947 1175 2006 ordinis
1190 1948 1576 2007 Jesuatorum
1594 1944 1915 2030 (†31.Jul.
1974 1949 2196 2008 Olavi
2247 1944 2571 2030 (Olafsson)
2611 1947 2675 2006 Ο.
2726 1947 2864 2007 Cist.
2918 1948 3261 2005 Alvastren-

640 2031 834 2118 1367)
877 2037 1118 2112 adjutus
1151 2058 1186 2096 a
1216 2037 1459 2097 Nicolao
1494 2038 1803 2097 Vincentio
1824 2057 1913 2097 so·
1972 2038 2053 2097 sis
2088 2035 2329 2116 prior2),
2365 2054 2410 2095 s.
2438 2036 2733 2113 Birgittae
2767 2057 2818 2098 a.
2855 2046 2937 2100 35
2975 2057 3009 2096 a
3041 2036 3260 2095 confes-

633 2125 720 2185 cio
752 2145 859 2186 suo
889 2128 1067 2184 vitam
1113 2126 1160 2188 b.
1196 2126 1356 2184 Petri
1395 2126 1631 2186 Petroni
1666 2127 1914 2186 Carthu·
1977 2127 2244 2186 sionibus
2277 2126 2430 2205 (137
2441 2125 2524 2202 8),
2577 2126 2814 2200 scripsit
2862 2144 3003 2184 cum
3033 2126 3261 2183 Petro

632 2215 781 2273 siani
829 2216 1091 2274 senensis
1136 2212 1197 2297 (†
1236 2211 1433 2298 1361)
1485 2221 1547 2275 et
1594 2235 1689 2274 res
1729 2216 1802 2274 ab
1850 2236 1917 2275 eo
1974 2214 2503 2286 vadstenensi,
2537 2214 3257 2290 quiprimusilliussanc·

588 2303 594 2307 ’
632 2304 924 2380 praeclare
944 2308 1138 2382 gestas
1155 2305 1354 2364 italice
1372 2305 1622 2381 scripsit.
1647 2305 1918 2364 Fuerunt
1972 2309 2068 2364 tae
2099 2309 2410 2380 exceperat
2423 2304 2836 2370 confessiones,
2871 2304 3068 2379 ipsius
3090 2305 3259 2362 vitan

631 2393 694 2452 hi
726 2393 900 2453 ambo
931 2394 1144 2453 intima
1177 2394 1435 2453 amicitia
1485 2413 1621 2453 cum
1650 2395 1706 2452 b.
1741 2395 1917 2453 Petro
1974 2395 2132 2470 apud
2166 2394 2357 2453 Fant
2400 2395 2516 2453 Scr.
2565 2412 2674 2451 rer.
2719 2411 2883 2452 suev.
2941 2402 3133 2457 1871.
3163 2392 3257 2450 111

632 2484 936 2558 conjuncti
968 2487 1028 2543 et
1059 2483 1280 2560 optime
1312 2483 1511 2543 omnia
1541 2484 1914 2560 perscrutati.
1972 2487 2112 2543 sect.
2150 2491 2204 2544 2.
2248 2491 2365 2547 188
2398 2522 2436 2530 —
2464 2491 2608 2545 206.
2656 2515 2744 2526 —
2776 2481 3258 2540 Bertholdus

633 2572 880 2647 Utrique
912 2591 1077 2631 suam
1113 2592 1352 2648 operam
1389 2573 1645 2631 contulit
1676 2573 1914 2631 Joachi-
1974 2572 2499 2632 bombacensis
2533 2571 2824 2647 parochus
2857 2571 3032 2629 testis
3063 2570 3257 2629 oculs·

636 2680 767 2720 mus
798 2661 1057 2737 quidam,
1092 2662 1186 2722 cui
1208 2663 1262 2721 b.
1284 2662 1498 2721 Petrus
1511 2663 1691 2738 jussu
1711 2662 1915 2722 divino
1971 2665 2074 2721 tus
2116 2661 2356 2737 scripsit
2405 2660 2725 2739 pretiosam
2776 2660 2966 2719 Leben
3016 2661 3127 2719 der
3171 2660 3257 2720 sd.

634 2751 842 2810 diebus
887 2754 1023 2810 ante
1073 2752 1305 2811 obitum
1352 2770 1525 2810 suum
1578 2751 1915 2827 quindecim
1982 2749 2256 2830 Liutqart
2320 2751 2592 2810 Stisterin
2641 2769 2760 2810 von
2807 2750 3140 2809 Wittichen
3198 2748 3257 2807 Ο.

634 2859 873 2900 arcanas
908 2841 1125 2899 multas
1157 2859 1294 2899 suas
1345 2844 1605 2899 exstases
1652 2860 1719 2899 ac
1750 2860 1914 2899 reve·
1973 2859 2018 2898 e.
2052 2841 2254 2900 Clarae
2286 2841 2608 2918 (1291—-1
2629 2834 2805 2921 348),
2851 2859 3037 2916 quam
3074 2838 3256 2898 edidit

634 2930 883 2989 lationes
945 2930 1193 3005 aperuit.
1258 2929 1422 2989 Hanc
1484 2931 1670 2989 vitam
1731 2930 1918 2988 latine
1980 2930 2153 2990 Mone
2210 2930 2274 2988 in
2323 2928 2917 3005 Quellensammlung
2978 2928 3087 2986 der
3137 2926 3257 2985 bad.

634 3038 704 3077 ex
734 3019 936 3078 italico
970 3019 1279 3077 transtulit
1309 3037 1375 3077 ac
1406 3020 1637 3094 copioso
1658 3019 1794 3078 stilo
1815 3038 1912 3077 ex·
1975 3018 2538 3096 Laudesgeschichte
2615 3018 2722 3085 ΙΙΙ,
2789 3027 2914 3080 442
2933 3052 2998 3062 —
3016 3027 3118 3081 es.
3177 3049 3257 3060 —-

634 3108 868 3166 ornavit
911 3107 1404 3167 Bartholomaeus
1451 3108 1729 3167 Senensis
1780 3109 1915 3167 Car·
1971 3107 2010 3166 J
2014 3108 2223 3168 oannis
2328 3101 2693 3189 (Graunton)
2789 3106 3259 3165 Grandisoni

632 3197 869 3255 thusiae
900 3197 1245 3256 florentinae
1278 3197 1612 3267 monachae,
1646 3197 1833 3273 ipsam
1854 3198 1916 3255 in
1973 3197 2236 3273 episcopi
2285 3196 2692 3255 excestriensis
2741 3196 2866 3254 sive
2930 3194 3255 3256 exoniensis

633 3290 756 3344 tres
786 3286 845 3344 ll.
879 3285 1170 3355 distinxit,
1205 3290 1266 3344 et
1296 3287 1357 3344 ll.
1378 3286 1443 3344 in
1461 3287 1671 3363 capita,
1695 3287 1916 3362 quibus
1976 3280 2210 3366 (13273
2245 3284 2280 3352 †
2320 3295 2415 3348 15.
2448 3285 2571 3343 Jul.
2617 3281 2809 3367 1369)
2850 3284 3125 3361 Loqenda
3157 3281 3259 3345 38.

634 3379 695 3435 et
724 3375 933 3434 titulos
982 3375 1272 3451 praefixit,
1322 3379 1497 3434 notas
1549 3395 1792 3452 quoque
1842 3375 1916 3433 ad
1973 3375 2288 3452 according
2331 3377 2395 3433 to
2426 3375 2528 3433 the
2569 3392 2677 3433 use
2709 3374 2775 3445 of
2798 3374 3015 3433 Exeter
3043 3372 3253 3449 prodiit

633 3465 849 3524 calcem
882 3465 1170 3541 apposuit.
1205 3465 1348 3523 Eam
1383 3465 1468 3523 sic
1497 3464 1915 3541 interpolatam
1974 3483 2116 3524 cura
2146 3465 2220 3522 M.
2256 3463 2534 3539 Reynold,
2569 3463 2815 3522 London
2854 3472 3041 3527 1881.

635 3553 783 3631 (non
814 3554 1180 3631 originalem,
1215 3573 1368 3630 quae
1399 3554 1643 3629 reperiri
1674 3573 1795 3613 non
1814 3572 1917 3629 po-

633 3639 779 3726 tuit)
824 3643 1103 3703 exhibent
1151 3646 1278 3701 Act.
1331 3642 1427 3701 SS.
1483 3651 1582 3704 29.
1617 3644 1749 3718 Maj.
1789 3643 1914 3712 vn,
2067 3651 2210 3705 335.
2246 3642 2343 3700 Aa
2384 3642 2693 3701 historiam
2733 3643 3063 3700 literarium
3109 3640 3255 3699 refer

642 3742 1004 3803 184—22s‚
1057 3732 1294 3792 omissis
1343 3732 1693 3807 plerumque
1743 3733 1916 3791 notis.
1974 3729 2442 3789 Guilelmum
2488 3730 2561 3788 de
2603 3731 3033 3807 Pastrengo
3066 3725 3255 3813 (Past-

637 3856 716 3865 —
765 3822 1111 3881 wilhelmus
1172 3822 1211 3881 J
1228 3822 1565 3880 ordanus
1629 3840 1751 3880 can.
1796 3841 1916 3898 reg.
1973 3815 2231 3902 regicus)
2264 3820 2674 3890 Veronensem,
2721 3819 2828 3895 qui
2860 3820 2977 3879 fuit
3007 3818 3253 3878 causidi-

637 3911 849 3971 Viridis
881 3912 1053 3969 vallis
1085 3907 1146 3993 (†
1175 3921 1291 3974 137
1304 3907 1386 3990 2),
1420 3911 1523 3986 qui
1543 3909 1826 3986 opuscula
1846 3911 1918 3968 de
1975 3927 2081 3967 cus
2144 3911 2326 3984 atque
2390 3908 2528 3967 inde
2570 3909 2756 3984 judex
2805 3912 2869 3967 et
2920 3910 3256 3985 procurator

631 4001 1033 4071 tabernacuIO,
1068 4001 1139 4058 de
1172 4001 1398 4076 nuptiis
1441 4004 1502 4058 et
1533 3999 1604 4058 de
1637 3999 1918 4077 gradibus
1976 3998 2255 4067 Veronae,
2269 4001 2615 4074 praeceptor
2634 4003 2695 4056 et
2716 3998 2944 4057 amicus
2957 3999 3254 4056 Petramae

631 4090 695 4146 in
740 4089 995 4147 latinum
1062 4089 1133 4147 de
1197 4090 1501 4148 teutonico
1581 4089 1916 4157 transtulit,
1978 4084 3254 4169 (fl.1351).Collegitl.devirisillustribu3,de

632 4179 818 4237 vitam
870 4178 1195 4237 virtutibus
1256 4179 1491 4255 plenam
1536 4177 1785 4258 Joannis
1848 4177 1919 4237 de
1976 4212 2295 4219 ——-·-ss—-—

634 4268 883 4343 Speculo
946 4267 1089 4326 alias
1150 4267 1221 4326 de
1272 4268 1599 4344 Cureghem
1648 4267 1917 4343 ejusdem
2055 4262 2091 4329 ¹)
2119 4257 2390 4313 Nicolauss
2430 4256 2796 4311 Picardutl
2832 4258 2901 4312 de
2947 4256 3251 4318 Larisvillss·

632 4356 898 4415 coenobii
944 4356 1170 4416 diaconi
1219 4353 1283 4438 (†
1331 4353 1524 4439 1358)
1579 4358 1642 4414 in
1675 4355 1921 4415 Planclu
1978 4329 2629 4456 ἓέὲῑῖἒὲῗδῶζωᾷἓῗε
2673 4325 3250 4471 (ἱζῃθὲὶῗὲὶὲζὲᾱὲἓῗὲ

633 4464 812 4519 Super
842 4447 1029 4505 obitus
1044 4443 1260 4520 fratri³
1278 4448 1498 4507 narrat·
1536 4465 1714 4521 quem
1735 4447 1920 4504 habes
1978 4474 2123 4528 tiore
2149 4473 2286 4528 stilo
2313 4472 2571 4538 donavit,
2600 4471 2760 4526 haud
2785 4471 3132 4527 infacundus
3154 4486 3250 4524 sec.

639 4573 664 4577 ff
697 4572 712 4576 ·
777 4572 826 4575 st
862 4571 938 4576 “-
1978 4543 2126 4598 le.
2153 4545 2411 4613 scriptor.
2456 4547 2735 4599 M'racula
2753 4542 2943 4615 legere
2972 4540 3249 4613 poter-isin

714 4623 749 4685 ¹)
781 4617 973 4670 Vitam
1024 4616 1198 4685 hujus
1248 4616 1430 4670 sancti
1480 4619 1678 4669 narrat
1719 4616 1808 4671 J0.
1860 4615 1921 4671 B.
1980 4618 2146 4670 Anal.
2175 4615 2310 4672 boll.
2342 4616 2414 4669 [V
2441 4617 2639 4687 (1885),
2667 4619 2975 4673 337—343.

636 4688 845 4742 Rossi
889 4688 949 4741 in
999 4691 1294 4757 Triumpho
1330 4692 1541 4743 divinae
1583 4693 1797 4755 ⁸‹Ji-aciae
1822 4704 1923 4758 per
2058 4694 2095 4754 2)
2141 4687 2281 4757 Ejus
2330 4693 2492 4741 vitam
2542 4696 2589 4741 et
2638 4690 2910 4741 miracula
2972 4682 3253 4754 descripsit

635 4762 685 4815 b.
713 4760 800 4816 J0.
829 4758 1255 4823 Columbinum,
1301 4757 1512 4813 Romae
1558 4763 1713 4825 1648,
1758 4759 1923 4813 cu'us
1980 4759 2255 4813 Matthias
2296 4758 2618 4813 Larsson
2658 4759 2975 4812 monachus
3017 4761 3064 4831 (t
3088 4757 3248 4824 1486).

633 4836 896 4903 excerpta
941 4830 1212 4885 exhibent
1239 4832 1376 4884 Acta
1417 4829 1508 4884 SS.
1538 4836 1625 4888 31.
1654 4830 1769 4888 Jul.
1856 4831 1923 4897 Π,
1983 4831 2390 4899 Fragmentum
2465 4828 2651 4884 edidit
2725 4828 2859 4893 ΜΟ.
2931 4828 3247 4889 Grandisou,

635 4909 938 4961 3134-398.
1981 4901 2278 4956 Karlstadt
2304 4904 2459 4958 1888.

3360 621 3379 752 ι--ι-ὓ
3366 563 3373 576 ⁵

3368 863 3383 1262 —ss—-flffl
