3475 5364
489 353 610 407 927
820 359 824 367 ·
931 344 1300 397 1451—1475.
1329 342 1382 395 S.
1410 342 1734 414 Scripturae
1762 348 2062 402 versiones,
2092 347 2336 409 Rellach,
2366 350 2660 406 Malherbi.
2977 373 3099 427 928

487 520 745 580 Viennae
792 527 977 606 1869)
1011 532 1192 604 negat
1208 527 1589 604 professionis
1623 532 1760 589 reli·
1818 532 2023 601 hermi,
2042 530 2434 617 Malherbius)
2480 537 2661 595 abbas
2696 538 2759 597 Ο.
2796 540 2947 598 Cam.
2984 540 3094 599 Ve-

484 611 682 687 giosae
733 615 1027 675 meritum.
1094 618 1404 678 Uolumnia
1454 620 1760 699 theoloyica
1817 625 1992 679 notus
2025 617 2086 703 (1·
2126 619 2317 691 14811
2353 624 2586 698 primus
2619 627 2815 686 Biblia
2846 629 3095 706 integra,

482 699 540 757 L.
576 703 625 761 V
628 703 772 762 allae
807 707 943 764 olim
968 707 1215 784 Neapoli
1248 710 1565 779 intentata,
1600 711 1758 785 quod
1817 711 1886 767 ut
1916 710 2039 784 ipse
2074 712 2405 785 profitetur,
2459 715 2784 775 secundum
2830 720 3097 795 proprie-

481 796 770 869 negasset,
818 796 1150 871 symbolum
1194 800 1564 857 membratim
1613 801 1756 857 arti·
1816 802 2001 857 tatem
2063 798 2275 859 literae
2336 801 2408 859 de
2470 804 2653 863 verbo
2715 805 2788 864 ad
2848 808 3094 866 verbnm

481 881 843 958 culatimque
877 904 979 960 per
1009 888 1302 962 apostolos
1322 907 1448 947 esse
1469 889 1756 965 composi·
1811 889 2126 947 transtulit
2204 890 2419 962 italice,
2505 893 2815 970 vulgatam
2894 898 3096 972 potius

478 972 628 1039 tum,
691 973 1074 1050 Argentorati
1132 985 1316 1046 1522,
1382 982 1588 1037 contra
1631 980 1755 1036 An·
1813 996 1988 1051 quam
2069 978 2375 1037 hebraicos
2451 986 2512 1038 et
2586 1001 2823 1058 graecos
2899 986 3093 1044 fontes

478 1059 706 1118 tonium
737 1082 772 1120 a
804 1063 1063 1133 Bitonto,
1112 1066 1218 1141 qui
1268 1085 1402 1125 eum
1437 1070 1757 1143 propterea
1813 1066 2071 1135 secutus,
2134 1067 2397 1127 Venetiis
2474 1080 2624 1133 1471
2687 1075 2728 1129 t.
2795 1082 2829 1134 2
2896 1076 2960 1132 in
3021 1076 3091 1141 f.;

477 1150 943 1225 reprehenderat.
1038 1153 1147 1212 Hic
1208 1157 1600 1215 nominandus
1662 1161 1756 1215 est
1821 1164 2020 1224 14773
2087 1167 2245 1220 1487
2297 1153 2398 1240 (m.
2436 1157 2620 1239 500);
2678 1172 2875 1231 15073
2928 1173 3088 1226 1517

476 1243 718 1313 propter
749 1259 886 1300 suas
919 1246 1311 1303 annotationes
1341 1248 1404 1303 in
1438 1246 1511 1303 N.
1557 1247 1751 1304 Testa·
1810 1241 1909 1324 (m.
1984 1244 2150 1321 150),
2232 1247 2394 1304 ultra
2469 1248 2823 1326 quadragies
2904 1270 3093 1329 usque

478 1335 730 1387 mentum
774 1349 840 1388 ex
875 1331 1242 1392 diversorum
1291 1335 1603 1410 utriusque
1636 1335 1750 1393 lin·
1808 1331 1882 1389 ad
1913 1333 2158 1392 initium
2209 1353 2318 1393 sec.
2352 1335 2483 1394 XVI
2531 1338 2727 1409 edita;
2775 1342 3091 1399 recentiori

475 1434 627 1491 guae
672 1418 833 1478 codd.
881 1420 1208 1492 collatione,
1255 1424 1497 1483 Parisiis
1553 1434 1747 1493 15063

475 1504 739 1566 Basileae
802 1517 959 1573 1526
1010 1528 1150 1570 cura
1197 1513 1440 1582 Erasmi,
1489 1518 1550 1572 et
1594 1514 1752 1573 inter

474 1592 721 1655 Criticos
754 1616 959 1656 sacros,
1012 1600 1127 1659 Eae
1161 1603 1348 1679 magis
1381 1608 1523 1661 sunt
1553 1621 1749 1679 gram·

475 1685 775 1745 maticales
826 1707 1004 1763 quam
1054 1690 1432 1769 theologicae,
1481 1693 1581 1751 sed
1627 1712 1746 1751 non

473 1771 731 1832 inutiles.
798 1775 990 1844 Quum
1039 1798 1178 1840 vero
1210 1781 1478 1840 indebita
1508 1799 1641 1840 cum
1674 1780 1746 1838 li-

472 1864 667 1921 centia
698 1864 1011 1941 Vulgatam
1060 1888 1179 1928 non
1223 1870 1404 1929 semel
1436 1871 1744 1948 aggredia-

471 1956 601 2021 tur;
655 1954 1028 2014 acerbissime
1077 1958 1396 2017 invehatur
1445 1961 1507 2018 in
1542 1978 1583 2018 s.
1617 1963 1744 2019 Au-

470 2040 776 2115 gustinum
809 2047 870 2102 et
901 2064 942 2103 s.
965 2045 1263 2116 Thomam,
1287 2050 1595 2125 theologos
1618 2067 1743 2107 om-

469 2145 591 2199 nes,
626 2130 744 2191 imo
775 2150 978 2192 omnes
1011 2135 1194 2193 nimia
1215 2138 1506 2212 jactantia
1536 2139 1625 2197 ita
1654 2138 1743 2196 di-

460 2217 691 2291 judicet
721 2239 787 2280 ac
819 2223 868 2280 si
901 2223 1027 2299 ipse
1079 2226 1242 2284 solus
1273 2227 1540 2303 lingnam
1573 2247 1742 2304 grae·

467 2323 590 2365 cam
625 2313 687 2366 et
717 2310 961 2370 latinam
981 2314 1270 2386 calluerit,
1295 2317 1564 2391 quamvis
1583 2317 1742 2376 haud

468 2414 685 2471 paucos
734 2419 1061 2476 gravesque
1120 2423 1346 2463 errores
1396 2407 1741 2481 grammati-

467 2486 621 2545 cales
652 2487 974 2559 admiserit,
1008 2492 1337 2567 prohibitae
1379 2495 1520 2553 olim
1571 2501 1736 2554 erant

467 2574 670 2635 .donec
731 2578 1119 2655 corrigantur‘
1139 2577 1201 2661 ¹).
1280 2582 1554 2642 Ceterum
1584 2588 1742 2643 teste

465 2662 626 2723 Rich.
661 2665 864 2726 Simon
913 2668 1041 2744 ipse
1090 2671 1320 2745 primus
1352 2671 1488 2744 fuit,
1542 2674 1646 2750 qui
1677 2674 1740 2733 in

465 2754 589 2812 suis
622 2757 1110 2818 annotationibus
1141 2762 1286 2818 alias
1307 2763 1515 2821 citaret
1533 2764 1735 2822 lectio—

463 2861 568 2899 nes
621 2846 912 2905 variantes
962 2866 1281 2925 earumque
1343 2851 1584 2911 haberet
1646 2872 1737 2912 ra-

457 2932 676 2990 tionem
690 2930 758 3014 2).’
1524 2946 1527 2950 ’

541 3049 692 3116 1450.
729 3041 904 3101 Hisce
936 3043 1193 3119 denique
1227 3046 1552 3106 addantur:
1617 3048 1654 3107 J
1672 3070 1732 3108 o-

456 3125 746 3187 hannes
782 3131 1101 3191 Rellach
1136 3134 1197 3193 O.
1233 3136 1436 3198 Praed.
1468 3138 1734 3197 velforte

457 3217 520 3274 Ο.
556 3217 693 3276 Min.
727 3238 758 3277 e
790 3223 1145 3282 monasterio
1160 3224 1441 3285 dioecesis
1458 3233 1732 3286 constan-

455 3306 683 3377 tiensiS‚
705 3309 1068 3385 praedicator
1085 3315 1447 3388 apostolicus
1463 3316 1604 3374 belli
1631 3318 1732 3375 ad-

456 3414 658 3456 versus
677 3397 894 3457 'furcas
925 3396 1005 3481 (fl.
1034 3399 1242 3484 1451)‚
1276 3405 1381 3479 qui
1407 3406 1734 3465 elaboravit

456 3486 781 3545 versionem
825 3507 867 3546 s.
912 3490 1248 3566 Scripturae
1305 3495 1553 3568 primam
1598 3516 1730 3573 ger-

450 3575 759 3644 manicam,
779 3581 1064 3654 quaejam
1094 3585 1232 3641 ante
1251 3583 1575 3642 Lutherum
1592 3604 1726 3660 pro—

449 3661 622 3741 diit³)
666 3699 752 3708 —
776 3667 1148 3728 Nicolaus
1180 3672 1529 3731 Malermi
1559 3673 1728 3752 (Mal-

528 3821 562 3887 1)
592 3816 674 3872 Cf.
703 3819 945 3888 Cornely
973 3824 1008 3877 1.
1034 3840 1079 3876 e.
1108 3840 1159 3882 ιι,
1189 3828 1309 3880 250.

523 3895 561 3958 ²)
592 3889 736 3944 Hist.
779 3892 1021 3959 critiqne
1062 3894 1140 3946 du
1167 3894 1237 3949 N.
1267 3896 1327 3951 Τ.
1355 3914 1400 3950 c.
1431 3902 1514 3954 12.
1557 3903 1616 3954 et
1639 3905 1723 3965 21,

450 3959 548 4012 ubi
565 3963 748 4041 carpit
761 3963 1001 4016 nimium
1019 3966 1141 4032 ejus
1168 3967 1469 4035 pruritum,
1503 3988 1617 4038 quo
1647 3973 1725 4022 af-

446 4030 623 4083 fectat
669 4049 726 4083 in
782 4034 1038 4087 versione
1089 4035 1325 4107 linguae
1375 4039 1722 4110 elegantiam

446 4099 699 4169 citatque
727 4104 1240 4174 epigrammaillud
1263 4112 1640 4182 compositum
1664 4113 1724 4166 in

446 4170 502 4223 L.
535 4173 717 4238 Valla,
760 4175 860 4243 qui
901 4178 1204 4232 reformare
1235 4183 1420 4236 voluit
1459 4183 1518 4236 in
1546 4185 1723 4238 omni-

445 4244 549 4296 bus
575 4248 634 4297 et
663 4246 876 4315 ubique
901 4248 1158 4319 linguam
1188 4252 1427 4307 latinam
1450 4277 1461 4308 :

447 4315 649 4375 ..Nunc
678 4324 978 4399 postquam
1005 4339 1196 4377 manes
1225 4325 1531 4380 defunctus
1559 4328 1723 4381 Valla
1780 4334 1858 4385 du
1889 4333 1958 4389 N.
1986 4334 2047 4387 T.
2075 4351 2119 4388 c.
2145 4342 2217 4392 40
2252 4355 2288 4406 p

445 4389 774 4514 Ntiifiiiiiltet
801 4462 969 4518 Pluto
996 4467 1167 4520 verba
1195 4467 1376 4522 latina
1400 4469 1576 4538 loqui.

1807 1424 2001 1480 aetate
2033 1423 2253 1497 prodiit
2284 1428 2523 1483 tantum
2575 1428 2767 1486 versio
2803 1429 3089 1489 librorum

1809 1510 2034 1586 aliquot
2066 1512 2475 1588 singularium.
2540 1515 2728 1574 Stilus
2776 1523 2869 1577 est
2899 1519 3090 1578 adhuc

1806 1598 1973 1657 rudis
2005 1602 2241 1675 sapiens
2262 1602 2584 1662 dialectum
2606 1612 2905 1673 venetum,
2930 1610 3087 1684 quod

1804 1706 1922 1746 non
1934 1693 2027 1747 est
2040 1692 2183 1749 adeo
2200 1692 2552 1763 mirandum,
2570 1711 2704 1752 cum
2716 1695 2928 1772 lingua
2941 1697 3087 1756 itala

1803 1780 1950 1836 tunc
2012 1780 2275 1838 nondum
2337 1780 2519 1840 fuerit
2581 1784 2727 1841 satis
2772 1787 3004 1844 exculta
3021 1785 3086 1867 ²).

1803 1865 2005 1924 Edidit
2037 1886 2274 1943 quoque
2322 1869 2483 1928 Vitas
2501 1880 2836 1931 sanctorum
2867 1875 3082 1943 italice,

1805 1954 1886 2017 ib.
1931 1967 2112 2019 1475.
2147 1990 2230 1999 —
2264 1960 2694 2033 A·ljumentum
2730 1963 2937 2021 saltem
2980 1984 3083 2040 pro

1802 2044 2249 2119 interpretanda
2281 2066 2324 2104 s.
2359 2047 2668 2124 Scriptura
2701 2052 2941 2126 praebet
2976 2054 3081 2112 Vo-

1799 2132 2132 2193 cabularius
2180 2135 2535 2213 breviloquus
2582 2158 2714 2197 cum
2750 2143 2877 2199 arte
2908 2141 3079 2219 diph-

1801 2222 2089 2298 tongandi
2150 2224 2272 2284 sive
2321 2225 2526 2285 libello
2576 2229 2646 2286 de
2699 2229 3077 2300 dictionibus,

1802 2330 1953 2383 quae
1985 2329 2121 2370 cum
2154 2312 2484 2392 diphtongo
2518 2318 2870 2377 scribuntur
2917 2323 2981 2378 et
3010 2321 3079 2379 (16

1798 2402 2185 2460 accentuandi
2238 2410 2363 2462 arte
2414 2410 2476 2461 et
2520 2407 2847 2481 punctandi
2894 2409 3079 2468 Gua-

1798 2489 1973 2559 rini,
2009 2490 2226 2549 nobilis
2263 2492 2372 2550 viri
2409 2496 2753 2554 veronensis
2788 2493 3080 2577 (1370—

1807 2573 2017 2659 1⁴60),
2073 2581 2178 2654 qui
2226 2580 2434 2640 ardore
2486 2581 2633 2643 bene
2666 2585 2933 2644 discendi
2966 2587 3077 2646 lin·

1796 2686 1974 2741 guam
2006 2687 2277 2744 graecam
2304 2671 2547 2746 juvenis
2580 2672 3075 2753 Constantinopo-

1797 2755 1902 2813 lim
1937 2757 2238 2831 proi'ectus
2275 2766 2362 2818 est
2396 2761 2599 2837 ibique
2631 2763 2919 2823 celebrem
2952 2785 3074 2824 ma—

1795 2845 2051 2919 gistrum
2104 2847 2230 2909 Em.
2284 2849 2692 2925 Chrysoloram
2741 2872 2848 2928 per
2897 2855 3071 2929 quin-

1794 2935 2120 3008 quennium
2184 2937 2431 3006 audivit,
2497 2939 2722 3000 codices
2783 2945 3074 3018 pretiosos

1793 3023 2053 3099 collegit,
2088 3043 2341 3100 quorum
2375 3031 2579 3086 tamen
2612 3037 2748 3106 pars
2781 3033 2844 3089 in
2876 3033 3072 3091 reditu

1791 3112 2105 3189 naufragio
2126 3115 2318 3190 periit.
2356 3117 2571 3175 Docuit
2590 3119 2803 3179 deinde
2835 3140 3069 3197 graecas

1793 3200 2135 3276 latinusque
2200 3204 2403 3263 literas
2473 3207 2729 3266 venetiis
2793 3211 3068 3285 primum,

1791 3277 1930 3348 dein
1943 3289 2260 3361 Ferrariae,
2292 3293 2567 3364 Veronae,
2589 3298 2768 3356 etiam
2784 3299 3068 3368 Tridenti,

1790 3384 1917 3437 tum
1953 3379 2304 3444 Florentiae,
2352 3383 2678 3459 discipulos
2712 3392 2921 3447 nactus
2953 3390 3069 3448 cla·

1788 3468 2067 3538 rissimos,
2102 3488 2286 3546 quare
2316 3473 2444 3548 ipse
2460 3473 2617 3533 inter
2641 3474 3066 3537 instauratores

1788 3556 2095 3616 literarum
2141 3578 2355 3619 nomen
2407 3565 2496 3620 est
2542 3566 2900 3638 promeritus
2948 3568 3067 3625 exi·

1788 3643 2055 3728 mium2).
2089 3648 2252 3707 Adeo
2288 3651 2515 3724 placuit
2546 3654 2676 3728 ejus
2710 3655 2891 3724 labor,
2928 3661 2998 3714 ut
3031 3658 3064 3714 l.

1786 3734 2001 3794 citatus
2052 3736 2124 3794 ad
2174 3758 2223 3796 a.
2278 3749 2443 3802 1504
2492 3741 2578 3800 ed.
2634 3752 2709 3805 25
2767 3746 3064 3817 meruerit,

1785 3825 1966 3881 etiam
2016 3846 2050 3883 a
2100 3826 2448 3887 Reuchlinio
2510 3837 2868 3891 retractatus
2922 3853 3063 3909 sup-

1784 3931 1987 3988 presso
2020 3916 2261 3974 nomine
2292 3917 2582 3991 prodierit
2620 3931 2802 3984 1475.

1784 4048 1915 4140 hist.
1966 4051 2159 4142 Jahrb.
2212 4055 2350 4108 1894
2393 4071 2446 4122 p.
2495 4060 2770 4114 771—95:
2824 4063 2958 4114 1897
3008 4078 3060 4129 p.

1787 4123 2371 4261 lat-fisseffimboechi
2411 4197 2597 4249 Storia
2637 4198 2785 4251 della
2827 4199 2970 4254 Lett.
2999 4201 3060 4255 it.

1787 4261 1860 4314 v1
1886 4265 1919 4316 1.
1948 4267 1997 4318 2.
2025 4281 2071 4318 c.
2104 4270 2155 4319 1.
2183 4283 2237 4318 n.
2264 4271 2364 4324 30:
2407 4266 2470 4322 R.
2492 4269 2706 4373 ‘Simon
2752 4271 2894 4351 111615.
2937 4273 3060 4355 crit.

1784 4404 2168 4460 Dictionnaire
2209 4354 2381 4462 dealga:
2417 4342 3059 4484 ffisslzsbhffiirirgggngss

1750 4465 1751 4502 ¹
1782 4475 1939 4528 Puris
1968 4482 2106 4534 1903
2132 4480 2225 4543 111,
2254 4486 2392 4536 1022
2421 4498 2508 4545 se„
2553 4484 2651 4536 ubi
2678 4485 2914 4539 alterius
2944 4504 3055 4541 ver·

438 4530 706 4600 ‚luppiter
767 4535 914 4589 hunc
978 4537 1120 4592 coeli
1172 4539 1444 4609 dignatus
1506 4541 1718 4597 honore
1779 4547 1953 4600 sionis
1980 4550 2231 4617 ejusdcm
2261 4552 2881 4613 aetatismeminitcur.
2899 4562 3058 4639 typo·

510 4602 713 4658 fuisset

1776 4618 1998 4688 grapho
2011 4620 2136 4674 Nic.
2161 4623 2188 4673 J
2210 4638 2239 4675 c
2256 4642 2293 4675 n
2310 4641 2334 4676 s
2351 4639 2384 4676 o
2402 4642 2453 4688 n,
2484 4641 2631 4693 quae
2659 4628 2889 4695 penitus
2916 4633 3057 4683 anti-

439 4676 739 4730 censorem
766 4677 1012 4748 linguae,
1057 4681 1151 4734 sed
1194 4682 1358 4735 timet
1384 4683 1501 4754 ipse
1530 4701 1713 4740 suae.··
1777 4693 1953 4757 quata
1965 4708 2162 4746 recusa
2175 4694 2415 4751 fuitcur.
2434 4697 3055 4769 Oai-‚Negronistlssso‘u

438 4745 519 4799 Cf.
549 4747 720 4802 etiam
749 4749 892 4805 Hist.
921 4751 1044 4804 crit.
1072 4752 1169 4805 des
1210 4754 1384 4822 princ,
1415 4761 1716 4812 comment.
1777 4761 2067 4816 Bononiae
2094 4769 2374 4823 1882—87
2397 4772 2437 4821 t.
2466 4774 2534 4824 10
2559 4769 2619 4821 in
2647 4775 2697 4826 8.

435 4817 513 4869 du
546 4817 612 4873 N.
641 4819 701 4874 Τ.
731 4837 775 4874 c.
805 4827 873 4877 34
901 4839 1030 4891 pag.
1057 4827 1164 4879 484
1191 4842 1261 4879 ss.

1850 4837 1889 4892 τ)
1920 4834 2047 4887 Alia
2074 4836 2327 4904 ejusdem
2356 4856 2529 4909 opera
2547 4841 2619 4893 ad
2642 4842 2835 4895 literas
2865 4845 3055 4899 hnma-

507 4894 550 4960 ³)
579 4877 668 4944 Οἵ]
705 4897 999 4947 accuratas
1044 4895 1176 4948 diss.
1229 4896 1317 4950 Fr.
1360 4899 1388 4950 J
1408 4914 1482 4951 os
1500 4909 1567 4952 te
1585 4918 1609 4954 s
1655 4901 1716 4954 in
1742 4895 1748 4962 Ι
1774 4899 1959 4957 niores
1985 4908 2303 4975 spectantia
2320 4913 2388 4962 ct.
2407 4912 2561 4980 apud
2582 4912 2801 4968 Fabric.
2823 4916 2913 4980 lll.
2936 4922 3053 4973 112.
