3475 5364
604 369 684 424 45
697 371 730 425 5
1380 357 1515 410 1301
1526 357 1752 410 —1325.
1779 353 2090 423 Theologia
2115 349 2466 406 scholastica.
3123 361 3244 413 455

600 537 844 612 quidam
876 536 1099 595 deus‘:
1139 538 1281 613 quia
1310 557 1450 597 vero
1481 539 1638 597 viam
1672 539 1886 597 stravit
1942 538 2098 614 Hug.
2146 536 2364 595 Cavelli
2416 529 2520 617 (ib.
2554 533 2600 603 Ι,
2639 527 2812 615 252),
2868 534 3055 608 cujus
3103 549 3250 590 cura

597 626 857 685 tuendae
891 626 1302 685 immaculatae
1321 627 1604 701 Deiparae
1638 645 1882 704 concep·
1934 628 2056 703 jam
2091 625 2436 702 prodierant
2468 623 2730 682 venetiis
2775 630 2980 687 1625;
3037 623 3106 679 et
3138 621 3251 678 ite-

598 716 751 774 tioni
785 716 1028 783 ,doctor
1059 715 1480 798 marianus‘l).
1941 736 2072 775 rum
2112 725 2298 779 1641.
2331 747 2420 757 —-
2451 712 2511 770 T.
2550 721 2606 775 3.
2639 711 3039 770 continentur
3089 728 3253 768 com-

1941 805 2232 863 mentaria
2243 804 2306 862 in
2318 803 2583 876 reliquos
2596 802 2656 860 ll.
2671 800 3079 876 Physicornm
3098 806 3166 857 et
3179 802 3254 855 tr.

696 902 838 955 239.
871 893 1086 951 Mirum
1118 913 1362 969 prorsus
1394 899 1504 962 est,
1540 914 1678 954 eum
1709 895 1884 953 annis
1941 896 2010 953 de
2040 913 2241 953 rerum
2263 894 2562 968 principio
2583 887 2972 971 (illuminans
2994 888 3256 963 quidem

601 987 720 1040 tam
755 982 962 1058 paucis
1003 999 1182 1057 opera
1214 988 1305 1042 tot
1339 986 1604 1059 potuisse
1651 1003 1884 1059 compo·
1943 983 2336 1051 intellectum,
2386 984 2486 1040 sed
2524 980 2711 1056 magis
2743 979 2999 1037 affectus
3033 995 3254 1037 accen-

598 1089 756 1129 nere.
823 1070 1015 1145 Opera
1046 1073 1202 1130 enim
1249 1074 1382 1148 ejus
1430 1074 1607 1142 edita,
1661 1073 1885 1148 quibus
1942 1069 2114 1152 dens)
2149 1091 2284 1130 cum
2318 1069 2633 1146 Waddingi
2672 1069 2834 1127 notis
2863 1072 2929 1126 et
2965 1066 3254 1135 scholii„

600 1167 799 1218 tamen
832 1160 1189 1236 plerumque
1221 1161 1389 1220 deest
1421 1163 1634 1221 ultima
1653 1181 1883 1231 manue,
1940 1167 2015 1220 tr.
2033 1163 2103 1219 de
2124 1163 2323 1236 primo
2347 1160 2650 1233 principio
2671 1161 2734 1216 et
2753 1160 2828 1214 tr.
2851 1155 3053 1214 XXIII
3072 1156 3255 1213 th'eo-

598 1250 900 1324 complent
920 1254 960 1305 t.
983 1248 1091 1307 XII
1125 1251 1518 1326 praegrandes
1542 1252 1602 1309 in
1619 1252 1678 1320 f.,
1714 1271 1884 1327 prae·
1943 1255 2236 1309 rematum
2275 1267 2411 1307 cum
2458 1247 2698 1306 scholiis
2732 1251 2797 1303 et
2828 1244 3258 1305 adnotationi-

601 1342 695 1396 ter
726 1356 878 1413 quae
925 1344 1066 1397 sunt
1115 1339 1289 1413 plura
1338 1340 1579 1399 inedita.
1645 1340 1885 1398 Prodie-
1942 1340 2055 1397 bus
2092 1338 2311 1398 Cavelli
2344 1342 2405 1395 et
2425 1336 2691 1395 Mauritii
2716 1332 3022 1414 (Venetiis
3049 1344 3256 1400 1490,

601 1430 748 1484 runt
809 1446 950 1484 cura
999 1426 1189 1485 Lucae
1242 1428 1553 1505 Waddingi
1605 1430 1885 1506 Lugduni
1942 1432 2004 1487 et
2065 1428 2285 1487 Cavelli
2365 1445 2507 1485 cura
2596 1424 2824 1505 16:5);
2903 1424 3258 1482 collationes

618 1524 780 1579 1639
803 1516 1142 1590 praemissis
1162 1516 1319 1575 Scoti
1343 1512 1529 1602 vita2)
1560 1524 1622 1577 et
1641 1519 1883 1595 elogiis:
1942 1516 2202 1576 XXXV
2236 1515 2843 1596 physico-theoloyicae
2901 1511 3253 1571 subtilissi-

607 1604 788 1663 editio
840 1604 1010 1673 bona,
1069 1604 1212 1663 dum
1263 1606 1557 1666 editiones
1608 1608 1887 1684 partiales
1944 1626 2072 1665 mae
2105 1625 2240 1664 cum
2276 1604 2518 1664 scholiis
2553 1603 2772 1662 Cavelli
2803 1606 2867 1661 et
2887 1601 2975 1660 IV
3009 1601 3257 1660 noviter

608 1697 753 1750 sunt-
798 1693 967 1751 valde
1018 1694 1334 1753 mendosae
1380 1702 1442 1754 et
1486 1697 1883 1772 imperfectae,
1942 1695 2175 1753 additae
2226 1711 2360 1753 cum
2394 1692 2714 1769 Waddingi
2767 1691 3051 1761 scholiis;
3108 1708 3254 1765 pro-

604 1781 719 1839 etsi
752 1785 812 1839 et
845 1782 909 1839 in
939 1781 1042 1839 illa
1074 1783 1444 1843 desideretur
1492 1785 1676 1844 maior
1713 1803 1885 1843 accu-
1942 1784 2176 1843 dierant
2219 1784 2342 1859 jam
2397 1783 2612 1856 Papiae
2676 1791 2839 1844 1517
2894 1784 2961 1839 et
3015 1780 3254 1854 passim

601 1871 753 1929 ratio
785 1870 1007 1928 critica.
1062 1870 1123 1929 T.
1168 1884 1216 1933 1.
1252 1874 1633 1933 continentur
1666 1875 1878 1933 Gram-
1942 1892 2073 1931 cum
2113 1873 2248 1956 aliis
2285 1872 2443 1932 Scoti
2475 1870 2776 1945 operibus,
2829 1872 2899 1928 ut
2931 1888 3077 1927 cum
3113 1868 3252 1943 ejus

598 1962 810 2017 matio-a
832 1958 1266 2042 speculativa³)‚
1299 1981 1333 2019 a
1353 1964 1711 2037 quibusdam
1733 1964 1884 2021 falso
1944 1961 2342 2036 quodlibetis;
2389 1964 2465 2018 tr.
2514 1954 2956 2041 (imperfectus)
3008 1959 3081 2015 de
3114 1975 3250 2032 coq-

598 2049 830 2107 tributa
861 2049 1111 2109 Alberto
1143 2050 1216 2108 de
1250 2051 1502 2110 Saxonia
1542 2053 1604 2111 Ο.
1641 2054 1695 2111 S.
1732 2056 1884 2129 Aug.
1942 2054 2158 2109 uitione
2191 2051 2301 2108 Dei
2331 2052 2393 2108 et
2423 2049 2807 2123 quaestiones
2840 2048 3099 2122 (pariter
3131 2048 3247 2105 im-

602 2133 898 2219 (Venetiis
942 2148 1137 2208 14993
1186 2150 1379 2210 15193
1429 2142 1675 2200 Parisiis
1717 2153 1881 2203 1605
1945 2137 2262 2221 perfectae)
2311 2135 2383 2197 de
2413 2137 2874 2213 formalitatibus
2904 2155 2973 2194 ex
3008 2136 3107 2199 ed.
3141 2153 3246 2192 ve-

597 2227 660 2284 in
699 2226 1022 2301 Gymnas-io
1070 2230 1417 2300 speculativo
1463 2232 1616 2307 Aug.
1660 2230 1884 2288 Gothu-
1944 2234 2082 2287 neta
2124 2239 2287 2292 1514
2323 2231 2386 2285 et
2415 2226 2730 2302 parisiensi
2761 2235 2924 2289 1584
2958 2243 3103 2283 cum
3138 2242 3245 2282 no·

599 2310 732 2395 tii);
776 2317 838 2372 in
871 2316 1210 2374 universam
1245 2318 1497 2394 logicam
1528 2323 1889 2397 quaestiones
1942 2319 2022 2377 tis
2056 2317 2402 2394 Waddingi3
2437 2318 2794 2393 quaestiones
2821 2316 3242 2386 miscellaneae,

599 2405 943 2471 uberrimae,
998 2424 1131 2462 cum
1169 2408 1431 2465 Mauritii
1477 2429 1511 2466 a
1558 2410 1744 2467 Portu
1794 2428 1882 2466 ar·
1944 2408 2103 2466 inter
2123 2426 2269 2481 quas
2291 2413 2382 2464 est
2401 2425 2523 2463 una
2551 2406 2620 2463 de
2651 2404 3045 2482 indulqentiis,
3085 2419 3244 2478 quae

600 2494 954 2568 chiepiscopi
987 2497 1311 2554 tuamensis
1345 2493 1884 2579 (†1513)exp02i-
1939 2496 2140 2569 judice
2187 2496 2257 2552 N.
2307 2495 2528 2553 Paulus
2546 2491 2593 2575 1)
2644 2513 2764 2552 non
2814 2493 3060 2551 videtur
3110 2508 3243 2550 esse

599 2582 763 2640 tione
808 2601 986 2656 super
1016 2584 1395 2658 quaestiones
1444 2586 1602 2645 Scoti
1646 2588 1711 2645 in
1745 2589 1882 2645 Por·
1945 2585 2117 2643 Scoti.
2154 2584 2714 2661 Meteoroloyicorum
2745 2583 2802 2639 ll.
2839 2584 3034 2640 4cum
3055 2580 3243 2639 Wad-

604 2671 916 2747 phyrium;
951 2691 1079 2729 eam
1112 2673 1481 2734 emendatam
1514 2676 1795 2752 notisque
1815 2676 1885 2734 il·
1944 2674 2111 2751 dingi
2145 2674 2306 2732 notis
2325 2680 2385 2732 et
2407 2672 2664 2740 scholii&
2698 2691 2848 2748 opus
2881 2671 3099 2729 saltem
3129 2672 3241 2729 dn·

604 2764 918 2818 lustratam
954 2761 1145 2819 edidit
1177 2763 1371 2822 Const.
1404 2764 1707 2825 Sarnanus
1743 2763 1886 2847 (No-
1942 2765 2126 2823 bium.
2160 2797 2249 2809 --
2281 2763 2341 2821 T.
2367 2773 2422 2825 4.
2457 2762 2875 2837 complectitur
2906 2761 3239 2836 expositio·

604 2850 812 2908 mencl.
847 2850 928 2918 12,
966 2848 1074 2928 49)
1124 2851 1386 2911 Venetiis
1431 2863 1630 2924 1583;
1686 2866 1886 2922 1586;
1943 2873 2079 2911 nem
2110 2854 2175 2910 in
2207 2853 2654 2927 metaphysicam
2677 2845 3015 2910 Aristotelis
3044 2848 3239 2925 (Pari-

616 2948 813 3007 1590;
860 2949 1053 3006 16103
1087 2941 1549 3002 emendatiorem
1593 2955 1791 3012 1619;
1825 2944 1886 3001 in
1945 2944 2050 3000 siis
2081 2951 2266 3010 1520,
2301 2942 2500 3016 etjam
2522 2945 2696 2998 antea
2720 2939 2981 2998 Venetiis
3013 2933 3237 3019 1501),

604 3027 880 3104 Isayoyen
908 3028 1226 3104 Porphyrii
1244 3027 1528 3110 (primum
1551 3053 1586 3091 a
1606 3032 1887 3092 Mam-itio
1943 3050 2094 3106 quae
2125 3037 2326 3089 tamen
2351 3031 2525 3105 juxta
2570 3029 2860 3105 quosdam
2906 3032 3001 3087 est
3049 3029 3239 3086 inter-

604 3116 691 3174 ed.
741 3127 920 3184 1504,
956 3116 1095 3175 dein
1131 3119 1324 3179 adhuc
1354 3119 1588 3200 sexies).
1624 3156 1707 3165 -
1743 3122 1804 3179 Τ.
1831 3131 1884 3182 2.
1943 3120 2142 3196 polata
2174 3125 2236 3178 et
2265 3124 2586 3178 retractata
2630 3119 2703 3176 ab
2750 3117 3019 3193 ejusdem
3053 3116 3237 3175 disci·

605 3206 785 3263 habes
831 3211 1244 3266 commentaria
1289 3210 1350 3267 in
1397 3210 1459 3267 ll.
1494 3211 1884 3270 Elenchorum
1945 3210 2085 3285 pulo
2118 3210 2377 3267 Antonio
2408 3207 2744 3274 Andrea‚
2795 3208 2879 3265 ita
2922 3213 3129 3265 tamen
3169 3207 3239 3263 nt

606 3299 668 3352 et
714 3294 779 3352 in
821 3294 883 3356 ll.
919 3306 953 3357 8
992 3296 1378 3371 physicorum
1412 3299 1886 3359 Aristotelis
1944 3299 2136 3373 operis
2180 3298 2520 3375 genuinitas
2567 3300 2824 3371 nequeat
2871 3295 2940 3354 in
2984 3295 3238 3353 dubium

604 3380 835 3464 (1—3)
890 3403 1021 3442 cum
1070 3387 1557 3447 annotationibus
1591 3389 1888 3447 Francisci
1943 3387 2170 3457 vocari3
2217 3388 2602 3446 conclusiones
2647 3385 3003 3444 utilissimas
3051 3395 3237 3442 meta·

604 3493 639 3530 a
669 3473 988 3548 Pitigianis
1025 3471 1126 3554 (ib.
1162 3476 1243 3545 12,
1286 3474 1454 3558 137),
1504 3497 1655 3553 quae
1686 3482 1889 3536 tamen
1947 3477 2217 3553 physicas
2272 3480 2333 3533 et
2393 3478 2749 3552 quaestiones
2811 3474 3237 3541 subtilissimas

596 3561 801 3637 judice
832 3563 1164 3640 Waddingo
1198 3584 1316 3623 non
1363 3570 1508 3624 sunt
1553 3567 1731 3636 Scoti‚
1787 3567 1888 3625 sed
1947 3568 2008 3623 in
2054 3567 2116 3622 ll.
2161 3575 2232 3627 12
2285 3559 2785 3644 metaphysicae2)
2854 3581 2989 3622 cum
3051 3580 3234 3621 anno·

604 3652 806 3726 potius
840 3652 1068 3710 Marsi
1090 3654 1187 3711 lii
1220 3655 1447 3730 inghen
1483 3651 1602 3738 (vel
1638 3657 1886 3714 alterius
1944 3655 2277 3714 tationibus
2310 3658 2373 3712 et
2403 3653 2649 3712 scholiis
2683 3652 2951 3711 Mauritii
2984 3672 3020 3710 a
3052 3653 3235 3712 Portu

604 3740 641 3797 J
658 3759 794 3798 oan
815 3741 936 3798 nis
971 3740 1146 3808 Scoti‚
1197 3745 1301 3818 qui
1349 3763 1396 3801 a.
1446 3755 1607 3808 1:309
1646 3745 1887 3803 Parisiis
1944 3750 2003 3802 et
2058 3744 2295 3812 cavelli,
2350 3762 2500 3818 quae
2552 3741 2752 3800 studio
2798 3741 3071 3799 Mauritii
3110 3742 3234 3816 jam

604 3831 887 3905 magister
917 3831 1137 3889 artium
1162 3828 1422 3914 floruit-):
1472 3835 1888 3893 commentaria
1946 3833 2293 3908 prodierant
2325 3831 2592 3890 Venetiis
2637 3841 2796 3894 1497
2834 3831 2902 3889 in
2933 3831 3009 3899 f.;
3053 3839 3232 3897 14993

607 3918 762 3976 enim
785 3920 942 3978 Scoti
965 3921 1227 3994 genuina
1247 3922 1509 3980 nondum
1543 3941 1880 3997 comparue-
1956 3933 2148 3990 15053
2197 3926 2256 3979 et
2289 3921 2504 3979 Cavelli
2543 3929 2730 3988 1625,
2767 3920 2872 3977 sed
2905 3923 3142 3977 tanturn
3175 3920 3232 3974 in

608 4015 767 4064 runt.
833 4007 1216 4075 Quaestiones
1250 4011 1313 4068 in
1349 4012 1407 4068 ll.
1442 4011 1512 4070 de
1544 4015 1743 4070 anima
1776 4013 1885 4070 im·
1946 4012 2005 4068 ll.
2034 4022 2068 4072 9
2093 4015 2203 4069 etc.
2236 4045 2322 4054 —
2358 4010 2419 4068 T.
2459 4021 2617 4073 5-1
2638 4021 2672 4071 0
2698 4008 3055 4067 continetur
3074 4026 3232 4082 mag-

609 4098 900 4171 perfectas
935 4116 1065 4155 cum
1109 4099 1347 4158 scholiis
1379 4104 1440 4159 et
1472 4103 1888 4176 supplemento
1942 4120 2089 4158 num
2121 4104 2181 4158 et
2210 4100 2595 4175 praecipuum
2638 4097 2901 4174 ejusdem
2938 4097 3232 4173 Scriptum

1945 4192 2245 4248 oxoniense
2279 4187 2413 4270 (seu
2444 4183 2769 4267 anglicum)
2805 4187 2842 4246 i.
2866 4206 2913 4244 e.
2938 4204 3230 4245 commen·

689 4269 722 4337 ¹)
783 4267 866 4320 Cf.
931 4269 1339 4323 conferentiam
1391 4275 1620 4324 auctore
1676 4271 1792 4324 JOS.
1857 4289 1890 4324 a

606 4337 739 4409 Cop.
784 4339 856 4394 M.
884 4339 1171 4396 Miloeevic'
1214 4340 1638 4396 L'immacolata
1685 4343 1890 4397 Conce-

605 4410 764 4463 zione
805 4410 864 4463 di
890 4411 1068 4464 Maria
1109 4412 1289 4466 difesa
1328 4413 1425 4466 dal
1456 4431 1507 4470 v,
1539 4414 1700 4468 Giov.
1730 4415 1890 4468 Duns
2027 4422 2059 4480 ¹)
2088 4414 2170 4467 cf.
2198 4413 2465 4468 Zeitachr.
2493 4413 2530 4473 f,
2559 4414 2614 4465 k.
2643 4411 2840 4465 Theol.
2871 4411 3027 4464 XXV
3057 4413 3229 4485 (1901)

605 4481 790 4539 Scoto,
819 4482 1048 4536 Padova
1076 4488 1231 4540 1897.
1947 4490 2250 4542 738—745.

647 4602 659 4614 ,
676 4557 720 4624 ²)
750 4552 880 4606 Vita
907 4554 1180 4623 prolixior
1204 4556 1490 4624 reperitur
1513 4558 1669 4627 apud
1687 4557 1890 4611 Ferchi
2021 4560 2061 4623 2)
2092 4556 2278 4610 Etiam
2304 4556 2411 4609 hae
2439 4553 2804 4624 quaestiones
2851 4553 3132 4607 dicuntur
3156 4552 3229 4604 in·

606 4623 874 4678 Coloniae
923 4631 1086 4686 1622:
1126 4627 1183 4679 in
1228 4627 1577 4696 Legendario
1628 4629 1890 4682 Franoes-
1945 4628 2264 4698 terpolatae
2308 4629 2379 4680 ab
2408 4629 2472 4681 A.
2502 4626 2748 4686 Andrea‚
2794 4628 2853 4680 et
2895 4624 3110 4678 desunt
3144 4641 3228 4692 qq.

605 4713 747 4749 cano
811 4701 1042 4751 auctore
1104 4699 1240 4753 Ben.
1306 4699 1577 4762 Mazzara,
1637 4700 1889 4754 Venetiis
1947 4701 1981 4753 l.
2010 4700 2101 4753 XI.
2143 4699 2223 4753 De
2250 4698 2404 4753 Scoti
2431 4696 2797 4779 philosophia
2825 4698 2896 4750 cf.
2927 4694 3230 4751 Pluzansln'

606 4774 744 4825 1722
776 4773 812 4821 t.
842 4769 913 4821 XI
942 4769 1213 4836 aliosque.
1949 4771 2106 4824 Essai
2150 4789 2248 4825 sur
2274 4771 2328 4824 la
2358 4769 2726 4837 Philosophie
2768 4769 2838 4822 de
2881 4767 3047 4822 Duns
3091 4768 3227 4828 Scot,

680 4848 719 4904 ⁸)
773 4841 856 4895 Cf.
908 4840 1148 4894 Werner
1197 4841 1301 4894 Die
1349 4842 1729 4912 Sprachlogik
1793 4844 1889 4896 des
1951 4843 2172 4896 Parisiis
2237 4847 2409 4898 1887:
2485 4839 2809 4894 Willmann
2875 4839 3078 4893 Gesch.
3141 4838 3227 4890 des

608 4910 767 4964 Duns
794 4913 900 4985 Se„
927 4912 1096 4965 Wien
1126 4917 1280 4968 1877.
1947 4913 2279 4967 Idealismus
2313 4914 2361 4966 lI
2386 4923 2412 4978 §
2440 4916 2524 4968 78.
