3475 5364
547 385 668 436 (539
863 365 1055 419 Feder.
1072 364 1151 455 ’de
1178 365 1336 429 V·en.‚
1367 364 1619 426 Werner,
1646 363 1732 416 J0.
1761 362 1831 415 de
1859 363 2150 428 Hesdiuio‚
2177 364 2348 421 Henr.
2380 365 2695 433 Heynbuch
2721 342 2826 420 etc.
3036 385 3159 437 690

545 551 934 628 ti‚eoindigni
953 551 1098 631 (scil.
1115 551 1188 608 ad
1206 550 1420 609 fratres
1436 551 1499 608 in
1517 568 1711 608 eremo
1727 549 1827 608 de-
1885 551 2019 625 quit
2049 550 2471 609 commentaria
2514 552 2578 609 in
2623 551 2974 626 psalterium
3007 555 3070 610 et
3100 552 3161 610 in

542 635 795 720 gentes),
842 641 974 715 ejus
1005 640 1125 697 vita
1165 645 1227 698 et
1258 639 1566 714 praeconia
1595 645 1723 708 etc„
1758 658 1827 697 ex
1884 638 1945 696 ll.
1978 639 2413 699 sententiarum
2462 637 2541 723 (fl.
2589 659 2673 699 ex.
2707 658 2818 698 sec.
2851 637 3044 721 XIV.).
3078 674 3162 685 -—-

545 733 715 804 parte
746 729 973 788 editum
1019 730 1082 787 in
1130 729 1545 804 supplemento
1590 733 1825 803 patrum
1884 728 1981 786 Ro
2000 728 2273 787 bertus
2303 728 2343 786 J
2357 730 2573 788 orius
2607 725 2870 811 (Ivorus)
2893 729 2957 788 Ο.
2979 733 3161 788 Carm.

544 820 602 875 P.
668 819 1042 893 Hommey.
1096 817 1341 876 Parisiis
1400 827 1582 881 1686.
1647 818 1828 875 Plura
1878 817 2276 886 londinensis,
2357 818 2698 894 provinciae
2768 819 3163 895 praepositus

543 908 653 965 alia
685 911 1035 966 manserunt
1054 906 1294 976 inedita,
1316 909 1385 965 ut
1406 905 1828 965 commentaria
1881 903 1904 985 (
1938 904 1972 972 †
2012 903 2224 986 1392),
2272 908 2695 966 commentaria
2738 909 2803 966 in
2849 908 3158 967 Ecclesias-

540 997 603 1054 in
636 997 1058 1072 Apocalypsim
1092 1001 1201 1054 etc.
1237 996 1326 1053 Ob
1353 996 1510 1054 vitae
1542 995 1822 1055 sanctita-
1881 997 2068 1054 ticum
2100 999 2161 1054 et
2180 996 2599 1072 Apocalypsim
2632 1001 2761 1066 etc„
2795 1017 2830 1055 a
2863 1015 2979 1070 quo
3014 1000 3162 1056 forte

541 1091 661 1142 tem
695 1086 1110 1161 virtutumque
1162 1085 1534 1160 splendorem
1568 1105 1601 1142 a
1632 1084 1824 1160 pluri·
1883 1086 2039 1143 alius
2115 1104 2236 1143 non
2313 1095 2404 1143 est
2463 1085 2859 1161 Rupertus
2929 1086 3163 1162 Anglus

542 1175 655 1232 bus
689 1175 844 1233 beati
878 1174 1059 1232 titulo
1103 1174 1428 1232 decoratur.
1494 1174 1825 1233 Catholicae
1881 1172 1921 1232 J
1936 1175 2153 1232 orius
2232 1175 2324 1232 vel
2386 1175 2617 1233 Ivorius
2695 1175 3160 1251 cognominatus,

543 1263 677 1321 fidei
708 1264 831 1321 zelo
863 1263 1247 1322 exardescens
1293 1282 1413 1320 una
1444 1281 1575 1321 cum
1608 1264 1656 1321 N
1675 1263 1824 1322 ico·
1880 1281 2057 1338 quem
2092 1263 2206 1322 sibi
2232 1263 2597 1321 Dominicani
2617 1263 2941 1330 vindicant,
2974 1270 3037 1321 et
3068 1265 3165 1322 cui

542 1353 661 1410 luo
697 1352 758 1411 Ο.
795 1353 933 1410 Min.
968 1352 1483 1428 Tangermundam
1519 1354 1724 1410 urbem
1759 1353 1823 1410 in
1881 1353 2239 1411 tribuuntur
2268 1352 2676 1410 commentarii
2697 1353 2763 1410 in
2781 1352 2914 1421 Job,
2951 1352 3161 1411 Danie-

542 1441 1089 1518 brandenburgeusi
1110 1441 1339 1499 ditione
1359 1442 1613 1516 positam
1636 1442 1822 1500 aLol-
1882 1442 2013 1511 lem,
2050 1442 2432 1510 Matthaeum‚
2464 1442 2698 1510 Lucam,
2734 1441 3042 1500 Joannem.
3077 1474 3161 1486 -

542 1531 861 1589 bardorum
908 1531 1135 1589 haeresi
1183 1531 1551 1605 expurgavit.
1586 1564 1671 1573 -—
1705 1531 1819 1589 Fe·
1881 1531 2223 1588 Joannes
2284 1531 2356 1589 de
2402 1530 2778 1589 Hesdinio
2841 1526 3160 1611 (HisdiniO,

542 1620 852 1678 clericus
912 1620 985 1677 de
1047 1619 1385 1678 Venetia
1430 1619 1494 1678 Ο.
1542 1620 1744 1677 Praed.
1793 1639 1826 1677 a
1880 1616 2128 1700 Isdinio)
2145 1620 2458 1696 theologus
2475 1619 2819 1696 parisiensis
2836 1620 3161 1678 secundum

543 1710 782 1785 linguae
815 1709 1080 1784 vulgaris
1098 1709 1358 1784 puritate
1380 1708 1826 1767 commendatus
1881 1709 2112 1784 aliquos
2136 1711 2196 1767 Ο.
2230 1711 2484 1768 fratrum
2518 1709 2827 1783 hospitalis
2848 1727 2891 1767 s.
2910 1708 3161 1767 Joannis
3249 1739 3259 1748 -

541 1805 679 1855 ante
709 1819 758 1855 a.
801 1809 963 1862 1400
999 1798 1218 1856 floruit.
1252 1799 1645 1872 Apocalypsin
1677 1816 1709 1855 e
1740 1798 1819 1855 la—
1883 1798 2402 1874 hierosolymitani,
2453 1797 2776 1856 secundum
2828 1798 2976 1856 alios
3010 1799 3074 1856 0.
3107 1798 3161 1855 S.

540 1889 669 1946 tino
701 1887 766 1944 in
797 1887 1104 1964 vulgarem
1124 1886 1392 1961 linguam
1412 1886 1672 1945 italicam
1703 1888 1821 1945 ele·
1882 1892 2032 1964 Aug.
2068 1887 2373 1962 scripsisse
2404 1888 2628 1962 legitur
2658 1887 2720 1945 in
2736 1885 2952 1948 Job.in
2969 1886 3161 1944 Evan-

541 1979 752 2051 ganter
782 1980 843 2034 et
874 1994 980 2051 pro
1014 1994 1123 2033 suo
1177 1977 1373 2033 seculo
1425 1994 1574 2051 pure
1624 1977 1822 2045 vertit,
1881 1977 2039 2051 gelia
2068 1994 2111 2034 s.
2145 1977 2324 2035 Marci
2355 1983 2416 2034 et
2445 1975 2713 2042 JoanniS‚
2766 1976 2830 2033 in
2879 1976 3161 2050 epistolas

544 2065 637 2123 cui
670 2065 872 2124 eadem
906 2065 1113 2140 lingua
1142 2083 1210 2122 ex
1243 2065 1442 2134 variis,
1477 2065 1823 2138 praesertim
1884 2065 2067 2134 Pauli,
2096 2067 2395 2140 postillam
2433 2067 2497 2122 in
2524 2066 2953 2141 Apocalypsim,
2984 2084 3160 2140 quam

541 2174 607 2212 ex
644 2154 695 2211 N
713 2154 968 2212 icolao
1017 2154 1267 2230 Lyram,
1301 2154 1619 2228 desumpta
1665 2172 1819 2213 com·
1883 2154 2078 2228 Oudin
2116 2155 2215 2224 ΙΙΙ,
2271 2164 2432 2216 1226
2488 2154 2705 2212 editam
2758 2157 2957 2212 censet
3006 2154 3165 2212 inter

542 2243 833 2301 menteris
865 2243 1136 2317 subjecit,
1183 2261 1339 2318 quae
1373 2243 1569 2301 versio
1600 2243 1828 2317 prodiit
1881 2243 2057 2317 opera
2105 2245 2227 2302 Nic.
2263 2243 2542 2302 Gothami
2575 2243 2937 2317 Antverpiae
2978 2251 3160 2304 1620.

545 2333 820 2400 VenetiiS‚
854 2338 926 2391 ut
957 2332 1198 2390 videtur
1234 2333 1357 2406 jam
1397 2342 1597 2399 15153
1641 2341 1823 2395 1519.
1882 2330 1962 2410 (fl.
2021 2331 2231 2409 1390).
2283 2366 2368 2376 --
2422 2332 2852 2393 Severinus
2904 2332 3162 2390 Craco-

542 2455 628 2463 —
653 2421 963 2479 Werner
994 2420 1618 2496 quidam‚quidicitur
1638 2440 1823 2496 quon·
1881 2422 2181 2480 viensis
2225 2441 2294 2479 ex
2336 2422 2554 2497 judaeo
2586 2420 2808 2481 sodalis
2841 2420 2905 2478 Ο.
2943 2420 3159 2481 Ρτωά..

542 2510 674 2567 dam
706 2510 895 2569 fuisse
925 2510 1240 2586 religiosus
1267 2510 1331 2568 in
1368 2510 1617 2569 canonia
1633 2509 1824 2568 e.Vic·
1881 2511 2208 2588 theologiae
2241 2512 2526 2588 magister
2556 2518 2618 2568 et
2648 2509 3036 2577 ecclesiastes,
3057 2510 3162 2584 qui

542 2600 691 2657 toris
721 2598 1054 2676 parisiensi,
1089 2598 1226 2657 dein
1257 2599 1564 2658 transiisse
1594 2599 1668 2657 ad
1689 2599 1824 2658 Car·
1881 2601 2289 2677 Augustinum
2353 2605 2415 2658 et
2474 2601 2834 2673 Aquinatem
2882 2598 3165 2657 memoria

543 2690 873 2758 thusianos‚
940 2688 1281 2765 compilavit.
1340 2708 1386 2748 c.
1435 2709 1483 2747 a.
1546 2701 1706 2752 1400
1758 2708 1824 2748 ex
1883 2691 2149 2749 tenuisse
2199 2691 2406 2758 fertur,
2455 2689 2723 2765 ingentia
2766 2689 3072 2746 volumina
3102 2689 3165 2746 in

543 2778 821 2853 operibus
873 2797 917 2835 s.
951 2778 1220 2854 Gregorii
1252 2779 1325 2835 M.
1377 2778 1828 2837 Enucleamenta
1882 2798 1956 2836 ss.
2022 2779 2481 2857 Evangeliorum
2537 2778 2899 2837 harmoniam
2961 2778 3162 2835 elucu-

545 2867 767 2926 Bibliae
821 2869 876 2930 ll.
929 2866 1102 2943 XVI,
1184 2867 1425 2925 Parisiis
1485 2878 1649 2930 1508
1705 2866 1826 2949 (vel
1880 2868 2094 2929 bravit.
2133 2903 2211 2912 -
2247 2868 2561 2926 Thomas
2603 2867 2957 2925 Bromius
2992 2865 3159 2948 (Bro-

553 2954 760 3019 1608).
1882 2956 2043 3033 nius)
2078 2957 2141 3017 Ο.
2176 2958 2360 3016 Carm.
2395 2957 2646 3033 Anglus,
2696 2955 2994 3032 professor
3025 2974 3161 3016 oxo-

1881 3046 2120 3117 niensiS,
2134 3046 2469 3122 provinciae
2488 3044 2865 3120 praepositus
2884 3039 2947 3127 (†
2974 3040 3161 3123 1380)

635 3144 777 3196 350.
812 3135 1212 3194 Plurimorum
1243 3153 1424 3207 opera
1455 3135 1517 3192 in
1551 3154 1595 3193 s.
1631 3135 1825 3211 Scrip-
1883 3138 2119 3211 praeter
2164 3135 2284 3194 alia
2332 3135 2404 3193 de
2436 3134 2715 3192 laudibus
2747 3152 2791 3191 s.
2825 3134 3164 3209 Scripturas

543 3230 735 3281 turam
765 3228 1118 3282 manserunt
1148 3222 1391 3292 inedita,
1423 3230 1495 3282 ut
1527 3224 1824 3282 Antonii
1883 3223 2166 3283 disseruit
2212 3228 2390 3301 atque
2439 3222 2746 3298 epistolam
2797 3243 2839 3281 s.
2874 3221 3041 3281 Pauli
3091 3222 3165 3280 ad

543 3331 575 3370 a
606 3311 645 3369 J
662 3332 748 3371 an
769 3331 863 3371 ua
908 3313 970 3371 Ο.
1006 3312 1188 3371 Carm.
1239 3312 1474 3371 lectoris
1507 3313 1706 3370 biblici
1742 3308 1825 3394 (fl.
1881 3314 2176 3377 Romanos
2207 3313 2560 3387 explanavit.
2587 3345 2667 3354 ο-
2690 3312 2758 3370 In
2789 3314 3034 3371 eandem
3066 3331 3164 3368 ex·

551 3397 761 3481 1379).
796 3434 881 3444 —
915 3400 1298 3460 Bernardi
1344 3402 1415 3460 de
1462 3402 1827 3460 Ambasia
1883 3402 2100 3476 positio
2127 3402 2383 3460 Jacobi
2416 3400 2738 3461 Tederici
2773 3397 3162 3479 (Tetlerisius')

545 3491 615 3547 al.
651 3491 896 3550 Aureoli
930 3490 995 3548 Ο.
1030 3490 1215 3548 Carm.
1250 3490 1405 3548 Galli
1455 3490 1692 3549 lectoris
1723 3509 1827 3565 pa·
1884 3488 3164 3551 O.Praed.bononiensislaudatur.—-Hisad-

542 3579 811 3638 risiensis
844 3576 925 3661 (fl.
959 3597 1004 3637 c.
1040 3600 1088 3637 a.
1132 3573 1344 3659 1380),
1389 3578 1496 3655 qui
1542 3579 1827 3638 lectiones
1884 3579 2107 3637 dantur
2168 3579 2511 3637 Joannes
2573 3577 2646 3635 de
2696 3577 3036 3635 Eboraco
3098 3577 3162 3635 Ο.

546 3678 625 3729 64
660 3669 723 3726 in
762 3688 850 3744 ep.
871 3668 1097 3737 Jacobi‚
1141 3676 1260 3731 112
1295 3668 1359 3726 in
1390 3688 1482 3744 ep.
1499 3667 1749 3726 Joannis
1768 3671 1828 3725 et
1882 3668 2067 3727 Carm.
2101 3669 2335 3745 Anglus
2381 3667 2460 3747 (fl.
2495 3686 2539 3725 c.
2582 3663 2793 3747 1390).
2828 3699 2912 3708 -
2944 3665 2983 3723 J
2998 3685 3163 3725 oan-

543 3758 962 3816 commentaria
993 3757 1058 3815 in
1091 3757 1446 3833 magistrum
1499 3757 1826 3816 sententia·
1884 3775 2014 3816 nes
2060 3757 2231 3819 Elin
2251 3775 2337 3815 us
2386 3751 2710 3837 (Helinius)
2743 3755 3009 3831 ejusdem
3042 3755 3162 3814 ord.

541 3865 675 3903 rum
694 3846 1008 3922 reliquisse
1029 3845 1332 3905 scribitur.
1367 3881 1452 3889 —--
1486 3845 1826 3905 Simonis
1886 3846 2302 3904 Norlolciensis
2345 3846 2548 3922 magni
2592 3862 2700 3919 per
2738 3845 3012 3921 Anglium
3059 3863 3165 3903 no·

541 3936 772 4011 Angli
837 3936 950 3994 OP.
1005 3932 1086 4016 (fl.
1148 3932 1360 4016 1391),
1423 3935 1529 4010 qui
1591 3935 1829 4010 scripsit
1883 3934 2064 3993 minis
2097 3931 2159 4016 (†
2198 3932 2410 4014 1379),
2446 3934 2551 4009 qui
2582 3933 2815 4009 scripsit
2846 3934 2908 3991 in
2941 3934 3164 4009 Apoca-

540 4024 814 4099 postillas
840 4025 904 4083 in
937 4028 1198 4098 quatuor
1229 4024 1545 4100 prophetas
1579 4024 1828 4099 majores
1883 4024 2102 4100 lypsim
2134 4042 2177 4087 s.
2211 4023 2461 4085 Joannis
2506 4024 2770 4096 aliasque
2801 4023 3058 4083 lecturas
3090 4040 3164 4083 SS.

541 4113 809 4188 aliosque
842 4114 902 4171 ll.
937 4113 1002 4171 V.
1035 4113 1096 4171 Τ.
1131 4145 1217 4154 —-—·
1266 4112 1607 4171 Simonis
1653 4114 1825 4171 Bre-
1885 4114 2345 4187 scripturarum,
2394 4116 2457 4172 et
2487 4113 2646 4175 Rich.
2694 4111 3161 4189 Lavingham

542 4202 720 4260 doni
752 4196 1075 4283 (Biriduni)
1094 4201 1290 4279 Angli,
1323 4202 1534 4260 medici
1557 4204 1619 4260 et
1638 4207 1824 4259 astro·
1883 4201 1947 4260 O.
1981 4202 2071 4261 Ca.
2106 4198 2168 4271 (1·
2206 4198 2401 4284 1381)
2434 4207 2541 4261 etc.

543 4291 663 4367 logi
695 4291 948 4368 insignis
978 4285 1063 4374 (fl.
1107 4287 1318 4371 1386),
1365 4291 1472 4367 qui
1519 4291 1827 4365 scripsisse

543 4379 765 4438 dicitur
795 4381 857 4438 in
879 4379 1092 4438 Isaiam
1125 4381 1490 4456 prophetam.
1525 4414 1613 4424 —
1647 4380 1825 4438 Mat-

542 4469 817 4528 thaeus
895 4468 1416 4527 Ebroicensis
1495 4470 1558 4528 0.
1622 4469 1824 4528 Praed.
1976 4479 2119 4531 351.
2153 4469 2286 4529 Huc
2331 4469 2481 4529 forte
2513 4469 2718 4529 reterri
2749 4468 2942 4529 adhuc
2974 4474 3167 4543 potest

542 4557 682 4616 fecit
730 4576 911 4633 super
961 4559 1450 4627 Pentateuchum‚
1504 4558 1716 4617 lsaiam
1766 4561 1829 4615 et
1883 4558 2269 4617 Henricus
2302 4558 2730 4633 Heynbuch
2777 4556 3162 4639 (Hembuche,

540 4647 688 4705 alios
742 4647 1126 4721 quamplures
1173 4647 1238 4705 V.
1290 4665 1356 4705 ac
1401 4647 1471 4704 N.
1524 4647 1587 4705 Τ.
1637 4647 1826 4707 libros
1884 4647 2025 4704 villa
2058 4665 2239 4722 prope
2286 4647 2686 4723 Langenstein
2727 4647 2790 4705 in
2824 4642 3058 4728 Hassis)
3090 4646 3165 4703 de

542 4736 841 4812 egregiam
887 4736 1188 4811 postillam
1241 4731 1322 4819 (fl.
1373 4756 1422 4794 a.
1483 4734 1691 4814 1390).
1740 4736 1827 4780 -’-
1882 4735 2418 4813 Langenstein
2451 4736 2544 4793 vel
2575 4736 2751 4795 etiam
2784 4735 2855 4794 de
2888 4736 3164 4793 Hassis

543 4825 818 4883 Petrus
852 4825 926 4883 ab
958 4825 1237 4884 Insula
1269 4819 1647 4903 (insulensis)
1683 4824 1748 4883 O.
1771 4825 1824 4883 S.
1882 4825 2095 4895 dictuS,
2132 4825 2409 4884 Senior
2438 4844 2677 4901 quoque
2692 4824 3161 4900 cognominatae,

542 4914 744 4976 Franc.
793 4913 1040 4983 ,doctor
1070 4913 1392 4972 notabilis‘
1440 4913 1652 4981 dictus
1688 4914 1823 4972 reli·
1885 4917 1953 4973 ut
2001 4914 2413 4990 distinguatur
2460 4914 2532 4971 ab
2582 4915 2698 4973 alio
2749 4912 3012 4989 ejusdem
3057 4930 3163 4970 no-
