3475 5364
126 337 154 388 5
166 338 237 387 41
561 318 621 370 In
648 317 765 371 ord.
793 335 834 369 s.
865 318 1190 387 Augustini.
1220 318 1506 372 Henricus
1532 318 1602 372 de
1631 316 1925 380 Frimaria‚
1954 316 2239 371 Gerardus
2265 333 2379 370 sen.
2654 333 2774 387 542

128 512 193 563 ut
207 504 482 562 videtur
500 504 725 573 Gallus,
742 505 1075 580 provinciae
1093 501 1438 586 (Provence)
1496 505 2039 565 exercitatissimus
2092 504 2286 579 Usque
2337 503 2411 574 ad
2440 506 2778 579 provectam

126 595 287 669 prior
318 594 740 669 praeposituS,
782 594 1066 671 magister
1096 594 1456 669 parisiensis,
1498 598 1755 654 aetatem
1787 594 2000 653 studiis
2045 597 2175 651 erat
2219 592 2476 661 deditus,
2526 593 2628 651 sed
2660 611 2780 651 non

130 684 272 762 (fia.
300 682 654 762 1327)-
686 682 1095 741 Guilelmus
1128 683 1201 741 de
1235 683 1437 742 Sout-
1495 685 1699 743 minus
1761 683 2035 742 omnibus
2097 682 2342 757 pietatis
2387 682 2596 741 officiis
2658 682 2778 740 vir-

128 774 284 830 ham
306 777 458 845 pto
478 773 561 830 ni
580 792 614 830 a
682 771 967 830 dioecesis
1028 771 1438 832 wintoniensis
1496 778 1818 848 tutumque
1879 771 2158 830 exercitio
2220 772 2509 830 intentus.
2575 773 2781 841 ,Inter

134 860 382 938 Anglus.
454 862 641 936 cujus
702 866 792 919 est
840 862 1019 920 etiam
1071 862 1316 937 postilla
1376 863 1440 919 in
1498 862 1804 931 orandum,
1839 861 2065 920 solebat
2096 849 2307 930 dicere,
2345 861 2462 919 Deo
2496 879 2558 918 se
2596 861 2777 935 loqui,

133 952 344 1008 Isaiam
382 954 506 1008 etc.
550 947 630 1031 (fl'.
664 969 710 1009 c.
753 945 963 1031 1340).
998 984 1085 993 ——
1130 950 1166 1008 J
1180 969 1440 1009 oannes
1497 952 1655 1010 inter
1671 950 2036 1010 studendum
2058 950 2240 1008 Deum
2269 950 2443 1008 sibi.‘
2480 950 2623 1008 Post
2651 968 2779 1008 sae-

135 1040 225 1097 ch
239 1040 356 1097 ris
374 1042 405 1096 t
420 1056 460 1096 o
480 1059 529 1115 p
547 1040 586 1097 h
603 1058 636 1097 o
651 1038 720 1096 ri
782 1039 853 1097 de
900 1040 1231 1098 Meleberch
1295 1041 1435 1099 Ger·
1495 1041 1768 1099 vissimos
1799 1040 1994 1099 morbi
2016 1039 2248 1098 dolores
2269 1039 2523 1098 triennio
2544 1039 2779 1114 patien-

139 1147 345 1186 manus
402 1149 439 1185 a
497 1127 761 1203 capitulo
807 1129 1073 1205 generali
1118 1129 1440 1187 Leniovicis
1495 1130 1726 1189 tissime
1776 1129 2064 1187 toleratos
2128 1148 2305 1204 prope
2367 1129 2778 1205 octogenarius

146 1227 307 1280 1334
342 1218 571 1276 habito
620 1216 695 1275 ad
745 1217 1060 1294 legendum
1114 1218 1438 1276 sententias
1497 1212 2777 1299 decessita.1334(secundumaliosc.1340,

147 1307 378 1365 Parisiis
464 1306 833 1375 destinatuS,
911 1307 1007 1365 cui
1084 1307 1439 1365 tribuuntur
1498 1309 1594 1367 vel
1635 1318 1819 1376 1354,
1853 1308 1970 1366 imo
1990 1325 2036 1365 c.
2064 1302 2278 1387 1357).
2314 1305 2402 1363 Ob
2433 1306 2593 1365 vitae
2613 1324 2776 1365 sanc·

146 1395 312 1452 etiam
347 1396 650 1472 postillae
679 1396 744 1453 in
777 1405 812 1456 4
848 1396 1187 1472 Evangelia,
1221 1397 1441 1472 episto-
1496 1398 1735 1456 titatem
1767 1418 1801 1456 a
1832 1396 2138 1455 sodalibus
2154 1403 2214 1453 et
2231 1395 2368 1454 aliis
2389 1415 2625 1471 quoque
2647 1397 2780 1453 bea-

156 1486 228 1542 las
257 1485 432 1543 Pauli
485 1488 553 1543 et
598 1488 827 1559 septem
874 1503 963 1560 ep.
998 1485 1321 1544 canonicas.
1354 1519 1442 1529 —
1495 1487 1591 1556 tis,
1624 1487 1746 1544 imo
1781 1486 2001 1545 sanctis
2033 1487 2374 1544 accensetur
2388 1480 2454 1565 ¹).
2487 1484 2648 1543 Haec
2676 1504 2779 1560 po-

158 1574 487 1632 ,loannes
545 1573 621 1632 de
666 1575 899 1633 Prato
949 1574 1153 1632 Gallus
1218 1575 1443 1649 pariter
1497 1576 1654 1635 tiora
1685 1575 1950 1650 ejusdem
1970 1593 2183 1648 opera:
2219 1574 2289 1637 L.
2321 1575 2392 1631 de
2420 1581 2671 1650 quatuor
2690 1576 2777 1631 in-

172 1662 500 1739 designatus
547 1682 600 1720 a.
656 1673 818 1725 1312
871 1664 942 1721 ad
994 1663 1276 1740 legendas
1307 1682 1440 1722 sen·
1495 1666 1794 1723 stinctibus
1842 1664 2061 1732 divino,
2116 1663 2400 1740 angelice,
2465 1663 2776 1729 diabolico,

176 1752 356 1809 tentias
392 1752 674 1819 Parisiis,
724 1752 1033 1828 episcopus
1084 1753 1440 1812 ebroicensis
1496 1754 1814 1822 mundanO,
1878 1752 2144 1811 Venetiis
2205 1761 2403 1821 14983
2465 1752 2780 1828 Hagenoae

182 1836 392 1921 (1328),
442 1841 562 1916 qui
608 1845 809 1899 tamen
860 1843 1092 1900 muneri
1124 1842 1441 1918 episcopali
1508 1853 1703 1912 1513;
1737 1841 1984 1901 Parisiis
2023 1851 2186 1904 1514
2221 1841 2282 1899 in
2310 1850 2421 1910 12;
2453 1839 2528 1901 dc
2558 1843 2780 1917 spiriti·

172 1930 526 1987 renunciavit
563 1928 797 2010 (1334;
830 1928 866 1997 †
897 1948 942 1988 c.
986 1928 1195 2013 1338).
1496 1932 1599 1990 bus
1614 1950 1936 2008 eorumque
1951 1930 2307 1989 discretione
2325 1925 2502 2012 (forte
2519 1950 2586 1988 ex
2608 1950 2779 2006 prae-

1498 2021 1616 2079 ced.
1650 2015 1770 2103 op.)
1817 2020 2181 2096 Antverpiae
2223 2028 2386 2082 1652
2442 2016 2604 2102 (cum
2648 2019 2781 2078 aliis

249 2116 382 2168 273.
417 2108 521 2166 Ex
555 2109 761 2166 ordine
790 2128 837 2166 s.
871 2111 1189 2186 Auyustim'
1220 2110 1440 2184 praeci·
1497 2109 1749 2169 aliorum
1782 2110 1841 2166 ll.
1875 2112 1937 2167 et
1967 2108 2215 2167 Henrici
2246 2104 2426 2189 vita);
2461 2109 2782 2167 additiones

174 2214 306 2269 puus
366 2195 526 2256 forte
596 2198 706 2255 hoc
765 2202 1029 2273 tempore
1078 2202 1171 2257 est
1226 2199 1441 2257 beatus
1497 2201 1579 2257 ad
1607 2201 1665 2261 ll.
1695 2200 2111 2257 sententiarum
2145 2192 2293 2278 (una
2320 2216 2452 2256 cum
2485 2216 2778 2256 commen-

178 2284 548 2344 Henricus
597 2287 669 2344 de
699 2287 894 2345 Frim
917 2283 1145 2368 aria1)
1180 2282 1439 2369 (Vrima·
1496 2289 1649 2347 tario
1681 2287 1920 2364 Aegidii
1950 2282 2223 2368 romani),
2267 2287 2535 2345 Basileae
2575 2294 2735 2348 1497
2765 2308 2778 2357 3

177 2372 263 2440 ria,
325 2373 623 2439 Vrimach,
687 2376 903 2434 Frimel
948 2381 1075 2446 etc„
1141 2376 1297 2451 quod
1350 2380 1439 2435 est
1497 2377 1774 2437 Coloniae
1802 2386 1967 2440 1513
1992 2377 2055 2435 in
2076 2376 2147 2445 f.;
2181 2384 2254 2434 tr.
2284 2395 2399 2452 pro
2428 2378 2782 2451 conceptione

181 2461 435 2536 oppidum
466 2482 658 2540 prope
690 2464 939 2523 Gotham
971 2466 1037 2523 in
1066 2461 1440 2543 Thuringia).
1496 2466 1545 2529 b,
1593 2466 1653 2525 V.
1699 2467 1925 2525 Mariae
1957 2462 2118 2547 (cum
2147 2476 2221 2527 19
2246 2465 2381 2523 aliis
2401 2464 2659 2523 aliorum
2676 2468 2777 2544 tr.)

180 2549 451 2610 Lutetiam
482 2554 856 2612 Parisiorum
875 2554 1178 2629 profectus
1211 2572 1439 2613 summo
1497 2559 1746 2614 curante
1780 2557 1957 2614 Petro
1989 2554 2063 2612 de
2097 2555 2264 2624 Alva‚
2297 2554 2539 2612 Lovanii
2580 2564 2777 2622 1664;

188 2638 457 2700 inhonore
477 2643 555 2701 ob
574 2642 874 2720 insignem
888 2644 1116 2722 ingenii
1135 2648 1440 2719 praestan·
1498 2645 1804 2723 Expositio
1822 2646 2096 2703 triviaria
2129 2644 2313 2702 decem
2344 2650 2781 2720 praeceptorum

188 2729 307 2785 tiam
327 2732 999 2805 aiquehonestissimam
1018 2734 1178 2792 vitae
1198 2752 1440 2793 conver·
1498 2735 1623 2792 sive
1655 2734 2134 2809 Praeceptorium
2180 2752 2287 2792 seu
2333 2733 2624 2809 expositio
2667 2733 2780 2790 tri-

193 2816 533 2880 sationemab
546 2822 826 2881 omnibus
840 2823 1443 2898 habebatur‚propter
1496 2823 1684 2881 viaria
1747 2823 1810 2881 in
1873 2823 2219 2899 decalogum
2282 2819 2459 2904 (quae
2510 2822 2583 2879 ab
2647 2822 2780 2882 aliis
2831 2862 2838 2871 ·

193 2904 683 2983 flagrantissimam
714 2931 858 2988 erga
893 2913 1080 2971 Deum
1110 2913 1439 2982 caritatem,
1497 2912 1742 2971 Nicolao
1793 2913 2021 2988 Lyrano
2072 2911 2379 2980 tribuitur,
2445 2910 2559 2969 sub
2608 2911 2779 2985 cujus

197 3012 294 3067 qua
318 3016 373 3054 se
402 3003 599 3058 totum
634 3001 695 3058 in
729 3001 924 3059 verbis
959 3005 1019 3059 et
1050 3001 1285 3076 scriptis
1306 3019 1437 3060 suc·
1498 3002 1681 3060 etiam
1712 3001 1952 3059 nomine
1970 2995 2241 3082 prodiit),
2276 2999 2552 3060 Coloniae
2582 3009 2779 3069 1498;

199 3099 402 3143 censum
444 3089 816 3159 ostendebat,
868 3092 1064 3149 doctor
1105 3091 1443 3163 seraphicus
1507 3101 1701 3160 1505;
1772 3090 1975 3148 Passio
2005 3090 2083 3148 D.
2114 3089 2188 3148 N.
2222 3089 2537 3148 literaliter
2566 3092 2628 3147 et
2657 3107 2780 3147 mo-

207 3174 511 3247 appcllatus.
574 3179 809 3238 Laurea
856 3178 1145 3238 doctorali
1196 3180 1444 3239 obtenta
1496 3180 1701 3238 raliter
1732 3179 2064 3254 explanata,
2113 3179 2358 3238 Parisiis
2403 3188 2597 3247 15143
2659 3178 2780 3235 Ha-

205 3259 382 3320 ibidem
411 3265 515 3325 diu
546 3268 958 3343 philosophiae
1005 3274 1066 3325 et
1108 3269 1441 3345 theologiae
1497 3287 1721 3345 genoae
1760 3280 1785 3332 1
1805 3278 1962 3339 5173
1996 3286 2147 3344 opus
2168 3286 2508 3326 sermonum
2529 3267 2780 3325 exactis-

203 3350 497 3412 eathcdram
530 3357 703 3414 rexit.
736 3357 805 3414 ln
839 3358 1215 3416 Germaniam
1246 3376 1439 3416 rever·
1498 3358 1783 3416 simorum
1829 3358 1897 3415 de
1939 3359 2175 3428 sancti-3,
2222 3357 2537 3434 Hagenoae
2577 3364 2778 3425 1513;

208 3454 287 3495 sus
313 3439 366 3498 in
395 3446 929 3517 praestantioribus
962 3446 1311 3505 civitatibus
1345 3465 1437 3504 ca·
1497 3446 1744 3505 Parisiis
1785 3456 1985 3515 15143
2031 3449 2107 3504 tr.
2158 3449 2228 3504 de
2272 3447 2491 3522 oriqine
2516 3445 2781 3517 fratrum

208 3524 403 3588 thedras
449 3533 783 3592 illustravit
832 3535 1076 3611 egitque
1136 3538 1441 3612 regentem
1494 3536 1916 3612 Eremitorum,
1980 3535 2246 3594 Venetiis
2318 3542 2497 3598 1514.
2591 3534 2781 3591 Multa

218 3616 495 3679 studiorum
540 3624 768 3701 Pragae
814 3627 875 3681 et
920 3642 1063 3682 suae
1103 3624 1442 3700 provinciae
1493 3628 1845 3683 manserunt
1874 3624 2117 3694 inedita,
2170 3627 2240 3681 ut
2270 3623 2687 3682 commentaria
2716 3622 2781 3680 in

216 3710 582 3779 praepositum.
618 3712 876 3771 Arimini
909 3733 958 3770 a.
999 3722 1164 3779 1318
1200 3714 1264 3772 in
1280 3716 1436 3789 capi·
1497 3733 1540 3771 s.
1576 3713 1960 3789 scripturam,
2012 3713 2077 3771 in
2127 3714 2187 3771 ll.
2221 3713 2563 3771 Ethicorum
2613 3711 2779 3770 Aris-

218 3791 320 3849 tulo
358 3803 604 3871 generali
655 3802 1024 3859 examinator
1071 3803 1443 3861 studentium
1496 3803 1720 3871 totelis‚
1755 3802 2105 3878 quodlibeta
2135 3805 2242 3860 etc.

218 3889 697 3950 promovendorum
730 3909 836 3966 pro
856 3909 1210 3967 quocunque
1242 3891 1441 3950 studio

221 3964 509 4036 Germaniae
538 3980 903 4038 constitutus
934 3980 1080 4038 fuit:
1127 3983 1259 4039 erat
1288 3981 1443 4038 enim
1593 3989 1733 4043 279.
1767 3981 1850 4038 Ex
1884 3981 2087 4039 eadem
2130 3981 2240 4039 hac
2272 3998 2436 4039 sacra
2467 3979 2689 4038 familia
2718 3980 2777 4037 11.

221 4056 340 4115 teste
390 4063 529 4128 Guil.
590 4068 940 4144 Eisengrein
1015 4070 1108 4128 vir
1181 4069 1443 4129 moribus
1496 4070 1933 4128 sententiarum
1949 4072 2381 4144 exposuerunt:
2417 4068 2777 4127 Gerardus

224 4149 270 4198 et
305 4146 542 4214 doctrina
588 4157 866 4234 insignis,
920 4160 1078 4217 omni
1126 4159 1444 4218 literatura
1496 4158 1764 4217 senensis
1796 4159 1902 4232 qui
1933 4159 2157 4234 pariter
2187 4151 2485 4217 Lutetiam
2520 4157 2778 4217 Parisio-

227 4246 337 4292 Snae
364 4245 556 4304 aetatis
570 4247 999 4314 nobilissimus,
1034 4248 1439 4324 philosophuS,
1495 4266 1630 4305 rum
1660 4247 1780 4305 fuit
1822 4248 2042 4307 missus
2085 4248 2424 4323 ibidemque
2470 4246 2777 4305 baccalau-

229 4326 384 4383 otator
411 4335 573 4406 atque
604 4339 780 4411 poeta
824 4336 1070 4406 celeber,
1108 4325 1267 4412 juris
1299 4355 1439 4395 con·
1495 4355 1634 4395 reus
1685 4336 1880 4395 factus
1928 4337 2301 4412 quaestiones
2347 4336 2780 4412 quodlibetales

234 4409 385 4472 sultus
412 4420 774 4493 clarissimus,
808 4425 1122 4502 theologus
1143 4445 1218 4484 ss.
1240 4427 1441 4503 legum
1496 4444 1789 4500 exponere
1827 4427 2032 4501 jussus
2079 4429 2188 4484 est.
2246 4425 2610 4501 Aegidianae
2643 4425 2778 4484 doc-

1496 4515 1692 4574 trinae
1754 4514 1873 4572 fuit
1933 4517 2188 4573 sectator
2250 4517 2429 4590 atque
2507 4513 2779 4573 defensor

296 4586 325 4648 ¹)
347 4583 498 4674 that
551 4592 769 4649 Denifle
802 4595 891 4677 ’in’
957 4595 1317 4678 chartulario
1369 4597 1438 4678 H:
1497 4606 1792 4675 strennue,
1855 4622 2082 4663 necnon
2153 4607 2213 4662 et
2253 4604 2410 4678 juris
2462 4604 2778 4677 utriusque

241 4651 385 4722 lpag,
405 4665 496 4718 036
531 4664 722 4734 plures
761 4666 1038 4737 distingui
1078 4667 1296 4730 debere,
1340 4685 1441 4736 qui

240 4717 321 4802 ³³⁰0·
329 4742 518 4788 nomine
531 4736 914 4807 designentur,
941 4740 1000 4792 et
1011 4738 1237 4808 aliquos
1252 4739 1441 4801 libros,

247 4803 321 4854 qm
338 4807 495 4860 nostro
519 4809 586 4862 ab
611 4807 881 4880 Ossinger
905 4811 1254 4876 tribuuntur,
1295 4811 1440 4865 forte
1573 4816 1608 4876 ι)
1637 4810 1719 4863 Of.
1772 4811 2071 4864 Lanterius
2121 4811 2160 4874 l,
2217 4814 2491 4869 115—192
2555 4808 2778 4861 Streber

248 4873 332 4918 esse
352 4869 570 4934 aliorum.
1495 4881 1606 4935 KL.
1636 4883 1701 4946 V,
1734 4886 1899 4943 1703;
1930 4881 2092 4936 Feret
2117 4882 2210 4946 ΙΙΙ,
2239 4886 2503 4936 511—15.
