<?xml version="1.0" encoding="UTF-8"?>
<!DOCTYPE html PUBLIC "-//W3C//DTD XHTML 1.0 Transitional//EN"
    "http://www.w3.org/TR/xhtml1/DTD/xhtml1-transitional.dtd">
<html xmlns="http://www.w3.org/1999/xhtml" xml:lang="en" lang="en">
 <head>
  <title>
</title>
<meta http-equiv="Content-Type" content="text/html;charset=utf-8" />
  <meta name='ocr-system' content='tesseract 3.04.00' />
  <meta name='ocr-capabilities' content='ocr_page ocr_carea ocr_par ocr_line ocrx_word'/>
</head>
<body>
  <div class='ocr_page' id='page_1' title='image "./nomenclatorlite10hurtgoog_0262.png"; bbox 0 0 3475 5364; ppageno 0'>
   <div class='ocr_carea' id='block_1_1' title="bbox 996 389 2868 461">
    <p class='ocr_par' dir='ltr' id='par_1_1' title="bbox 996 389 2868 461">
     <span class='ocr_line' id='line_1_1' title="bbox 996 389 2868 461; baseline -0.003 -13"><span class='ocrx_word' id='word_1_1' title='bbox 996 398 1367 450; x_wconf 76' lang='lat'><strong>1301—1325.</strong></span> <span class='ocrx_word' id='word_1_2' title='bbox 1396 391 1706 461; x_wconf 85' lang='lat' dir='ltr'><strong>Theologia</strong></span> <span class='ocrx_word' id='word_1_3' title='bbox 1733 391 1904 457; x_wconf 85' lang='lat' dir='ltr'><strong>schol,</strong></span> <span class='ocrx_word' id='word_1_4' title='bbox 1932 391 2151 455; x_wconf 84' lang='lat' dir='ltr'><strong>Lullus,</strong></span> <span class='ocrx_word' id='word_1_5' title='bbox 2179 389 2351 445; x_wconf 89' lang='lat' dir='ltr'><strong>Henr.</strong></span> <span class='ocrx_word' id='word_1_6' title='bbox 2377 391 2568 456; x_wconf 69' lang='lat' dir='ltr'><strong>Arim„</strong></span> <span class='ocrx_word' id='word_1_7' title='bbox 2597 389 2868 453; x_wconf 66' lang='lat' dir='ltr'><strong>Hermus,</strong></span> 
     </span>
    </p>
   </div>
   <div class='ocr_carea' id='block_1_2' title="bbox 624 406 3255 464">
    <p class='ocr_par' dir='ltr' id='par_1_2' title="bbox 624 406 3255 464">
     <span class='ocr_line' id='line_1_2' title="bbox 624 406 3255 464; baseline -0.002 -1"><span class='ocrx_word' id='word_1_8' title='bbox 624 411 747 464; x_wconf 82' lang='lat'><strong>475</strong></span> <span class='ocrx_word' id='word_1_9' title='bbox 3121 406 3255 459; x_wconf 71' lang='lat'><strong>476</strong></span> 
     </span>
    </p>
   </div>
   <div class='ocr_carea' id='block_1_3' title="bbox 620 576 3263 742">
    <p class='ocr_par' dir='ltr' id='par_1_3' title="bbox 620 576 3263 742">
     <span class='ocr_line' id='line_1_3' title="bbox 620 576 3258 656; baseline -0.001 -19"><span class='ocrx_word' id='word_1_10' title='bbox 620 578 851 656; x_wconf 81' lang='lat' dir='ltr'><strong>vilegiis</strong></span> <span class='ocrx_word' id='word_1_11' title='bbox 884 579 998 636; x_wconf 86' lang='lat' dir='ltr'><strong>fuit</strong></span> <span class='ocrx_word' id='word_1_12' title='bbox 1029 584 1204 637; x_wconf 80' lang='lat' dir='ltr'><strong>aucta</strong></span> <span class='ocrx_word' id='word_1_13' title='bbox 1234 582 1295 637; x_wconf 88' lang='lat' dir='ltr'><strong>et</strong></span> <span class='ocrx_word' id='word_1_14' title='bbox 1326 577 1752 653; x_wconf 79' lang='lat' dir='ltr'><strong>proventibus3</strong></span> <span class='ocrx_word' id='word_1_15' title='bbox 1785 578 1902 635; x_wconf 90' lang='lat' dir='ltr'><strong>imo</strong></span> <span class='ocrx_word' id='word_1_16' title='bbox 1959 576 2140 634; x_wconf 85' lang='lat' dir='ltr'><strong>editio</strong></span> <span class='ocrx_word' id='word_1_17' title='bbox 2190 579 2283 634; x_wconf 86' lang='lat' dir='ltr'><strong>est</strong></span> <span class='ocrx_word' id='word_1_18' title='bbox 2333 576 2477 634; x_wconf 88' lang='lat' dir='ltr'><strong>adeo</strong></span> <span class='ocrx_word' id='word_1_19' title='bbox 2526 595 2677 644; x_wconf 87' lang='lat' dir='ltr'><strong>rara,</strong></span> <span class='ocrx_word' id='word_1_20' title='bbox 2731 581 2802 634; x_wconf 91' lang='lat' dir='ltr'><strong>ut</strong></span> <span class='ocrx_word' id='word_1_21' title='bbox 2846 576 2942 633; x_wconf 80' lang='lat' dir='ltr'><strong>vix</strong></span> <span class='ocrx_word' id='word_1_22' title='bbox 2975 576 3258 652; x_wconf 78' lang='lat' dir='ltr'><strong>ejusdem</strong></span> 
     </span>
     <span class='ocr_line' id='line_1_4' title="bbox 622 665 3263 742; baseline -0.001 -17"><span class='ocrx_word' id='word_1_23' title='bbox 622 686 812 742; x_wconf 89' lang='lat' dir='ltr'><strong>usque</strong></span> <span class='ocrx_word' id='word_1_24' title='bbox 862 666 935 725; x_wconf 89' lang='lat' dir='ltr'><strong>ad</strong></span> <span class='ocrx_word' id='word_1_25' title='bbox 985 667 1245 726; x_wconf 90' lang='lat' dir='ltr'><strong>medium</strong></span> <span class='ocrx_word' id='word_1_26' title='bbox 1296 685 1405 725; x_wconf 90' lang='lat' dir='ltr'><strong>sec.</strong></span> <span class='ocrx_word' id='word_1_27' title='bbox 1451 667 1651 725; x_wconf 83' lang='lat' dir='ltr'><strong>xv111.</strong></span> <span class='ocrx_word' id='word_1_28' title='bbox 1703 667 1903 725; x_wconf 88' lang='lat' dir='ltr'><strong>cathe-</strong></span> <span class='ocrx_word' id='word_1_29' title='bbox 1959 665 2317 741; x_wconf 83' lang='lat' dir='ltr'><strong>exemplaria</strong></span> <span class='ocrx_word' id='word_1_30' title='bbox 2360 666 2749 741; x_wconf 80' lang='lat' dir='ltr'><strong>reperiantur,</strong></span> <span class='ocrx_word' id='word_1_31' title='bbox 2797 670 2839 723; x_wconf 88' lang='lat' dir='ltr'><strong>t.</strong></span> <span class='ocrx_word' id='word_1_32' title='bbox 2878 677 2930 729; x_wconf 80' lang='lat'><strong>7.</strong></span> <span class='ocrx_word' id='word_1_33' title='bbox 2976 672 3039 724; x_wconf 88' lang='lat' dir='ltr'><strong>et</strong></span> <span class='ocrx_word' id='word_1_34' title='bbox 3074 677 3137 728; x_wconf 85' lang='lat'><strong>8.</strong></span> <span class='ocrx_word' id='word_1_35' title='bbox 3175 667 3263 725; x_wconf 77' lang='lat' dir='ltr'><strong>ita</strong></span> 
     </span>
    </p>
   </div>
   <div class='ocr_carea' id='block_1_4' title="bbox 622 754 3264 831">
    <p class='ocr_par' dir='ltr' id='par_1_4' title="bbox 622 754 3264 831">
     <span class='ocr_line' id='line_1_5' title="bbox 622 754 3264 831; baseline -0 -16"><span class='ocrx_word' id='word_1_36' title='bbox 622 757 762 815; x_wconf 90' lang='lat' dir='ltr'><strong>drae</strong></span> <span class='ocrx_word' id='word_1_37' title='bbox 778 757 1086 815; x_wconf 84' lang='lat' dir='ltr'><strong>institutae</strong></span> <span class='ocrx_word' id='word_1_38' title='bbox 1106 760 1279 814; x_wconf 88' lang='lat' dir='ltr'><strong>erant</strong></span> <span class='ocrx_word' id='word_1_39' title='bbox 1297 755 1475 814; x_wconf 84' lang='lat' dir='ltr'><strong>variis</strong></span> <span class='ocrx_word' id='word_1_40' title='bbox 1504 757 1567 814; x_wconf 90' lang='lat' dir='ltr'><strong>in</strong></span> <span class='ocrx_word' id='word_1_41' title='bbox 1588 756 1903 814; x_wconf 81' lang='lat' dir='ltr'>academiis</span> <span class='ocrx_word' id='word_1_42' title='bbox 1959 755 2388 823; x_wconf 78' lang='lat' dir='ltr'><strong>desiderantur,</strong></span> <span class='ocrx_word' id='word_1_43' title='bbox 2442 755 2506 812; x_wconf 90' lang='lat' dir='ltr'><strong>ul</strong></span> <span class='ocrx_word' id='word_1_44' title='bbox 2570 754 2888 813; x_wconf 85' lang='lat' dir='ltr'><strong>videantur</strong></span> <span class='ocrx_word' id='word_1_45' title='bbox 2935 774 3264 831; x_wconf 62' lang='lat' dir='ltr'><strong>nunquam</strong></span> 
     </span>
    </p>
   </div>
   <div class='ocr_carea' id='block_1_5' title="bbox 621 845 1924 4485">
    <p class='ocr_par' dir='ltr' id='par_1_5' title="bbox 621 845 1924 4485">
     <span class='ocr_line' id='line_1_6' title="bbox 623 845 1901 922; baseline -0.003 -18"><span class='ocrx_word' id='word_1_46' title='bbox 623 850 693 904; x_wconf 89' lang='lat' dir='ltr'><strong>ut</strong></span> <span class='ocrx_word' id='word_1_47' title='bbox 707 846 1092 922; x_wconf 82' lang='lat' dir='ltr'><strong>maj0ricensi,</strong></span> <span class='ocrx_word' id='word_1_48' title='bbox 1110 845 1427 914; x_wconf 82' lang='lat' dir='ltr'><strong>valentina,</strong></span> <span class='ocrx_word' id='word_1_49' title='bbox 1447 845 1901 913; x_wconf 85' lang='lat' dir='ltr'><strong>salmanticensi,</strong></span> 
     </span>
     <span class='ocr_line' id='line_1_7' title="bbox 622 934 1904 1011; baseline -0.002 -18"><span class='ocrx_word' id='word_1_50' title='bbox 622 936 1012 1011; x_wconf 78' lang='lat' dir='ltr'>complutensi</span> <span class='ocrx_word' id='word_1_51' title='bbox 1040 935 1113 994; x_wconf 90' lang='lat' dir='ltr'><strong>ad</strong></span> <span class='ocrx_word' id='word_1_52' title='bbox 1138 934 1604 1009; x_wconf 87' lang='lat' dir='ltr'><strong>ejusdoctrinam</strong></span> <span class='ocrx_word' id='word_1_53' title='bbox 1620 934 1904 1009; x_wconf 84' lang='lat' dir='ltr'><strong>profiten-</strong></span> 
     </span>
     <span class='ocr_line' id='line_1_8' title="bbox 624 1023 1906 1098; baseline -0.002 -16"><span class='ocrx_word' id='word_1_54' title='bbox 624 1023 775 1082; x_wconf 92' lang='lat' dir='ltr'><strong>dam.</strong></span> <span class='ocrx_word' id='word_1_55' title='bbox 839 1024 1093 1081; x_wconf 87' lang='lat' dir='ltr'>Plurimi</span> <span class='ocrx_word' id='word_1_56' title='bbox 1123 1025 1252 1098; x_wconf 87' lang='lat' dir='ltr'><strong>ejus</strong></span> <span class='ocrx_word' id='word_1_57' title='bbox 1294 1027 1482 1082; x_wconf 88' lang='lat' dir='ltr'><strong>artem</strong></span> <span class='ocrx_word' id='word_1_58' title='bbox 1516 1023 1906 1082; x_wconf 79' lang='lat' dir='ltr'><strong>excoluerunt</strong></span> 
     </span>
     <span class='ocr_line' id='line_1_9' title="bbox 624 1112 1901 1179; baseline -0.002 -7"><span class='ocrx_word' id='word_1_59' title='bbox 624 1114 718 1172; x_wconf 85' lang='lat' dir='ltr'><strong>vel</strong></span> <span class='ocrx_word' id='word_1_60' title='bbox 750 1113 1025 1172; x_wconf 80' lang='lat' dir='ltr'><strong>encomiis</strong></span> <span class='ocrx_word' id='word_1_61' title='bbox 1057 1114 1418 1179; x_wconf 85' lang='lat' dir='ltr'><strong>extulerunt,</strong></span> <span class='ocrx_word' id='word_1_62' title='bbox 1453 1116 1523 1171; x_wconf 89' lang='lat' dir='ltr'><strong>ut</strong></span> <span class='ocrx_word' id='word_1_63' title='bbox 1554 1112 1591 1170; x_wconf 88' lang='lat' dir='ltr'><strong>J</strong></span> <span class='ocrx_word' id='word_1_64' title='bbox 1596 1112 1716 1171; x_wconf 87' lang='lat' dir='ltr'><strong>ord.</strong></span> <span class='ocrx_word' id='word_1_65' title='bbox 1750 1113 1901 1170; x_wconf 89' lang='lat' dir='ltr'><strong>Bru-</strong></span> 
     </span>
     <span class='ocr_line' id='line_1_10' title="bbox 624 1202 1905 1277; baseline -0.002 -17"><span class='ocrx_word' id='word_1_66' title='bbox 624 1220 756 1272; x_wconf 76' lang='lat' dir='ltr'><strong>nuS,</strong></span> <span class='ocrx_word' id='word_1_67' title='bbox 809 1205 875 1261; x_wconf 78' lang='lat' dir='ltr'><strong>A.</strong></span> <span class='ocrx_word' id='word_1_68' title='bbox 928 1202 1177 1260; x_wconf 85' lang='lat' dir='ltr'><strong>Kircher</strong></span> <span class='ocrx_word' id='word_1_69' title='bbox 1228 1203 1281 1259; x_wconf 90' lang='lat' dir='ltr'><strong>S.</strong></span> <span class='ocrx_word' id='word_1_70' title='bbox 1334 1202 1408 1270; x_wconf 86' lang='lat' dir='ltr'><strong>J.,</strong></span> <span class='ocrx_word' id='word_1_71' title='bbox 1472 1202 1574 1277; x_wconf 89' lang='lat' dir='ltr'><strong>qui</strong></span> <span class='ocrx_word' id='word_1_72' title='bbox 1637 1202 1905 1259; x_wconf 81' lang='lat' dir='ltr'><strong>examine</strong></span> 
     </span>
     <span class='ocr_line' id='line_1_11' title="bbox 625 1289 1903 1361; baseline -0.002 -12"><span class='ocrx_word' id='word_1_73' title='bbox 625 1292 775 1351; x_wconf 90' lang='lat' dir='ltr'><strong>serio</strong></span> <span class='ocrx_word' id='word_1_74' title='bbox 808 1292 1105 1361; x_wconf 84' lang='lat' dir='ltr'><strong>instituto,</strong></span> <span class='ocrx_word' id='word_1_75' title='bbox 1139 1294 1211 1349; x_wconf 87' lang='lat' dir='ltr'><strong>ut</strong></span> <span class='ocrx_word' id='word_1_76' title='bbox 1240 1290 1599 1349; x_wconf 84' lang='lat' dir='ltr'><strong>Perdinandi</strong></span> <span class='ocrx_word' id='word_1_77' title='bbox 1626 1289 1732 1347; x_wconf 83' lang='lat'><strong>111.</strong></span> <span class='ocrx_word' id='word_1_78' title='bbox 1769 1291 1903 1348; x_wconf 80' lang='lat' dir='ltr'><strong>Cae-</strong></span> 
     </span>
     <span class='ocr_line' id='line_1_12' title="bbox 626 1380 1906 1455; baseline -0.002 -16"><span class='ocrx_word' id='word_1_79' title='bbox 626 1381 769 1439; x_wconf 90' lang='lat' dir='ltr'><strong>saris</strong></span> <span class='ocrx_word' id='word_1_80' title='bbox 801 1380 1135 1455; x_wconf 87' lang='lat' dir='ltr'><strong>quaestioni</strong></span> <span class='ocrx_word' id='word_1_81' title='bbox 1169 1380 1550 1449; x_wconf 72' lang='lat' dir='ltr'><strong>satislaceret‚</strong></span> <span class='ocrx_word' id='word_1_82' title='bbox 1586 1399 1714 1437; x_wconf 90' lang='lat' dir='ltr'><strong>eam</strong></span> <span class='ocrx_word' id='word_1_83' title='bbox 1750 1398 1906 1437; x_wconf 86' lang='lat' dir='ltr'><strong>com-</strong></span> 
     </span>
     <span class='ocr_line' id='line_1_13' title="bbox 626 1466 1904 1543; baseline -0.002 -16"><span class='ocrx_word' id='word_1_84' title='bbox 626 1469 926 1528; x_wconf 78' lang='lat' dir='ltr'><strong>mendavit</strong></span> <span class='ocrx_word' id='word_1_85' title='bbox 956 1468 1236 1543; x_wconf 83' lang='lat' dir='ltr'><strong>adjuncta</strong></span> <span class='ocrx_word' id='word_1_86' title='bbox 1267 1468 1339 1527; x_wconf 90' lang='lat' dir='ltr'><strong>ad</strong></span> <span class='ocrx_word' id='word_1_87' title='bbox 1371 1468 1695 1527; x_wconf 81' lang='lat' dir='ltr'><strong>faciliorem</strong></span> <span class='ocrx_word' id='word_1_88' title='bbox 1727 1473 1791 1526; x_wconf 90' lang='lat' dir='ltr'><strong>et</strong></span> <span class='ocrx_word' id='word_1_89' title='bbox 1820 1466 1904 1525; x_wconf 93' lang='lat' dir='ltr'><strong>lo·</strong></span> 
     </span>
     <span class='ocr_line' id='line_1_14' title="bbox 626 1557 1909 1633; baseline -0.002 -17"><span class='ocrx_word' id='word_1_90' title='bbox 626 1559 1013 1633; x_wconf 86' lang='lat' dir='ltr'><strong>cupletiorem</strong></span> <span class='ocrx_word' id='word_1_91' title='bbox 1064 1559 1190 1633; x_wconf 86' lang='lat' dir='ltr'><strong>ejus</strong></span> <span class='ocrx_word' id='word_1_92' title='bbox 1253 1577 1432 1616; x_wconf 85' lang='lat' dir='ltr'><strong>usum</strong></span> <span class='ocrx_word' id='word_1_93' title='bbox 1482 1557 1909 1616; x_wconf 86' lang='lat' dir='ltr'><strong>combinatoria</strong></span> 
     </span>
     <span class='ocr_line' id='line_1_15' title="bbox 626 1645 1908 1723; baseline -0.001 -18"><span class='ocrx_word' id='word_1_94' title='bbox 626 1651 752 1705; x_wconf 86' lang='lat' dir='ltr'><strong>arte</strong></span> <span class='ocrx_word' id='word_1_95' title='bbox 785 1649 908 1705; x_wconf 86' lang='lat' dir='ltr'><strong>sive</strong></span> <span class='ocrx_word' id='word_1_96' title='bbox 942 1650 1069 1705; x_wconf 85' lang='lat' dir='ltr'><strong>arte</strong></span> <span class='ocrx_word' id='word_1_97' title='bbox 1104 1666 1318 1723; x_wconf 86' lang='lat' dir='ltr'><strong>magna</strong></span> <span class='ocrx_word' id='word_1_98' title='bbox 1350 1647 1592 1713; x_wconf 82' lang='lat' dir='ltr'><strong>sciendi,</strong></span> <span class='ocrx_word' id='word_1_99' title='bbox 1616 1645 1908 1704; x_wconf 88' lang='lat' dir='ltr'><strong>Amstelo-</strong></span> 
     </span>
     <span class='ocr_line' id='line_1_16' title="bbox 627 1735 1908 1812; baseline -0.002 -19"><span class='ocrx_word' id='word_1_100' title='bbox 627 1736 784 1794; x_wconf 82' lang='lat' dir='ltr'><strong>darni</strong></span> <span class='ocrx_word' id='word_1_101' title='bbox 828 1746 1023 1804; x_wconf 70' lang='lat'>16693</span> <span class='ocrx_word' id='word_1_102' title='bbox 1071 1736 1350 1812; x_wconf 80' lang='lat' dir='ltr'><strong>Agrippa,</strong></span> <span class='ocrx_word' id='word_1_103' title='bbox 1385 1735 1657 1794; x_wconf 89' lang='lat' dir='ltr'><strong>Valerius</strong></span> <span class='ocrx_word' id='word_1_104' title='bbox 1690 1735 1763 1793; x_wconf 93' lang='lat' dir='ltr'><strong>de</strong></span> <span class='ocrx_word' id='word_1_105' title='bbox 1801 1735 1908 1791; x_wconf 85' lang='lat' dir='ltr'><strong>Va-</strong></span> 
     </span>
     <span class='ocr_line' id='line_1_17' title="bbox 627 1823 1911 1899; baseline 0 -17"><span class='ocrx_word' id='word_1_106' title='bbox 627 1825 802 1894; x_wconf 91' lang='lat' dir='ltr'><strong>leriis,</strong></span> <span class='ocrx_word' id='word_1_107' title='bbox 838 1825 1163 1884; x_wconf 83' lang='lat' dir='ltr'><strong>Lavinetha</strong></span> <span class='ocrx_word' id='word_1_108' title='bbox 1208 1823 1270 1883; x_wconf 90' lang='lat'><strong>0.</strong></span> <span class='ocrx_word' id='word_1_109' title='bbox 1308 1824 1461 1892; x_wconf 69' lang='lat' dir='ltr'><strong>Min„</strong></span> <span class='ocrx_word' id='word_1_110' title='bbox 1510 1827 1682 1899; x_wconf 86' lang='lat' dir='ltr'><strong>cujus</strong></span> <span class='ocrx_word' id='word_1_111' title='bbox 1731 1843 1911 1899; x_wconf 89' lang='lat' dir='ltr'><strong>opera</strong></span> 
     </span>
     <span class='ocr_line' id='line_1_18' title="bbox 628 1910 1910 1989; baseline -0.002 -17"><span class='ocrx_word' id='word_1_112' title='bbox 628 1914 842 1980; x_wconf 89' lang='lat' dir='ltr'><strong>omnia,</strong></span> <span class='ocrx_word' id='word_1_113' title='bbox 891 1914 1109 1989; x_wconf 89' lang='lat' dir='ltr'><strong>quibus</strong></span> <span class='ocrx_word' id='word_1_114' title='bbox 1152 1910 1401 1971; x_wconf 87' lang='lat' dir='ltr'><strong>tradidit</strong></span> <span class='ocrx_word' id='word_1_115' title='bbox 1441 1913 1910 1989; x_wconf 77' lang='lat' dir='ltr'><strong>compendiosam</strong></span> 
     </span>
     <span class='ocr_line' id='line_1_19' title="bbox 627 2002 1908 2078; baseline -0.002 -17"><span class='ocrx_word' id='word_1_116' title='bbox 627 2004 773 2061; x_wconf 87' lang='lat' dir='ltr'><strong>artis</strong></span> <span class='ocrx_word' id='word_1_117' title='bbox 824 2003 1101 2061; x_wconf 80' lang='lat' dir='ltr'><strong>R.1.u11ii</strong></span> <span class='ocrx_word' id='word_1_118' title='bbox 1153 2002 1595 2078; x_wconf 76' lang='lat' dir='ltr'><strong>explicationem</strong></span> <span class='ocrx_word' id='word_1_119' title='bbox 1647 2008 1709 2060; x_wconf 90' lang='lat' dir='ltr'><strong>et</strong></span> <span class='ocrx_word' id='word_1_120' title='bbox 1753 2004 1908 2077; x_wconf 90' lang='lat' dir='ltr'><strong>ejus-</strong></span> 
     </span>
     <span class='ocr_line' id='line_1_20' title="bbox 627 2091 1908 2167; baseline 0.002 -18"><span class='ocrx_word' id='word_1_121' title='bbox 627 2092 759 2151; x_wconf 88' lang='lat' dir='ltr'><strong>dem</strong></span> <span class='ocrx_word' id='word_1_122' title='bbox 791 2092 1243 2167; x_wconf 77' lang='lat' dir='ltr'><strong>applicationem</strong></span> <span class='ocrx_word' id='word_1_123' title='bbox 1277 2091 1348 2148; x_wconf 82' lang='lat' dir='ltr'><strong>ad</strong></span> <span class='ocrx_word' id='word_1_124' title='bbox 1368 2092 1574 2167; x_wconf 85' lang='lat' dir='ltr'><strong>logica,</strong></span> <span class='ocrx_word' id='word_1_125' title='bbox 1601 2091 1908 2151; x_wconf 83' lang='lat' dir='ltr'><strong>rhetorica.</strong></span> 
     </span>
     <span class='ocr_line' id='line_1_21' title="bbox 628 2181 1910 2258; baseline -0.002 -18"><span class='ocrx_word' id='word_1_126' title='bbox 628 2182 889 2258; x_wconf 80' lang='lat' dir='ltr'><strong>physica,</strong></span> <span class='ocrx_word' id='word_1_127' title='bbox 924 2181 1355 2249; x_wconf 84' lang='lat' dir='ltr'><strong>mathematica,</strong></span> <span class='ocrx_word' id='word_1_128' title='bbox 1396 2181 1755 2249; x_wconf 80' lang='lat' dir='ltr'><strong>mechanica,</strong></span> <span class='ocrx_word' id='word_1_129' title='bbox 1789 2200 1910 2237; x_wconf 93' lang='lat' dir='ltr'><strong>me—</strong></span> 
     </span>
     <span class='ocr_line' id='line_1_22' title="bbox 629 2269 1909 2346; baseline -0.002 -18"><span class='ocrx_word' id='word_1_130' title='bbox 629 2272 779 2339; x_wconf 82' lang='lat' dir='ltr'><strong>dica,</strong></span> <span class='ocrx_word' id='word_1_131' title='bbox 834 2271 1251 2346; x_wconf 72' lang='lat' dir='ltr'><strong>metaphysica,</strong></span> <span class='ocrx_word' id='word_1_132' title='bbox 1302 2270 1650 2345; x_wconf 83' lang='lat' dir='ltr'><strong>theologica,</strong></span> <span class='ocrx_word' id='word_1_133' title='bbox 1702 2269 1909 2337; x_wconf 87' lang='lat' dir='ltr'><strong>ethica,</strong></span> 
     </span>
     <span class='ocr_line' id='line_1_23' title="bbox 621 2357 1911 2435; baseline -0.002 -18"><span class='ocrx_word' id='word_1_134' title='bbox 621 2360 893 2435; x_wconf 85' lang='lat' dir='ltr'><strong>juridica,</strong></span> <span class='ocrx_word' id='word_1_135' title='bbox 930 2360 1366 2434; x_wconf 82' lang='lat' dir='ltr'><strong>problematica,</strong></span> <span class='ocrx_word' id='word_1_136' title='bbox 1400 2358 1583 2417; x_wconf 80' lang='lat' dir='ltr'><strong>edidit</strong></span> <span class='ocrx_word' id='word_1_137' title='bbox 1615 2357 1669 2415; x_wconf 87' lang='lat' dir='ltr'><strong>J.</strong></span> <span class='ocrx_word' id='word_1_138' title='bbox 1706 2359 1776 2416; x_wconf 90' lang='lat' dir='ltr'><strong>H.</strong></span> <span class='ocrx_word' id='word_1_139' title='bbox 1813 2359 1911 2415; x_wconf 83' lang='lat' dir='ltr'><strong>Al-</strong></span> 
     </span>
     <span class='ocr_line' id='line_1_24' title="bbox 628 2448 1913 2522; baseline -0.002 -15"><span class='ocrx_word' id='word_1_140' title='bbox 628 2449 872 2518; x_wconf 75' lang='lat' dir='ltr'><strong>siedius,</strong></span> <span class='ocrx_word' id='word_1_141' title='bbox 939 2448 1211 2507; x_wconf 87' lang='lat' dir='ltr'><strong>Coloniae</strong></span> <span class='ocrx_word' id='word_1_142' title='bbox 1283 2458 1466 2517; x_wconf 80' lang='lat'><strong>1611,</strong></span> <span class='ocrx_word' id='word_1_143' title='bbox 1520 2448 1624 2522; x_wconf 87' lang='lat' dir='ltr'><strong>qui</strong></span> <span class='ocrx_word' id='word_1_144' title='bbox 1677 2454 1739 2505; x_wconf 91' lang='lat' dir='ltr'><strong>et</strong></span> <span class='ocrx_word' id='word_1_145' title='bbox 1785 2448 1913 2522; x_wconf 73' lang='lat' dir='ltr'><strong>ipse</strong></span> 
     </span>
     <span class='ocr_line' id='line_1_25' title="bbox 632 2537 1913 2614; baseline -0.002 -19"><span class='ocrx_word' id='word_1_146' title='bbox 632 2543 838 2597; x_wconf 79' lang='lat' dir='ltr'><strong>auctor</strong></span> <span class='ocrx_word' id='word_1_147' title='bbox 871 2546 961 2595; x_wconf 89' lang='lat' dir='ltr'><strong>est</strong></span> <span class='ocrx_word' id='word_1_148' title='bbox 987 2540 1164 2596; x_wconf 78' lang='lat' dir='ltr'><strong>clavis</strong></span> <span class='ocrx_word' id='word_1_149' title='bbox 1184 2538 1509 2605; x_wconf 80' lang='lat' dir='ltr'><strong>Lullianae,</strong></span> <span class='ocrx_word' id='word_1_150' title='bbox 1533 2537 1913 2614; x_wconf 84' lang='lat' dir='ltr'><strong>Argentorati</strong></span> 
     </span>
     <span class='ocr_line' id='line_1_26' title="bbox 641 2626 1914 2702; baseline -0.004 -13"><span class='ocrx_word' id='word_1_151' title='bbox 641 2637 825 2690; x_wconf 86' lang='grc'><strong>1633.</strong></span> <span class='ocrx_word' id='word_1_152' title='bbox 891 2627 971 2685; x_wconf 88' lang='lat' dir='ltr'><strong>De</strong></span> <span class='ocrx_word' id='word_1_153' title='bbox 1018 2626 1186 2685; x_wconf 86' lang='lat' dir='ltr'><strong>libris</strong></span> <span class='ocrx_word' id='word_1_154' title='bbox 1231 2631 1429 2684; x_wconf 86' lang='lat' dir='ltr'><strong>tamen</strong></span> <span class='ocrx_word' id='word_1_155' title='bbox 1474 2626 1546 2684; x_wconf 88' lang='lat' dir='ltr'><strong>ad</strong></span> <span class='ocrx_word' id='word_1_156' title='bbox 1591 2644 1717 2684; x_wconf 85' lang='lat' dir='ltr'><strong>eam</strong></span> <span class='ocrx_word' id='word_1_157' title='bbox 1753 2644 1914 2702; x_wconf 85' lang='lat' dir='ltr'><strong>spec-</strong></span> 
     </span>
     <span class='ocr_line' id='line_1_27' title="bbox 632 2715 1911 2790; baseline -0.001 -16"><span class='ocrx_word' id='word_1_158' title='bbox 632 2717 902 2775; x_wconf 84' lang='lat' dir='ltr'><strong>tantibus</strong></span> <span class='ocrx_word' id='word_1_159' title='bbox 963 2717 1050 2774; x_wconf 79' lang='lat' dir='ltr'><strong>ita</strong></span> <span class='ocrx_word' id='word_1_160' title='bbox 1111 2716 1469 2790; x_wconf 79' lang='lat' dir='ltr'><strong>pronunciat</strong></span> <span class='ocrx_word' id='word_1_161' title='bbox 1517 2715 1911 2787; x_wconf 75' lang='lat' dir='ltr'><strong>Waddingus:</strong></span> 
     </span>
     <span class='ocr_line' id='line_1_28' title="bbox 638 2805 1916 2882; baseline 0 -19"><span class='ocrx_word' id='word_1_162' title='bbox 638 2808 855 2874; x_wconf 81' lang='lat' dir='ltr'><strong>,Artes</strong></span> <span class='ocrx_word' id='word_1_163' title='bbox 902 2825 1120 2882; x_wconf 83' lang='lat' dir='ltr'><strong>magna</strong></span> <span class='ocrx_word' id='word_1_164' title='bbox 1165 2810 1225 2863; x_wconf 87' lang='lat' dir='ltr'><strong>et</strong></span> <span class='ocrx_word' id='word_1_165' title='bbox 1270 2824 1448 2879; x_wconf 85' lang='lat' dir='ltr'><strong>parva</strong></span> <span class='ocrx_word' id='word_1_166' title='bbox 1499 2809 1560 2862; x_wconf 90' lang='lat' dir='ltr'><strong>et</strong></span> <span class='ocrx_word' id='word_1_167' title='bbox 1608 2805 1916 2863; x_wconf 86' lang='lat' dir='ltr'><strong>inventiva</strong></span> 
     </span>
     <span class='ocr_line' id='line_1_29' title="bbox 634 2894 1916 2970; baseline -0.003 -18"><span class='ocrx_word' id='word_1_168' title='bbox 634 2895 901 2953; x_wconf 83' lang='lat' dir='ltr'><strong>veritatis</strong></span> <span class='ocrx_word' id='word_1_169' title='bbox 916 2894 1290 2952; x_wconf 80' lang='lat' dir='ltr'><strong>admirabiles</strong></span> <span class='ocrx_word' id='word_1_170' title='bbox 1308 2894 1529 2952; x_wconf 72' lang='lat' dir='ltr'><strong>habent</strong></span> <span class='ocrx_word' id='word_1_171' title='bbox 1560 2894 1837 2970; x_wconf 84' lang='lat' dir='ltr'><strong>ambages</strong></span> <span class='ocrx_word' id='word_1_172' title='bbox 1857 2901 1916 2950; x_wconf 81' lang='lat' dir='ltr'><strong>et.</strong></span> 
     </span>
     <span class='ocr_line' id='line_1_30' title="bbox 636 2985 1916 3058; baseline -0.002 -17"><span class='ocrx_word' id='word_1_173' title='bbox 636 2985 903 3042; x_wconf 86' lang='lat' dir='ltr'><strong>sinuosos</strong></span> <span class='ocrx_word' id='word_1_174' title='bbox 936 2985 1255 3042; x_wconf 78' lang='lat' dir='ltr'><strong>anfractus,</strong></span> <span class='ocrx_word' id='word_1_175' title='bbox 1309 3002 1414 3058; x_wconf 88' lang='lat' dir='ltr'><strong>per</strong></span> <span class='ocrx_word' id='word_1_176' title='bbox 1445 3001 1595 3058; x_wconf 88' lang='lat' dir='ltr'><strong>quos</strong></span> <span class='ocrx_word' id='word_1_177' title='bbox 1628 3002 1735 3041; x_wconf 82' lang='lat' dir='ltr'><strong>nec</strong></span> <span class='ocrx_word' id='word_1_178' title='bbox 1773 2985 1916 3040; x_wconf 88' lang='lat' dir='ltr'><strong>Dae-</strong></span> 
     </span>
     <span class='ocr_line' id='line_1_31' title="bbox 635 3072 1912 3147; baseline -0.001 -17"><span class='ocrx_word' id='word_1_179' title='bbox 635 3072 772 3132; x_wconf 86' lang='lat' dir='ltr'><strong>dalo</strong></span> <span class='ocrx_word' id='word_1_180' title='bbox 803 3073 979 3131; x_wconf 75' lang='lat' dir='ltr'><strong>liceat</strong></span> <span class='ocrx_word' id='word_1_181' title='bbox 1025 3073 1308 3140; x_wconf 81' lang='lat' dir='ltr'><strong>incedere,</strong></span> <span class='ocrx_word' id='word_1_182' title='bbox 1361 3091 1466 3130; x_wconf 92' lang='lat' dir='ltr'><strong>nec</strong></span> <span class='ocrx_word' id='word_1_183' title='bbox 1512 3072 1912 3147; x_wconf 80' lang='lat' dir='ltr'><strong>ingeniosissi-</strong></span> 
     </span>
     <span class='ocr_line' id='line_1_32' title="bbox 636 3162 1914 3236; baseline -0.002 -18"><span class='ocrx_word' id='word_1_184' title='bbox 636 3164 751 3219; x_wconf 89' lang='lat' dir='ltr'><strong>mis</strong></span> <span class='ocrx_word' id='word_1_185' title='bbox 785 3162 1103 3236; x_wconf 80' lang='lat' dir='ltr'><strong>aliquando</strong></span> <span class='ocrx_word' id='word_1_186' title='bbox 1155 3162 1297 3218; x_wconf 84' lang='lat' dir='ltr'><strong>viris</strong></span> <span class='ocrx_word' id='word_1_187' title='bbox 1347 3162 1523 3219; x_wconf 87' lang='lat' dir='ltr'><strong>etiam</strong></span> <span class='ocrx_word' id='word_1_188' title='bbox 1576 3162 1740 3218; x_wconf 89' lang='lat' dir='ltr'><strong>filum</strong></span> <span class='ocrx_word' id='word_1_189' title='bbox 1794 3166 1914 3219; x_wconf 69' lang='lat' dir='ltr'><strong>suf·</strong></span> 
     </span>
     <span class='ocr_line' id='line_1_33' title="bbox 636 3250 1918 3325; baseline 0.001 -18"><span class='ocrx_word' id='word_1_190' title='bbox 636 3250 797 3309; x_wconf 85' lang='lat' dir='ltr'><strong>ficiat</strong></span> <span class='ocrx_word' id='word_1_191' title='bbox 827 3250 1103 3321; x_wconf 89' lang='lat' dir='ltr'><strong>Ariadne,</strong></span> <span class='ocrx_word' id='word_1_192' title='bbox 1151 3252 1298 3325; x_wconf 87' lang='lat' dir='ltr'><strong>quin</strong></span> <span class='ocrx_word' id='word_1_193' title='bbox 1340 3251 1402 3308; x_wconf 90' lang='lat' dir='ltr'><strong>in</strong></span> <span class='ocrx_word' id='word_1_194' title='bbox 1454 3251 1667 3309; x_wconf 87' lang='lat' dir='ltr'><strong>itinere</strong></span> <span class='ocrx_word' id='word_1_195' title='bbox 1700 3250 1795 3308; x_wconf 83' lang='lat' dir='ltr'><strong>vel</strong></span> <span class='ocrx_word' id='word_1_196' title='bbox 1818 3251 1918 3325; x_wconf 89' lang='lat' dir='ltr'><strong>ju·</strong></span> 
     </span>
     <span class='ocr_line' id='line_1_34' title="bbox 637 3339 1918 3416; baseline 0.001 -20"><span class='ocrx_word' id='word_1_197' title='bbox 637 3339 787 3398; x_wconf 84' lang='lat' dir='ltr'><strong>dicio</strong></span> <span class='ocrx_word' id='word_1_198' title='bbox 819 3359 992 3416; x_wconf 86' lang='lat' dir='ltr'><strong>saepe</strong></span> <span class='ocrx_word' id='word_1_199' title='bbox 1025 3340 1314 3399; x_wconf 85' lang='lat' dir='ltr'><strong>deficiant.</strong></span> <span class='ocrx_word' id='word_1_200' title='bbox 1349 3340 1573 3398; x_wconf 88' lang='lat' dir='ltr'><strong>Paucos</strong></span> <span class='ocrx_word' id='word_1_201' title='bbox 1604 3341 1697 3398; x_wconf 86' lang='lat' dir='ltr'><strong>vel</strong></span> <span class='ocrx_word' id='word_1_202' title='bbox 1717 3341 1918 3398; x_wconf 86' lang='lat' dir='ltr'><strong>nullos</strong></span> 
     </span>
     <span class='ocr_line' id='line_1_35' title="bbox 637 3428 1917 3503; baseline -0.001 -16"><span class='ocrx_word' id='word_1_203' title='bbox 637 3429 919 3499; x_wconf 84' lang='lat' dir='ltr'><strong>invenies,</strong></span> <span class='ocrx_word' id='word_1_204' title='bbox 973 3430 1075 3503; x_wconf 89' lang='lat' dir='ltr'><strong>qui</strong></span> <span class='ocrx_word' id='word_1_205' title='bbox 1126 3430 1273 3486; x_wconf 88' lang='lat' dir='ltr'><strong>hanc</strong></span> <span class='ocrx_word' id='word_1_206' title='bbox 1322 3437 1508 3486; x_wconf 80' lang='lat' dir='ltr'><strong>artem</strong></span> <span class='ocrx_word' id='word_1_207' title='bbox 1557 3428 1650 3485; x_wconf 83' lang='lat' dir='ltr'><strong>vel</strong></span> <span class='ocrx_word' id='word_1_208' title='bbox 1700 3429 1917 3486; x_wconf 87' lang='lat' dir='ltr'><strong>artium</strong></span> 
     </span>
     <span class='ocr_line' id='line_1_36' title="bbox 638 3518 1919 3593; baseline 0 -17"><span class='ocrx_word' id='word_1_209' title='bbox 638 3519 901 3576; x_wconf 88' lang='lat' dir='ltr'><strong>omnium</strong></span> <span class='ocrx_word' id='word_1_210' title='bbox 932 3518 1388 3577; x_wconf 87' lang='lat' dir='ltr'><strong>secretissimum</strong></span> <span class='ocrx_word' id='word_1_211' title='bbox 1416 3521 1479 3575; x_wconf 89' lang='lat' dir='ltr'><strong>et</strong></span> <span class='ocrx_word' id='word_1_212' title='bbox 1501 3518 1919 3593; x_wconf 71' lang='lat' dir='ltr'><strong>inysteriosum</strong></span> 
     </span>
     <span class='ocr_line' id='line_1_37' title="bbox 638 3607 1922 3684; baseline -0.001 -18"><span class='ocrx_word' id='word_1_213' title='bbox 638 3608 795 3682; x_wconf 90' lang='lat' dir='ltr'><strong>quod</strong></span> <span class='ocrx_word' id='word_1_214' title='bbox 831 3609 1083 3684; x_wconf 84' lang='lat' dir='ltr'><strong>fingunt,</strong></span> <span class='ocrx_word' id='word_1_215' title='bbox 1133 3607 1531 3674; x_wconf 87' lang='lat' dir='ltr'><strong>seminarium,</strong></span> <span class='ocrx_word' id='word_1_216' title='bbox 1578 3608 1673 3664; x_wconf 81' lang='lat' dir='ltr'><strong>vel</strong></span> <span class='ocrx_word' id='word_1_217' title='bbox 1721 3611 1791 3665; x_wconf 88' lang='lat' dir='ltr'><strong>ut</strong></span> <span class='ocrx_word' id='word_1_218' title='bbox 1822 3608 1922 3665; x_wconf 90' lang='lat' dir='ltr'><strong>alii</strong></span> 
     </span>
     <span class='ocr_line' id='line_1_38' title="bbox 640 3697 1922 3771; baseline -0.001 -16"><span class='ocrx_word' id='word_1_219' title='bbox 640 3707 865 3766; x_wconf 87' lang='lat' dir='ltr'><strong>vocant,</strong></span> <span class='ocrx_word' id='word_1_220' title='bbox 914 3697 1258 3765; x_wconf 87' lang='lat' dir='ltr'><strong>ludibrium,</strong></span> <span class='ocrx_word' id='word_1_221' title='bbox 1305 3699 1561 3771; x_wconf 68' lang='lat' dir='ltr'><strong>perfecte</strong></span> <span class='ocrx_word' id='word_1_222' title='bbox 1606 3714 1922 3770; x_wconf 86' lang='lat' dir='ltr'><strong>assequan-</strong></span> 
     </span>
     <span class='ocr_line' id='line_1_39' title="bbox 639 3785 1924 3859; baseline 0 -16"><span class='ocrx_word' id='word_1_223' title='bbox 639 3792 755 3843; x_wconf 79' lang='lat' dir='ltr'><strong>tur.</strong></span> <span class='ocrx_word' id='word_1_224' title='bbox 803 3786 969 3854; x_wconf 74' lang='lat' dir='ltr'><strong>Quod</strong></span> <span class='ocrx_word' id='word_1_225' title='bbox 1004 3787 1051 3843; x_wconf 91' lang='lat' dir='ltr'><strong>si</strong></span> <span class='ocrx_word' id='word_1_226' title='bbox 1083 3789 1217 3859; x_wconf 87' lang='lat' dir='ltr'><strong>post</strong></span> <span class='ocrx_word' id='word_1_227' title='bbox 1249 3786 1568 3843; x_wconf 88' lang='lat' dir='ltr'><strong>immensos</strong></span> <span class='ocrx_word' id='word_1_228' title='bbox 1601 3785 1831 3843; x_wconf 86' lang='lat' dir='ltr'><strong>labores</strong></span> <span class='ocrx_word' id='word_1_229' title='bbox 1864 3792 1924 3843; x_wconf 90' lang='lat' dir='ltr'><strong>et</strong></span> 
     </span>
     <span class='ocr_line' id='line_1_40' title="bbox 640 3873 1921 3952; baseline 0.001 -21"><span class='ocrx_word' id='word_1_230' title='bbox 640 3874 872 3952; x_wconf 79' lang='lat' dir='ltr'><strong>fatigati</strong></span> <span class='ocrx_word' id='word_1_231' title='bbox 924 3875 1145 3934; x_wconf 87' lang='lat' dir='ltr'><strong>cerebri</strong></span> <span class='ocrx_word' id='word_1_232' title='bbox 1195 3874 1450 3950; x_wconf 50' lang='lat' dir='ltr'><strong>vigilia&amp;</strong></span> <span class='ocrx_word' id='word_1_233' title='bbox 1513 3873 1723 3931; x_wconf 85' lang='lat' dir='ltr'><strong>vellem</strong></span> <span class='ocrx_word' id='word_1_234' title='bbox 1774 3893 1921 3932; x_wconf 73' lang='lat' dir='ltr'><strong>scire</strong></span> 
     </span>
     <span class='ocr_line' id='line_1_41' title="bbox 641 3963 1924 4038; baseline 0.001 -17"><span class='ocrx_word' id='word_1_235' title='bbox 641 3984 788 4038; x_wconf 84' lang='lat' dir='ltr'><strong>quos</strong></span> <span class='ocrx_word' id='word_1_236' title='bbox 821 3965 978 4023; x_wconf 78' lang='lat' dir='ltr'><strong>tant-i</strong></span> <span class='ocrx_word' id='word_1_237' title='bbox 1010 3964 1230 4022; x_wconf 75' lang='lat' dir='ltr'><strong>laboris</strong></span> <span class='ocrx_word' id='word_1_238' title='bbox 1278 3965 1563 4021; x_wconf 86' lang='lat' dir='ltr'><strong>hauriunt</strong></span> <span class='ocrx_word' id='word_1_239' title='bbox 1611 3965 1702 4020; x_wconf 81' lang='lat' dir='ltr'><strong>vel</strong></span> <span class='ocrx_word' id='word_1_240' title='bbox 1735 3963 1924 4022; x_wconf 81' lang='lat' dir='ltr'><strong>edunt</strong></span> 
     </span>
     <span class='ocr_line' id='line_1_42' title="bbox 642 4052 1921 4128; baseline -0.001 -18"><span class='ocrx_word' id='word_1_241' title='bbox 642 4053 893 4116; x_wconf 86' lang='lat' dir='ltr'><strong>fructus,</strong></span> <span class='ocrx_word' id='word_1_242' title='bbox 918 4060 1010 4110; x_wconf 86' lang='lat' dir='ltr'><strong>vel</strong></span> <span class='ocrx_word' id='word_1_243' title='bbox 1035 4072 1213 4125; x_wconf 87' lang='lat' dir='ltr'><strong>quam</strong></span> <span class='ocrx_word' id='word_1_244' title='bbox 1236 4052 1588 4128; x_wconf 81' lang='lat' dir='ltr'><strong>singularem</strong></span> <span class='ocrx_word' id='word_1_245' title='bbox 1608 4072 1746 4126; x_wconf 89' lang='lat' dir='ltr'><strong>prae</strong></span> <span class='ocrx_word' id='word_1_246' title='bbox 1765 4071 1921 4111; x_wconf 79' lang='lat' dir='ltr'><strong>com-</strong></span> 
     </span>
     <span class='ocr_line' id='line_1_43' title="bbox 642 4141 1917 4217; baseline 0 -18"><span class='ocrx_word' id='word_1_247' title='bbox 642 4142 807 4199; x_wconf 89' lang='lat' dir='ltr'><strong>muni</strong></span> <span class='ocrx_word' id='word_1_248' title='bbox 841 4143 1144 4199; x_wconf 90' lang='lat' dir='ltr'><strong>hominum</strong></span> <span class='ocrx_word' id='word_1_249' title='bbox 1178 4146 1334 4200; x_wconf 84' lang='lat' dir='ltr'><strong>sorte</strong></span> <span class='ocrx_word' id='word_1_250' title='bbox 1372 4144 1477 4199; x_wconf 88' lang='lat' dir='ltr'><strong>aut</strong></span> <span class='ocrx_word' id='word_1_251' title='bbox 1510 4141 1654 4199; x_wconf 79' lang='lat' dir='ltr'><strong>trita</strong></span> <span class='ocrx_word' id='word_1_252' title='bbox 1672 4161 1917 4217; x_wconf 81' lang='lat' dir='ltr'><strong>gymna-</strong></span> 
     </span>
     <span class='ocr_line' id='line_1_44' title="bbox 643 4230 1920 4301; baseline 0 -13"><span class='ocrx_word' id='word_1_253' title='bbox 643 4233 867 4289; x_wconf 85' lang='lat' dir='ltr'><strong>siorum</strong></span> <span class='ocrx_word' id='word_1_254' title='bbox 900 4231 1168 4288; x_wconf 85' lang='lat' dir='ltr'><strong>doctrina</strong></span> <span class='ocrx_word' id='word_1_255' title='bbox 1199 4231 1443 4289; x_wconf 82' lang='lat' dir='ltr'><strong>imbutis</strong></span> <span class='ocrx_word' id='word_1_256' title='bbox 1466 4231 1607 4288; x_wconf 84' lang='lat' dir='ltr'><strong>viris</strong></span> <span class='ocrx_word' id='word_1_257' title='bbox 1637 4230 1920 4301; x_wconf 82' lang='lat' dir='ltr'><strong>doctrina,</strong></span> 
     </span>
     <span class='ocr_line' id='line_1_45' title="bbox 644 4320 1921 4395; baseline 0.001 -18"><span class='ocrx_word' id='word_1_258' title='bbox 644 4321 980 4395; x_wconf 82' lang='lat' dir='ltr'><strong>praeferant</strong></span> <span class='ocrx_word' id='word_1_259' title='bbox 1001 4320 1424 4389; x_wconf 82' lang='lat' dir='ltr'><strong>excellentiam,</strong></span> <span class='ocrx_word' id='word_1_260' title='bbox 1452 4320 1600 4377; x_wconf 89' lang='lat' dir='ltr'><strong>nihil</strong></span> <span class='ocrx_word' id='word_1_261' title='bbox 1630 4322 1859 4395; x_wconf 88' lang='lat' dir='ltr'><strong>reperio</strong></span> <span class='ocrx_word' id='word_1_262' title='bbox 1877 4330 1921 4378; x_wconf 79' lang='lat'><strong>‘.</strong></span> 
     </span>
     <span class='ocr_line' id='line_1_46' title="bbox 644 4407 1922 4485; baseline 0.001 -19"><span class='ocrx_word' id='word_1_263' title='bbox 644 4410 875 4467; x_wconf 83' lang='lat' dir='ltr'><strong>Nititur</strong></span> <span class='ocrx_word' id='word_1_264' title='bbox 887 4410 1190 4467; x_wconf 87' lang='lat' dir='ltr'><strong>eliminare</strong></span> <span class='ocrx_word' id='word_1_265' title='bbox 1203 4407 1629 4485; x_wconf 83' lang='lat' dir='ltr'><strong>philosophiam</strong></span> <span class='ocrx_word' id='word_1_266' title='bbox 1647 4411 1922 4468; x_wconf 85' lang='lat' dir='ltr'><strong>aristote-</strong></span> 
     </span>
    </p>
   </div>
   <div class='ocr_carea' id='block_1_6' title="bbox 1960 843 3267 1545">
    <p class='ocr_par' dir='ltr' id='par_1_6' title="bbox 1960 843 3267 1545">
     <span class='ocr_line' id='line_1_47' title="bbox 1960 843 3265 919; baseline -0.002 -18"><span class='ocrx_word' id='word_1_267' title='bbox 1960 844 2268 919; x_wconf 83' lang='lat' dir='ltr'><strong>impressi3</strong></span> <span class='ocrx_word' id='word_1_268' title='bbox 2315 843 2418 902; x_wconf 90' lang='lat' dir='ltr'><strong>sed</strong></span> <span class='ocrx_word' id='word_1_269' title='bbox 2452 863 2521 902; x_wconf 89' lang='lat' dir='ltr'><strong>ea</strong></span> <span class='ocrx_word' id='word_1_270' title='bbox 2568 844 2749 902; x_wconf 87' lang='lat' dir='ltr'><strong>etiam</strong></span> <span class='ocrx_word' id='word_1_271' title='bbox 2780 846 2872 902; x_wconf 90' lang='lat' dir='ltr'><strong>est</strong></span> <span class='ocrx_word' id='word_1_272' title='bbox 2903 864 3116 904; x_wconf 86' lang='lat' dir='ltr'><strong>manca</strong></span> <span class='ocrx_word' id='word_1_273' title='bbox 3152 865 3193 903; x_wconf 86' lang='lat' dir='ltr'><strong>a</strong></span> <span class='ocrx_word' id='word_1_274' title='bbox 3215 848 3265 898; x_wconf 83' lang='grc' dir='ltr'><strong>Ι-</strong></span> 
     </span>
     <span class='ocr_line' id='line_1_48' title="bbox 1961 933 3266 1011; baseline 0.001 -20"><span class='ocrx_word' id='word_1_275' title='bbox 1961 933 2218 1002; x_wconf 89' lang='lat' dir='ltr'><strong>modum‚</strong></span> <span class='ocrx_word' id='word_1_276' title='bbox 2282 951 2419 990; x_wconf 86' lang='lat' dir='ltr'><strong>nam</strong></span> <span class='ocrx_word' id='word_1_277' title='bbox 2479 933 2801 1009; x_wconf 83' lang='lat' dir='ltr'><strong>praecipua</strong></span> <span class='ocrx_word' id='word_1_278' title='bbox 2862 940 2925 991; x_wconf 84' lang='lat' dir='ltr'><strong>et</strong></span> <span class='ocrx_word' id='word_1_279' title='bbox 2982 936 3266 1011; x_wconf 82' lang='lat' dir='ltr'><strong>genuina</strong></span> 
     </span>
     <span class='ocr_line' id='line_1_49' title="bbox 1961 1021 3265 1098; baseline 0 -18"><span class='ocrx_word' id='word_1_280' title='bbox 1961 1041 2142 1097; x_wconf 89' lang='lat' dir='ltr'><strong>opera</strong></span> <span class='ocrx_word' id='word_1_281' title='bbox 2187 1021 2421 1089; x_wconf 88' lang='lat' dir='ltr'><strong>desunt,</strong></span> <span class='ocrx_word' id='word_1_282' title='bbox 2472 1022 2650 1096; x_wconf 87' lang='lat' dir='ltr'><strong>plura</strong></span> <span class='ocrx_word' id='word_1_283' title='bbox 2695 1041 2834 1081; x_wconf 81' lang='lat' dir='ltr'><strong>vero</strong></span> <span class='ocrx_word' id='word_1_284' title='bbox 2885 1041 3065 1098; x_wconf 85' lang='lat' dir='ltr'><strong>opera</strong></span> <span class='ocrx_word' id='word_1_285' title='bbox 3111 1023 3265 1082; x_wconf 83' lang='lat' dir='ltr'><strong>cab·</strong></span> 
     </span>
     <span class='ocr_line' id='line_1_50' title="bbox 1963 1111 3266 1188; baseline -0.001 -18"><span class='ocrx_word' id='word_1_286' title='bbox 1963 1111 2234 1170; x_wconf 76' lang='lat' dir='ltr'><strong>balistica</strong></span> <span class='ocrx_word' id='word_1_287' title='bbox 2277 1115 2337 1168; x_wconf 90' lang='lat' dir='ltr'><strong>et</strong></span> <span class='ocrx_word' id='word_1_288' title='bbox 2384 1111 2809 1187; x_wconf 83' lang='lat' dir='ltr'><strong>alchymistica‚</strong></span> <span class='ocrx_word' id='word_1_289' title='bbox 2862 1132 3015 1187; x_wconf 88' lang='lat' dir='ltr'><strong>quae</strong></span> <span class='ocrx_word' id='word_1_290' title='bbox 3047 1113 3266 1188; x_wconf 72' lang='lat' dir='ltr'><strong>cujus-</strong></span> 
     </span>
     <span class='ocr_line' id='line_1_51' title="bbox 1963 1199 3267 1277; baseline 0.002 -20"><span class='ocrx_word' id='word_1_291' title='bbox 1963 1201 2100 1259; x_wconf 86' lang='lat' dir='ltr'><strong>dam</strong></span> <span class='ocrx_word' id='word_1_292' title='bbox 2145 1200 2575 1276; x_wconf 82' lang='lat' dir='ltr'><strong>Raymundi</strong></span> <span class='ocrx_word' id='word_1_293' title='bbox 2620 1199 2692 1257; x_wconf 90' lang='lat' dir='ltr'><strong>de</strong></span> <span class='ocrx_word' id='word_1_294' title='bbox 2724 1200 3062 1277; x_wconf 87' lang='lat' dir='ltr'><strong>Tarrega</strong></span> <span class='ocrx_word' id='word_1_295' title='bbox 3092 1214 3267 1261; x_wconf 84' lang='lat' dir='ltr'><strong>cata-</strong></span> 
     </span>
     <span class='ocr_line' id='line_1_52' title="bbox 1964 1289 3264 1365; baseline 0 -17"><span class='ocrx_word' id='word_1_296' title='bbox 1964 1290 2099 1358; x_wconf 90' lang='lat' dir='ltr'><strong>lani,</strong></span> <span class='ocrx_word' id='word_1_297' title='bbox 2135 1290 2435 1365; x_wconf 81' lang='lat' dir='ltr'><strong>neophyti,</strong></span> <span class='ocrx_word' id='word_1_298' title='bbox 2470 1307 2593 1347; x_wconf 88' lang='lat' dir='ltr'><strong>esse</strong></span> <span class='ocrx_word' id='word_1_299' title='bbox 2613 1289 2900 1350; x_wconf 89' lang='lat' dir='ltr'><strong>dicuntur</strong></span> <span class='ocrx_word' id='word_1_300' title='bbox 2931 1297 2991 1348; x_wconf 89' lang='lat' dir='ltr'><strong>et</strong></span> <span class='ocrx_word' id='word_1_301' title='bbox 3023 1310 3264 1350; x_wconf 58' lang='lat' dir='ltr'><strong>errores</strong></span> 
     </span>
     <span class='ocr_line' id='line_1_53' title="bbox 1966 1378 3266 1455; baseline 0.001 -18"><span class='ocrx_word' id='word_1_302' title='bbox 1966 1399 2000 1437; x_wconf 91' lang='lat' dir='ltr'><strong>a</strong></span> <span class='ocrx_word' id='word_1_303' title='bbox 2050 1379 2332 1455; x_wconf 86' lang='lat' dir='ltr'><strong>Gregorio</strong></span> <span class='ocrx_word' id='word_1_304' title='bbox 2384 1378 2479 1436; x_wconf 87' lang='lat' dir='ltr'><strong>XI.</strong></span> <span class='ocrx_word' id='word_1_305' title='bbox 2530 1383 2770 1437; x_wconf 82' lang='lat' dir='ltr'><strong>notatos</strong></span> <span class='ocrx_word' id='word_1_306' title='bbox 2823 1381 3161 1449; x_wconf 80' lang='lat' dir='ltr'><strong>continent,</strong></span> <span class='ocrx_word' id='word_1_307' title='bbox 3201 1380 3266 1437; x_wconf 89' lang='lat' dir='ltr'><strong>in</strong></span> 
     </span>
     <span class='ocr_line' id='line_1_54' title="bbox 1963 1465 2606 1545; baseline -0.003 -19"><span class='ocrx_word' id='word_1_308' title='bbox 1963 1487 2090 1526; x_wconf 87' lang='lat' dir='ltr'><strong>eam</strong></span> <span class='ocrx_word' id='word_1_309' title='bbox 2123 1472 2265 1526; x_wconf 89' lang='lat' dir='ltr'><strong>sunt</strong></span> <span class='ocrx_word' id='word_1_310' title='bbox 2296 1471 2532 1543; x_wconf 88' lang='lat' dir='ltr'><strong>recepta</strong></span> <span class='ocrx_word' id='word_1_311' title='bbox 2548 1465 2606 1545; x_wconf 89' lang='lat'><strong>¹).</strong></span> 
     </span>
    </p>
   </div>
   <div class='ocr_carea' id='block_1_7' title="bbox 1966 1645 3266 3781">
    <p class='ocr_par' dir='ltr' id='par_1_7' title="bbox 1966 1645 3266 3781">
     <span class='ocr_line' id='line_1_55' title="bbox 2057 1645 3264 1724; baseline 0.004 -22"><span class='ocrx_word' id='word_1_312' title='bbox 2057 1655 2199 1710; x_wconf 81' lang='lat'><strong>248.</strong></span> <span class='ocrx_word' id='word_1_313' title='bbox 2265 1645 2348 1703; x_wconf 84' lang='lat' dir='ltr'><strong>Ex</strong></span> <span class='ocrx_word' id='word_1_314' title='bbox 2381 1647 2582 1704; x_wconf 80' lang='lat' dir='ltr'><strong>ordine</strong></span> <span class='ocrx_word' id='word_1_315' title='bbox 2612 1668 2654 1704; x_wconf 82' lang='lat'><strong>3.</strong></span> <span class='ocrx_word' id='word_1_316' title='bbox 2671 1646 2994 1712; x_wconf 73' lang='lat' dir='ltr'><strong>,Domt&#39;m&#39;ci</strong></span> <span class='ocrx_word' id='word_1_317' title='bbox 3037 1667 3264 1724; x_wconf 82' lang='lat' dir='ltr'><strong>paucos</strong></span> 
     </span>
     <span class='ocr_line' id='line_1_56' title="bbox 1966 1735 3265 1812; baseline 0.002 -20"><span class='ocrx_word' id='word_1_318' title='bbox 1966 1736 2070 1793; x_wconf 87' lang='lat' dir='ltr'><strong>hac</strong></span> <span class='ocrx_word' id='word_1_319' title='bbox 2092 1735 2331 1811; x_wconf 89' lang='lat' dir='ltr'><strong>periodo</strong></span> <span class='ocrx_word' id='word_1_320' title='bbox 2349 1736 2698 1810; x_wconf 77' lang='lat' dir='ltr'><strong>reperimu8‚</strong></span> <span class='ocrx_word' id='word_1_321' title='bbox 2732 1737 2837 1812; x_wconf 87' lang='lat' dir='ltr'><strong>qui</strong></span> <span class='ocrx_word' id='word_1_322' title='bbox 2867 1738 2931 1795; x_wconf 90' lang='lat' dir='ltr'><strong>in</strong></span> <span class='ocrx_word' id='word_1_323' title='bbox 2952 1738 3265 1810; x_wconf 73' lang='lat' dir='ltr'><strong>theologia</strong></span> 
     </span>
     <span class='ocr_line' id='line_1_57' title="bbox 1967 1826 3262 1901; baseline 0.002 -20"><span class='ocrx_word' id='word_1_324' title='bbox 1967 1826 2314 1882; x_wconf 85' lang='lat' dir='ltr'><strong>scholastica</strong></span> <span class='ocrx_word' id='word_1_325' title='bbox 2360 1844 2642 1901; x_wconf 87' lang='lat' dir='ltr'><strong>magnum</strong></span> <span class='ocrx_word' id='word_1_326' title='bbox 2690 1826 2802 1884; x_wconf 90' lang='lat' dir='ltr'><strong>sibi</strong></span> <span class='ocrx_word' id='word_1_327' title='bbox 2848 1827 3104 1886; x_wconf 85' lang='lat' dir='ltr'><strong>fecerint</strong></span> <span class='ocrx_word' id='word_1_328' title='bbox 3149 1847 3262 1885; x_wconf 86' lang='lat' dir='ltr'><strong>no·</strong></span> 
     </span>
     <span class='ocr_line' id='line_1_58' title="bbox 1967 1914 3261 1991; baseline 0.002 -21"><span class='ocrx_word' id='word_1_329' title='bbox 1967 1932 2103 1971; x_wconf 91' lang='lat' dir='ltr'><strong>men</strong></span> <span class='ocrx_word' id='word_1_330' title='bbox 2125 1916 2185 1971; x_wconf 89' lang='lat' dir='ltr'><strong>et</strong></span> <span class='ocrx_word' id='word_1_331' title='bbox 2205 1932 2458 1988; x_wconf 89' lang='lat' dir='ltr'><strong>quorum</strong></span> <span class='ocrx_word' id='word_1_332' title='bbox 2481 1932 2658 1988; x_wconf 87' lang='lat' dir='ltr'><strong>opera</strong></span> <span class='ocrx_word' id='word_1_333' title='bbox 2676 1914 2871 1973; x_wconf 89' lang='lat' dir='ltr'><strong>lucem</strong></span> <span class='ocrx_word' id='word_1_334' title='bbox 2894 1918 3261 1991; x_wconf 67' lang='lat' dir='ltr'><strong>aspexerint</strong></span> 
     </span>
     <span class='ocr_line' id='line_1_59' title="bbox 1967 2002 3260 2081; baseline 0.004 -22"><span class='ocrx_word' id='word_1_335' title='bbox 1967 2004 2207 2060; x_wconf 87' lang='lat' dir='ltr'><strong>Praeter</strong></span> <span class='ocrx_word' id='word_1_336' title='bbox 2239 2002 2525 2061; x_wconf 87' lang='lat' dir='ltr'><strong>Thomam</strong></span> <span class='ocrx_word' id='word_1_337' title='bbox 2557 2003 2629 2061; x_wconf 90' lang='lat' dir='ltr'><strong>de</strong></span> <span class='ocrx_word' id='word_1_338' title='bbox 2660 2003 2815 2071; x_wconf 82' lang='lat' dir='ltr'><strong>Jorz,</strong></span> <span class='ocrx_word' id='word_1_339' title='bbox 2863 2005 2936 2062; x_wconf 88' lang='lat' dir='ltr'><strong>de</strong></span> <span class='ocrx_word' id='word_1_340' title='bbox 2988 2024 3110 2080; x_wconf 86' lang='lat' dir='ltr'><strong>quo</strong></span> <span class='ocrx_word' id='word_1_341' title='bbox 3133 2008 3260 2081; x_wconf 80' lang='lat' dir='ltr'><strong>jam</strong></span> 
     </span>
     <span class='ocr_line' id='line_1_60' title="bbox 1967 2089 3256 2172; baseline 0.001 -23"><span class='ocrx_word' id='word_1_342' title='bbox 1967 2092 2197 2166; x_wconf 82' lang='lat' dir='ltr'><strong>egimus</strong></span> <span class='ocrx_word' id='word_1_343' title='bbox 2231 2092 2310 2167; x_wconf 77' lang='lat' dir='ltr'><strong>(p.</strong></span> <span class='ocrx_word' id='word_1_344' title='bbox 2347 2089 2520 2172; x_wconf 83' lang='lat'><strong>46··),</strong></span> <span class='ocrx_word' id='word_1_345' title='bbox 2557 2093 2671 2150; x_wconf 89' lang='lat' dir='ltr'><strong>huc</strong></span> <span class='ocrx_word' id='word_1_346' title='bbox 2716 2093 2924 2152; x_wconf 84' lang='lat' dir='ltr'><strong>referri</strong></span> <span class='ocrx_word' id='word_1_347' title='bbox 2973 2106 3256 2169; x_wconf 80' lang='lat' dir='ltr'><strong>possunt:</strong></span> 
     </span>
     <span class='ocr_line' id='line_1_61' title="bbox 1969 2181 3262 2261; baseline 0.003 -24"><span class='ocrx_word' id='word_1_348' title='bbox 1969 2181 2355 2239; x_wconf 85' lang='lat' dir='ltr'><strong>Henrieus</strong></span> <span class='ocrx_word' id='word_1_349' title='bbox 2387 2182 3262 2261; x_wconf 71' lang='lat' dir='ltr'><strong>Ariminensis(fl.l:3l4).</strong></span> 
     </span>
     <span class='ocr_line' id='line_1_62' title="bbox 1968 2271 3263 2348; baseline 0.003 -21"><span class='ocrx_word' id='word_1_350' title='bbox 1968 2271 2138 2343; x_wconf 87' lang='lat' dir='ltr'><strong>cujus</strong></span> <span class='ocrx_word' id='word_1_351' title='bbox 2187 2276 2378 2327; x_wconf 83' lang='lat' dir='ltr'><strong>exstat</strong></span> <span class='ocrx_word' id='word_1_352' title='bbox 2407 2274 2482 2328; x_wconf 86' lang='lat' dir='ltr'><strong>tr.</strong></span> <span class='ocrx_word' id='word_1_353' title='bbox 2530 2272 2598 2328; x_wconf 83' lang='lat' dir='ltr'><strong>de</strong></span> <span class='ocrx_word' id='word_1_354' title='bbox 2643 2280 2896 2348; x_wconf 79' lang='lat' dir='ltr'><strong>quatuor</strong></span> <span class='ocrx_word' id='word_1_355' title='bbox 2943 2275 3263 2331; x_wconf 65' lang='lat' dir='ltr'><strong>virtutibus</strong></span> 
     </span>
     <span class='ocr_line' id='line_1_63' title="bbox 1966 2359 3261 2437; baseline 0.004 -21"><span class='ocrx_word' id='word_1_356' title='bbox 1966 2359 2364 2416; x_wconf 74' lang='lat' dir='ltr'><strong>cardinalibus</strong></span> <span class='ocrx_word' id='word_1_357' title='bbox 2411 2363 2599 2418; x_wconf 83' lang='lat' dir='ltr'><strong>totam</strong></span> <span class='ocrx_word' id='word_1_358' title='bbox 2652 2364 2767 2419; x_wconf 86' lang='lat' dir='ltr'><strong>fere</strong></span> <span class='ocrx_word' id='word_1_359' title='bbox 2816 2361 3261 2437; x_wconf 84' lang='lat' dir='ltr'><strong>philosophiam</strong></span> 
     </span>
     <span class='ocr_line' id='line_1_64' title="bbox 1971 2447 3260 2523; baseline 0.004 -18"><span class='ocrx_word' id='word_1_360' title='bbox 1971 2447 2250 2505; x_wconf 91' lang='lat' dir='ltr'><strong>moralem</strong></span> <span class='ocrx_word' id='word_1_361' title='bbox 2296 2449 2690 2523; x_wconf 83' lang='lat' dir='ltr'><strong>complectens</strong></span> <span class='ocrx_word' id='word_1_362' title='bbox 2737 2470 2859 2508; x_wconf 88' lang='lat' dir='ltr'><strong>una</strong></span> <span class='ocrx_word' id='word_1_363' title='bbox 2891 2469 3027 2509; x_wconf 81' lang='lat' dir='ltr'><strong>curn</strong></span> <span class='ocrx_word' id='word_1_364' title='bbox 3062 2473 3260 2510; x_wconf 79' lang='lat' dir='ltr'><strong>exem·</strong></span> 
     </span>
     <span class='ocr_line' id='line_1_65' title="bbox 1971 2537 3261 2617; baseline 0.005 -24"><span class='ocrx_word' id='word_1_365' title='bbox 1971 2537 2084 2611; x_wconf 84' lang='lat' dir='ltr'><strong>plis</strong></span> <span class='ocrx_word' id='word_1_366' title='bbox 2118 2541 2180 2595; x_wconf 86' lang='lat' dir='ltr'><strong>et</strong></span> <span class='ocrx_word' id='word_1_367' title='bbox 2214 2537 2472 2595; x_wconf 78' lang='lat' dir='ltr'><strong>historiis</strong></span> <span class='ocrx_word' id='word_1_368' title='bbox 2503 2558 2572 2596; x_wconf 88' lang='lat' dir='ltr'><strong>ex</strong></span> <span class='ocrx_word' id='word_1_369' title='bbox 2611 2539 2952 2598; x_wconf 85' lang='lat' dir='ltr'><strong>divinarum</strong></span> <span class='ocrx_word' id='word_1_370' title='bbox 2987 2540 3261 2617; x_wconf 86' lang='lat' dir='ltr'><strong>Scriptu-</strong></span> 
     </span>
     <span class='ocr_line' id='line_1_66' title="bbox 1972 2627 3263 2705; baseline 0.005 -21"><span class='ocrx_word' id='word_1_371' title='bbox 1972 2645 2170 2684; x_wconf 74' lang='lat' dir='ltr'><strong>rurum</strong></span> <span class='ocrx_word' id='word_1_372' title='bbox 2230 2627 2574 2688; x_wconf 86' lang='lat' dir='ltr'><strong>auctoribus</strong></span> <span class='ocrx_word' id='word_1_373' title='bbox 2636 2627 2988 2705; x_wconf 85' lang='lat' dir='ltr'><strong>desumptis,</strong></span> <span class='ocrx_word' id='word_1_374' title='bbox 3055 2631 3263 2702; x_wconf 76' lang='lat' dir='ltr'><strong>Spirae</strong></span> 
     </span>
     <span class='ocr_line' id='line_1_67' title="bbox 1980 2715 3260 2779; baseline 0.001 -1"><span class='ocrx_word' id='word_1_375' title='bbox 1980 2725 2144 2778; x_wconf 76' lang='lat'>1472</span> <span class='ocrx_word' id='word_1_376' title='bbox 2197 2715 2261 2774; x_wconf 92' lang='lat' dir='ltr'><strong>in</strong></span> <span class='ocrx_word' id='word_1_377' title='bbox 2311 2717 2347 2774; x_wconf 84' lang='lat' dir='ltr'><strong>f.</strong></span> <span class='ocrx_word' id='word_1_378' title='bbox 2412 2752 2501 2761; x_wconf 94' lang='lat'><strong>—-</strong></span> <span class='ocrx_word' id='word_1_379' title='bbox 2563 2718 2861 2777; x_wconf 86' lang='lat' dir='ltr'><strong>Celebrior</strong></span> <span class='ocrx_word' id='word_1_380' title='bbox 2911 2719 3032 2778; x_wconf 89' lang='lat' dir='ltr'><strong>fuit</strong></span> <span class='ocrx_word' id='word_1_381' title='bbox 3084 2721 3260 2779; x_wconf 89' lang='lat' dir='ltr'><strong>Her·</strong></span> 
     </span>
     <span class='ocr_line' id='line_1_68' title="bbox 1975 2804 3263 2888; baseline 0.005 -27"><span class='ocrx_word' id='word_1_382' title='bbox 1975 2824 2157 2864; x_wconf 86' lang='lat' dir='ltr'><strong>veus</strong></span> <span class='ocrx_word' id='word_1_383' title='bbox 2233 2804 2543 2865; x_wconf 88' lang='lat' dir='ltr'><strong>Natalis</strong></span> <span class='ocrx_word' id='word_1_384' title='bbox 2607 2807 2703 2885; x_wconf 90' lang='lat' dir='ltr'><strong>(de</strong></span> <span class='ocrx_word' id='word_1_385' title='bbox 2771 2807 3083 2888; x_wconf 85' lang='lat' dir='ltr'><strong>Nedellec)</strong></span> <span class='ocrx_word' id='word_1_386' title='bbox 3160 2830 3263 2868; x_wconf 78' lang='lat' dir='ltr'><strong>seu</strong></span> 
     </span>
     <span class='ocr_line' id='line_1_69' title="bbox 1976 2889 3261 2974; baseline 0.005 -23"><span class='ocrx_word' id='word_1_387' title='bbox 1976 2895 2139 2954; x_wconf 82' lang='lat' dir='ltr'><strong>Brito</strong></span> <span class='ocrx_word' id='word_1_388' title='bbox 2174 2889 2342 2974; x_wconf 84' lang='lat' dir='ltr'><strong>(quia</strong></span> <span class='ocrx_word' id='word_1_389' title='bbox 2361 2915 2428 2953; x_wconf 85' lang='lat' dir='ltr'><strong>ex</strong></span> <span class='ocrx_word' id='word_1_390' title='bbox 2450 2896 2766 2955; x_wconf 83' lang='lat' dir='ltr'><strong>Britannia</strong></span> <span class='ocrx_word' id='word_1_391' title='bbox 2785 2896 3049 2970; x_wconf 74' lang='lat' dir='ltr'><strong>minori),</strong></span> <span class='ocrx_word' id='word_1_392' title='bbox 3084 2920 3261 2974; x_wconf 88' lang='lat' dir='ltr'><strong>quem</strong></span> 
     </span>
     <span class='ocr_line' id='line_1_70' title="bbox 1973 2983 3264 3064; baseline 0.005 -24"><span class='ocrx_word' id='word_1_393' title='bbox 1973 2983 2201 3041; x_wconf 88' lang='lat' dir='ltr'><strong>sodales</strong></span> <span class='ocrx_word' id='word_1_394' title='bbox 2253 2985 2500 3043; x_wconf 88' lang='lat' dir='ltr'><strong>summis</strong></span> <span class='ocrx_word' id='word_1_395' title='bbox 2551 2985 2775 3045; x_wconf 83' lang='lat' dir='ltr'><strong>ordinis</strong></span> <span class='ocrx_word' id='word_1_396' title='bbox 2826 2986 3124 3064; x_wconf 72' lang='lat' dir='ltr'><strong>theologi-s</strong></span> <span class='ocrx_word' id='word_1_397' title='bbox 3171 3010 3264 3046; x_wconf 80' lang='lat' dir='ltr'><strong>ac-</strong></span> 
     </span>
     <span class='ocr_line' id='line_1_71' title="bbox 1974 3074 3264 3152; baseline 0.003 -21"><span class='ocrx_word' id='word_1_398' title='bbox 1974 3077 2229 3131; x_wconf 88' lang='lat' dir='ltr'><strong>censent.</strong></span> <span class='ocrx_word' id='word_1_399' title='bbox 2284 3074 2563 3150; x_wconf 70' lang='lat' dir='ltr'><strong>Magister</strong></span> <span class='ocrx_word' id='word_1_400' title='bbox 2581 3076 2643 3132; x_wconf 91' lang='lat' dir='ltr'><strong>in</strong></span> <span class='ocrx_word' id='word_1_401' title='bbox 2663 3074 2968 3152; x_wconf 85' lang='lat' dir='ltr'><strong>theologia</strong></span> <span class='ocrx_word' id='word_1_402' title='bbox 3000 3098 3132 3135; x_wconf 81' lang='lat' dir='ltr'><strong>eam</strong></span> <span class='ocrx_word' id='word_1_403' title='bbox 3160 3079 3264 3135; x_wconf 84' lang='lat' dir='ltr'><strong>Pa-</strong></span> 
     </span>
     <span class='ocr_line' id='line_1_72' title="bbox 1977 3162 3266 3237; baseline 0.003 -19"><span class='ocrx_word' id='word_1_404' title='bbox 1977 3162 2133 3220; x_wconf 74' lang='lat' dir='ltr'><strong>risiis</strong></span> <span class='ocrx_word' id='word_1_405' title='bbox 2165 3162 2418 3237; x_wconf 85' lang='lat' dir='ltr'><strong>aliisque</strong></span> <span class='ocrx_word' id='word_1_406' title='bbox 2440 3165 2499 3221; x_wconf 89' lang='lat' dir='ltr'><strong>in</strong></span> <span class='ocrx_word' id='word_1_407' title='bbox 2520 3164 2912 3222; x_wconf 85' lang='lat' dir='ltr'><strong>conventibus</strong></span> <span class='ocrx_word' id='word_1_408' title='bbox 2948 3167 3173 3230; x_wconf 81' lang='lat' dir='ltr'><strong>docuit,</strong></span> <span class='ocrx_word' id='word_1_409' title='bbox 3208 3171 3266 3225; x_wconf 92' lang='lat' dir='ltr'><strong>et</strong></span> 
     </span>
     <span class='ocr_line' id='line_1_73' title="bbox 1977 3252 3264 3329; baseline 0.003 -20"><span class='ocrx_word' id='word_1_410' title='bbox 1977 3255 2110 3325; x_wconf 81' lang='lat' dir='ltr'><strong>post</strong></span> <span class='ocrx_word' id='word_1_411' title='bbox 2172 3252 2400 3310; x_wconf 86' lang='lat' dir='ltr'><strong>obitum</strong></span> <span class='ocrx_word' id='word_1_412' title='bbox 2465 3272 2684 3311; x_wconf 76' lang='lat' dir='ltr'><strong>munus</strong></span> <span class='ocrx_word' id='word_1_413' title='bbox 2753 3255 3139 3329; x_wconf 85' lang='lat' dir='ltr'><strong>provincialis</strong></span> <span class='ocrx_word' id='word_1_414' title='bbox 3204 3259 3264 3314; x_wconf 90' lang='lat' dir='ltr'><strong>in</strong></span> 
     </span>
     <span class='ocr_line' id='line_1_74' title="bbox 1981 3339 3263 3426; baseline 0.006 -30"><span class='ocrx_word' id='word_1_415' title='bbox 1981 3339 2234 3404; x_wconf 84' lang='lat' dir='ltr'><strong>Francia,</strong></span> <span class='ocrx_word' id='word_1_416' title='bbox 2258 3341 2484 3399; x_wconf 88' lang='lat' dir='ltr'><strong>electus</strong></span> <span class='ocrx_word' id='word_1_417' title='bbox 2500 3345 2590 3400; x_wconf 84' lang='lat' dir='ltr'><strong>est</strong></span> <span class='ocrx_word' id='word_1_418' title='bbox 2603 3342 2667 3400; x_wconf 91' lang='lat' dir='ltr'><strong>in</strong></span> <span class='ocrx_word' id='word_1_419' title='bbox 2684 3346 3036 3419; x_wconf 82' lang='lat' dir='ltr'><strong>magistrum</strong></span> <span class='ocrx_word' id='word_1_420' title='bbox 3060 3341 3263 3426; x_wconf 53' lang='lat' dir='ltr'><strong>(xlv)</strong></span> 
     </span>
     <span class='ocr_line' id='line_1_75' title="bbox 1977 3429 3263 3509; baseline 0.007 -24"><span class='ocrx_word' id='word_1_421' title='bbox 1977 3429 2203 3486; x_wconf 85' lang='lat' dir='ltr'><strong>ordinis</strong></span> <span class='ocrx_word' id='word_1_422' title='bbox 2221 3430 2293 3487; x_wconf 87' lang='lat' dir='ltr'><strong>ab</strong></span> <span class='ocrx_word' id='word_1_423' title='bbox 2311 3431 2590 3489; x_wconf 81' lang='lat' dir='ltr'><strong>omnibus</strong></span> <span class='ocrx_word' id='word_1_424' title='bbox 2607 3431 2977 3491; x_wconf 82' lang='lat' dir='ltr'><strong>concorditer</strong></span> <span class='ocrx_word' id='word_1_425' title='bbox 2991 3434 3058 3491; x_wconf 89' lang='lat' dir='ltr'><strong>in</strong></span> <span class='ocrx_word' id='word_1_426' title='bbox 3075 3435 3263 3509; x_wconf 80' lang='lat' dir='ltr'><strong>primo</strong></span> 
     </span>
     <span class='ocr_line' id='line_1_76' title="bbox 1977 3517 3262 3600; baseline 0.003 -26"><span class='ocrx_word' id='word_1_427' title='bbox 1977 3519 2265 3577; x_wconf 82' lang='lat' dir='ltr'><strong>scrutinio</strong></span> <span class='ocrx_word' id='word_1_428' title='bbox 2301 3517 2359 3600; x_wconf 89' lang='lat'><strong>(†</strong></span> <span class='ocrx_word' id='word_1_429' title='bbox 2392 3521 2551 3578; x_wconf 87' lang='lat' dir='ltr'><strong>intra</strong></span> <span class='ocrx_word' id='word_1_430' title='bbox 2587 3530 2640 3584; x_wconf 83' lang='lat'><strong>6.</strong></span> <span class='ocrx_word' id='word_1_431' title='bbox 2675 3527 2737 3579; x_wconf 90' lang='lat' dir='ltr'><strong>et</strong></span> <span class='ocrx_word' id='word_1_432' title='bbox 2772 3532 2823 3584; x_wconf 86' lang='lat'><strong>7.</strong></span> <span class='ocrx_word' id='word_1_433' title='bbox 2852 3524 3006 3600; x_wconf 80' lang='lat' dir='ltr'><strong>Aug.</strong></span> <span class='ocrx_word' id='word_1_434' title='bbox 3053 3523 3262 3588; x_wconf 59' lang='lat'><strong>1323).</strong></span> 
     </span>
     <span class='ocr_line' id='line_1_77' title="bbox 1979 3607 3263 3679; baseline 0.005 -16"><span class='ocrx_word' id='word_1_435' title='bbox 1979 3607 2033 3664; x_wconf 90' lang='lat' dir='ltr'><strong>S.</strong></span> <span class='ocrx_word' id='word_1_436' title='bbox 2056 3608 2395 3667; x_wconf 86' lang='lat' dir='ltr'><strong>Antoninus</strong></span> <span class='ocrx_word' id='word_1_437' title='bbox 2416 3630 2550 3667; x_wconf 92' lang='lat' dir='ltr'><strong>eum</strong></span> <span class='ocrx_word' id='word_1_438' title='bbox 2572 3609 2719 3668; x_wconf 72' lang='lat' dir='ltr'><strong>die-it</strong></span> <span class='ocrx_word' id='word_1_439' title='bbox 2755 3613 3263 3679; x_wconf 73' lang='lat' dir='ltr'><strong>,subtilissimum</strong></span> 
     </span>
     <span class='ocr_line' id='line_1_78' title="bbox 1981 3697 3262 3781; baseline 0.005 -28"><span class='ocrx_word' id='word_1_440' title='bbox 1981 3698 2040 3754; x_wconf 92' lang='lat' dir='ltr'><strong>in</strong></span> <span class='ocrx_word' id='word_1_441' title='bbox 2074 3697 2267 3773; x_wconf 85' lang='lat' dir='ltr'><strong>logica</strong></span> <span class='ocrx_word' id='word_1_442' title='bbox 2287 3702 2347 3756; x_wconf 90' lang='lat' dir='ltr'><strong>et</strong></span> <span class='ocrx_word' id='word_1_443' title='bbox 2363 3699 2862 3781; x_wconf 57' lang='lat' dir='ltr'><strong>philosophiaw).</strong></span> <span class='ocrx_word' id='word_1_444' title='bbox 2913 3702 3071 3759; x_wconf 75' lang='lat' dir='ltr'><strong>Haec</strong></span> <span class='ocrx_word' id='word_1_445' title='bbox 3106 3704 3262 3777; x_wconf 79' lang='lat' dir='ltr'><strong>ejus-</strong></span> 
     </span>
    </p>
   </div>
   <div class='ocr_carea' id='block_1_8' title="bbox 1983 3822 2208 3827">
    <p class='ocr_par' dir='ltr' id='par_1_8' title="bbox 1983 3822 2208 3827">
     <span class='ocr_line' id='line_1_79' title="bbox 1983 3822 2208 3827; baseline 0 0"><span class='ocrx_word' id='word_1_446' title='bbox 1983 3822 2208 3827; x_wconf 95' lang='lat' dir='ltr'><strong> </strong></span> 
     </span>
    </p>
   </div>
   <div class='ocr_carea' id='block_1_9' title="bbox 1978 3886 3266 4520">
    <p class='ocr_par' dir='ltr' id='par_1_9' title="bbox 1978 3886 3266 4378">
     <span class='ocr_line' id='line_1_80' title="bbox 2061 3886 3266 3960; baseline 0.003 -20"><span class='ocrx_word' id='word_1_447' title='bbox 2061 3891 2094 3952; x_wconf 69' lang='grc' dir='ltr'><strong>Ι)</strong></span> <span class='ocrx_word' id='word_1_448' title='bbox 2125 3886 2206 3940; x_wconf 83' lang='lat' dir='ltr'><strong>Of.</strong></span> <span class='ocrx_word' id='word_1_449' title='bbox 2237 3886 2553 3941; x_wconf 84' lang='lat' dir='ltr'><strong>Hartmann</strong></span> <span class='ocrx_word' id='word_1_450' title='bbox 2582 3888 2619 3942; x_wconf 93' lang='lat' dir='ltr'><strong>l.</strong></span> <span class='ocrx_word' id='word_1_451' title='bbox 2646 3904 2692 3942; x_wconf 90' lang='lat' dir='ltr'><strong>c.</strong></span> <span class='ocrx_word' id='word_1_452' title='bbox 2722 3907 2776 3959; x_wconf 88' lang='lat' dir='ltr'><strong>p.</strong></span> <span class='ocrx_word' id='word_1_453' title='bbox 2806 3895 2928 3952; x_wconf 80' lang='lat'><strong>751,</strong></span> <span class='ocrx_word' id='word_1_454' title='bbox 2957 3893 3018 3942; x_wconf 85' lang='lat' dir='ltr'><strong>et</strong></span> <span class='ocrx_word' id='word_1_455' title='bbox 3044 3895 3266 3960; x_wconf 79' lang='lat' dir='ltr'><strong>praeter</strong></span> 
     </span>
     <span class='ocr_line' id='line_1_81' title="bbox 1979 3958 3263 4026; baseline 0.004 -16"><span class='ocrx_word' id='word_1_456' title='bbox 1979 3962 2236 4012; x_wconf 79' lang='lat' dir='ltr'><strong>auctores</strong></span> <span class='ocrx_word' id='word_1_457' title='bbox 2270 3958 2389 4026; x_wconf 82' lang='lat' dir='ltr'><strong>jam</strong></span> <span class='ocrx_word' id='word_1_458' title='bbox 2431 3960 2633 4012; x_wconf 83' lang='lat' dir='ltr'><strong>citatos</strong></span> <span class='ocrx_word' id='word_1_459' title='bbox 2659 3959 2805 4015; x_wconf 86' lang='lat' dir='ltr'><strong>Diss.</strong></span> <span class='ocrx_word' id='word_1_460' title='bbox 2846 3962 3149 4017; x_wconf 81' lang='lat' dir='ltr'><strong>historicas</strong></span> <span class='ocrx_word' id='word_1_461' title='bbox 3175 3962 3263 4017; x_wconf 86' lang='lat' dir='ltr'><strong>del</strong></span> 
     </span>
     <span class='ocr_line' id='line_1_82' title="bbox 1981 4028 3264 4101; baseline 0.005 -19"><span class='ocrx_word' id='word_1_462' title='bbox 1981 4028 2520 4083; x_wconf 87' lang='lat' dir='ltr'><strong>Cultoinmemorial</strong></span> <span class='ocrx_word' id='word_1_463' title='bbox 2536 4029 2629 4084; x_wconf 91' lang='lat' dir='ltr'><strong>del</strong></span> <span class='ocrx_word' id='word_1_464' title='bbox 2648 4030 2710 4085; x_wconf 82' lang='lat' dir='ltr'><strong>R.</strong></span> <span class='ocrx_word' id='word_1_465' title='bbox 2729 4032 2896 4086; x_wconf 89' lang='lat' dir='ltr'><strong>Lullo</strong></span> <span class='ocrx_word' id='word_1_466' title='bbox 2926 4075 2939 4087; x_wconf 93' lang='lat'><strong>.</strong></span> <span class='ocrx_word' id='word_1_467' title='bbox 2970 4076 2985 4088; x_wconf 90' lang='lat'><strong>.</strong></span> <span class='ocrx_word' id='word_1_468' title='bbox 3013 4075 3027 4088; x_wconf 90' lang='lat'><strong>.</strong></span> <span class='ocrx_word' id='word_1_469' title='bbox 3053 4050 3092 4101; x_wconf 77' lang='lat' dir='ltr'>y</span> <span class='ocrx_word' id='word_1_470' title='bbox 3120 4033 3188 4086; x_wconf 90' lang='lat' dir='ltr'><strong>de</strong></span> <span class='ocrx_word' id='word_1_471' title='bbox 3215 4036 3264 4088; x_wconf 89' lang='lat' dir='ltr'><strong>la</strong></span> 
     </span>
     <span class='ocr_line' id='line_1_83' title="bbox 1978 4100 3265 4168; baseline 0.008 -14"><span class='ocrx_word' id='word_1_472' title='bbox 1978 4100 2320 4154; x_wconf 81' lang='lat' dir='ltr'><strong>inmunidad</strong></span> <span class='ocrx_word' id='word_1_473' title='bbox 2373 4100 2441 4154; x_wconf 87' lang='lat' dir='ltr'><strong>de</strong></span> <span class='ocrx_word' id='word_1_474' title='bbox 2485 4118 2766 4168; x_wconf 83' lang='lat' dir='ltr'><strong>censuras,</strong></span> <span class='ocrx_word' id='word_1_475' title='bbox 2814 4102 3092 4158; x_wconf 82' lang='lat' dir='ltr'><strong>Mallorca</strong></span> <span class='ocrx_word' id='word_1_476' title='bbox 3135 4111 3265 4163; x_wconf 79' lang='grc'><strong>1700</strong></span> 
     </span>
     <span class='ocr_line' id='line_1_84' title="bbox 1980 4173 3264 4241; baseline 0.005 -16"><span class='ocrx_word' id='word_1_477' title='bbox 1980 4173 2252 4241; x_wconf 83' lang='lat' dir='ltr'><strong>scriptum</strong></span> <span class='ocrx_word' id='word_1_478' title='bbox 2297 4173 2694 4228; x_wconf 78' lang='lat' dir='ltr'><strong>authenticum</strong></span> <span class='ocrx_word' id='word_1_479' title='bbox 2741 4175 3140 4230; x_wconf 71' lang='lat' dir='ltr'><strong>unive·eitatis</strong></span> <span class='ocrx_word' id='word_1_480' title='bbox 3168 4178 3264 4231; x_wconf 90' lang='lat' dir='ltr'><strong>lul·</strong></span> 
     </span>
     <span class='ocr_line' id='line_1_85' title="bbox 1981 4244 3262 4315; baseline 0.006 -20"><span class='ocrx_word' id='word_1_481' title='bbox 1981 4244 2167 4296; x_wconf 80' lang='lat' dir='ltr'><strong>lianae</strong></span> <span class='ocrx_word' id='word_1_482' title='bbox 2209 4244 2369 4312; x_wconf 73' lang='lat' dir='ltr'><strong>regni</strong></span> <span class='ocrx_word' id='word_1_483' title='bbox 2416 4245 2830 4312; x_wconf 72' lang='lat' dir='ltr'><strong>majoricensis:</strong></span> <span class='ocrx_word' id='word_1_484' title='bbox 2885 4245 3101 4315; x_wconf 72' lang='lat' dir='ltr'><strong>Pelayo</strong></span> <span class='ocrx_word' id='word_1_485' title='bbox 3136 4250 3262 4303; x_wconf 64' lang='lat' dir='ltr'><strong>nist.</strong></span> 
     </span>
     <span class='ocr_line' id='line_1_86' title="bbox 1980 4314 3263 4378; baseline 0.006 -10"><span class='ocrx_word' id='word_1_486' title='bbox 1980 4315 2048 4368; x_wconf 85' lang='lat' dir='ltr'><strong>de</strong></span> <span class='ocrx_word' id='word_1_487' title='bbox 2076 4315 2160 4369; x_wconf 87' lang='lat' dir='ltr'><strong>los</strong></span> <span class='ocrx_word' id='word_1_488' title='bbox 2189 4314 2574 4370; x_wconf 86' lang='lat' dir='ltr'><strong>Heterodoxos</strong></span> <span class='ocrx_word' id='word_1_489' title='bbox 2599 4315 2824 4371; x_wconf 82' lang='lat' dir='ltr'><strong>Madrid</strong></span> <span class='ocrx_word' id='word_1_490' title='bbox 2845 4322 3000 4375; x_wconf 77' lang='lat'><strong>1880.</strong></span> <span class='ocrx_word' id='word_1_491' title='bbox 3028 4320 3186 4378; x_wconf 80' lang='lat'><strong>1.5·28</strong></span> <span class='ocrx_word' id='word_1_492' title='bbox 3201 4339 3263 4376; x_wconf 71' lang='lat' dir='ltr'><strong>ss.</strong></span> 
     </span>
    </p>

    <p class='ocr_par' dir='ltr' id='par_1_10' title="bbox 1978 4385 3262 4520">
     <span class='ocr_line' id='line_1_87' title="bbox 2056 4385 3262 4458; baseline 0.005 -20"><span class='ocrx_word' id='word_1_493' title='bbox 2056 4391 2095 4456; x_wconf 78' lang='lat'><strong>²)</strong></span> <span class='ocrx_word' id='word_1_494' title='bbox 2127 4385 2270 4440; x_wconf 88' lang='lat' dir='ltr'><strong>Hist.</strong></span> <span class='ocrx_word' id='word_1_495' title='bbox 2302 4392 2387 4450; x_wconf 73' lang='lat'><strong>223,</strong></span> <span class='ocrx_word' id='word_1_496' title='bbox 2419 4393 2502 4450; x_wconf 79' lang='lat'><strong>11,</strong></span> <span class='ocrx_word' id='word_1_497' title='bbox 2536 4393 2587 4443; x_wconf 73' lang='lat'><strong>2.</strong></span> <span class='ocrx_word' id='word_1_498' title='bbox 2615 4389 2748 4442; x_wconf 85' lang='lat' dir='ltr'><strong>Sein</strong></span> <span class='ocrx_word' id='word_1_499' title='bbox 2777 4388 3262 4458; x_wconf 75' lang='lat' dir='ltr'><strong>Ha-uptverdienst</strong></span> 
     </span>
     <span class='ocr_line' id='line_1_88' title="bbox 1978 4458 3261 4520; baseline 0.004 -10"><span class='ocrx_word' id='word_1_500' title='bbox 1978 4458 2072 4520; x_wconf 80' lang='lat' dir='ltr'><strong>ist,</strong></span> <span class='ocrx_word' id='word_1_501' title='bbox 2101 4458 2204 4510; x_wconf 62' lang='lat' dir='ltr'><strong>dall</strong></span> <span class='ocrx_word' id='word_1_502' title='bbox 2248 4474 2306 4509; x_wconf 87' lang='lat' dir='ltr'><strong>er</strong></span> <span class='ocrx_word' id='word_1_503' title='bbox 2346 4463 2532 4512; x_wconf 75' lang='lat' dir='ltr'><strong>zuerst</strong></span> <span class='ocrx_word' id='word_1_504' title='bbox 2573 4460 2681 4513; x_wconf 83' lang='lat' dir='ltr'><strong>auf</strong></span> <span class='ocrx_word' id='word_1_505' title='bbox 2713 4460 2813 4513; x_wconf 82' lang='lat' dir='ltr'><strong>das</strong></span> <span class='ocrx_word' id='word_1_506' title='bbox 2842 4460 3136 4516; x_wconf 66' lang='lat' dir='ltr'><strong>Scharfste</strong></span> <span class='ocrx_word' id='word_1_507' title='bbox 3162 4464 3261 4517; x_wconf 86' lang='lat' dir='ltr'><strong>den</strong></span> 
     </span>
    </p>
   </div>
   <div class='ocr_carea' id='block_1_10' title="bbox 644 4498 3264 4753">
    <p class='ocr_par' dir='ltr' id='par_1_11' title="bbox 644 4498 3264 4753">
     <span class='ocr_line' id='line_1_89' title="bbox 644 4498 3262 4589; baseline 0.001 -6"><span class='ocrx_word' id='word_1_508' title='bbox 644 4498 1922 4575; x_wconf 60' lang='lat' dir='ltr'><strong>¹50³¹1¹0Xst100¹0818÷illiusquetssrmfflissub·</strong></span> <span class='ocrx_word' id='word_1_509' title='bbox 1983 4529 2354 4582; x_wconf 70' lang='lat' dir='ltr'><strong>untersehied</strong></span> <span class='ocrx_word' id='word_1_510' title='bbox 2383 4530 2659 4586; x_wconf 71' lang='lat' dir='ltr'><strong>zwischen</strong></span> <span class='ocrx_word' id='word_1_511' title='bbox 2681 4532 2808 4584; x_wconf 73' lang='lat' dir='ltr'><strong>dem</strong></span> <span class='ocrx_word' id='word_1_512' title='bbox 2833 4532 3262 4589; x_wconf 69' lang='lat' dir='ltr'><strong>thomistisohen</strong></span> 
     </span>
     <span class='ocr_line' id='line_1_90' title="bbox 645 4587 3264 4672; baseline 0.006 -28"><span class='ocrx_word' id='word_1_513' title='bbox 645 4587 847 4645; x_wconf 85' lang='lat' dir='ltr'><strong>stituit</strong></span> <span class='ocrx_word' id='word_1_514' title='bbox 876 4589 1021 4646; x_wconf 83' lang='lat' dir='ltr'><strong>alios</strong></span> <span class='ocrx_word' id='word_1_515' title='bbox 1048 4589 1335 4645; x_wconf 79' lang='lat' dir='ltr'><strong>hactenus</strong></span> <span class='ocrx_word' id='word_1_516' title='bbox 1366 4588 1683 4656; x_wconf 73' lang='lat' dir='ltr'><strong>inaudito-3,</strong></span> <span class='ocrx_word' id='word_1_517' title='bbox 1704 4589 1923 4662; x_wconf 88' lang='lat' dir='ltr'><strong>quibus</strong></span> <span class='ocrx_word' id='word_1_518' title='bbox 1981 4600 2100 4653; x_wconf 83' lang='lat' dir='ltr'><strong>und</strong></span> <span class='ocrx_word' id='word_1_519' title='bbox 2127 4601 2516 4654; x_wconf 81' lang='lat' dir='ltr'><strong>scotistischen</strong></span> <span class='ocrx_word' id='word_1_520' title='bbox 2539 4602 2921 4672; x_wconf 79' lang='lat' dir='ltr'><strong>Lehrbegriffe</strong></span> <span class='ocrx_word' id='word_1_521' title='bbox 2951 4605 3264 4660; x_wconf 78' lang='lat' dir='ltr'><strong>hervorhob</strong></span> 
     </span>
     <span class='ocr_line' id='line_1_91' title="bbox 645 4672 3261 4753; baseline -0.002 -18"><span class='ocrx_word' id='word_1_522' title='bbox 645 4696 815 4752; x_wconf 81' lang='lat' dir='ltr'><strong>saepe</strong></span> <span class='ocrx_word' id='word_1_523' title='bbox 831 4677 1368 4753; x_wconf 87' lang='lat' dir='ltr'><strong>conceptusnullus</strong></span> <span class='ocrx_word' id='word_1_524' title='bbox 1397 4677 1513 4734; x_wconf 90' lang='lat' dir='ltr'><strong>nisi</strong></span> <span class='ocrx_word' id='word_1_525' title='bbox 1542 4677 1925 4752; x_wconf 83' lang='lat' dir='ltr'><strong>imaginarius</strong></span> <span class='ocrx_word' id='word_1_526' title='bbox 1982 4673 2098 4725; x_wconf 80' lang='lat' dir='ltr'><strong>und</strong></span> <span class='ocrx_word' id='word_1_527' title='bbox 2134 4673 2308 4740; x_wconf 69' lang='lat' dir='ltr'><strong>jeneu</strong></span> <span class='ocrx_word' id='word_1_528' title='bbox 2349 4672 2428 4724; x_wconf 89' lang='lat' dir='ltr'><strong>im</strong></span> <span class='ocrx_word' id='word_1_529' title='bbox 2457 4674 2772 4740; x_wconf 72' lang='lat' dir='ltr'><strong>Gegensatz</strong></span> <span class='ocrx_word' id='word_1_530' title='bbox 2815 4693 2883 4728; x_wconf 86' lang='lat' dir='ltr'><strong>zu</strong></span> <span class='ocrx_word' id='word_1_531' title='bbox 2926 4675 3148 4731; x_wconf 83' lang='lat' dir='ltr'><strong>diesem</strong></span> <span class='ocrx_word' id='word_1_532' title='bbox 3187 4679 3261 4731; x_wconf 87' lang='lat' dir='ltr'><strong>be-</strong></span> 
     </span>
    </p>
   </div>
   <div class='ocr_carea' id='block_1_11' title="bbox 643 4766 1923 4934">
    <p class='ocr_par' dir='ltr' id='par_1_12' title="bbox 643 4766 1923 4934">
     <span class='ocr_line' id='line_1_92' title="bbox 643 4766 1923 4842; baseline 0.001 -19"><span class='ocrx_word' id='word_1_533' title='bbox 643 4769 977 4842; x_wconf 87' lang='lat' dir='ltr'><strong>respondet.</strong></span> <span class='ocrx_word' id='word_1_534' title='bbox 1045 4766 1451 4842; x_wconf 87' lang='lat' dir='ltr'><strong>Salzinger</strong></span> <span class='ocrx_word' id='word_1_535' title='bbox 1512 4768 1705 4841; x_wconf 89' lang='lat' dir='ltr'><strong>coepit</strong></span> <span class='ocrx_word' id='word_1_536' title='bbox 1769 4767 1923 4824; x_wconf 87' lang='lat' dir='ltr'><strong>Lulli</strong></span> 
     </span>
     <span class='ocr_line' id='line_1_93' title="bbox 646 4856 1637 4934; baseline 0 -22"><span class='ocrx_word' id='word_1_537' title='bbox 646 4875 826 4931; x_wconf 88' lang='lat' dir='ltr'><strong>opera</strong></span> <span class='ocrx_word' id='word_1_538' title='bbox 857 4857 1132 4934; x_wconf 86' lang='lat' dir='ltr'><strong>colligere</strong></span> <span class='ocrx_word' id='word_1_539' title='bbox 1166 4860 1343 4930; x_wconf 89' lang='lat' dir='ltr'><strong>atque</strong></span> <span class='ocrx_word' id='word_1_540' title='bbox 1376 4856 1547 4914; x_wconf 88' lang='lat' dir='ltr'><strong>edere</strong></span> <span class='ocrx_word' id='word_1_541' title='bbox 1582 4856 1637 4912; x_wconf 87' lang='lat' dir='ltr'>M</span> 
     </span>
    </p>
   </div>
   <div class='ocr_carea' id='block_1_12' title="bbox 1980 4743 3262 4886">
    <p class='ocr_par' dir='ltr' id='par_1_13' title="bbox 1980 4743 3262 4886">
     <span class='ocr_line' id='line_1_94' title="bbox 1980 4743 3262 4815; baseline 0.005 -20"><span class='ocrx_word' id='word_1_542' title='bbox 1980 4743 2259 4810; x_wconf 77' lang='lat' dir='ltr'><strong>griindete</strong></span> <span class='ocrx_word' id='word_1_543' title='bbox 2290 4743 2408 4796; x_wconf 88' lang='lat' dir='ltr'><strong>und</strong></span> <span class='ocrx_word' id='word_1_544' title='bbox 2451 4745 2850 4815; x_wconf 79' lang='lat' dir='ltr'><strong>vertheidigte.</strong></span> <span class='ocrx_word' id='word_1_545' title='bbox 2902 4746 3262 4803; x_wconf 84' lang='lat' dir='ltr'><strong>Namentlich</strong></span> 
     </span>
     <span class='ocr_line' id='line_1_95' title="bbox 1986 4814 3262 4886; baseline 0.005 -19"><span class='ocrx_word' id='word_1_546' title='bbox 1986 4814 2339 4869; x_wconf 77' lang='lat' dir='ltr'><strong>beleuchtete</strong></span> <span class='ocrx_word' id='word_1_547' title='bbox 2387 4831 2448 4868; x_wconf 88' lang='lat' dir='ltr'><strong>er</strong></span> <span class='ocrx_word' id='word_1_548' title='bbox 2491 4817 2593 4870; x_wconf 86' lang='lat' dir='ltr'><strong>das</strong></span> <span class='ocrx_word' id='word_1_549' title='bbox 2639 4817 2873 4886; x_wconf 86' lang='lat' dir='ltr'><strong>Princip</strong></span> <span class='ocrx_word' id='word_1_550' title='bbox 2918 4817 3022 4870; x_wconf 76' lang='lat' dir='ltr'><strong>der</strong></span> <span class='ocrx_word' id='word_1_551' title='bbox 3068 4821 3262 4874; x_wconf 75' lang='lat' dir='ltr'><strong>indivi-</strong></span> 
     </span>
    </p>
   </div>
   <div class='ocr_carea' id='block_1_13' title="bbox 1643 4857 3264 4952">
    <p class='ocr_par' dir='ltr' id='par_1_14' title="bbox 1643 4857 3264 4952">
     <span class='ocr_line' id='line_1_96' title="bbox 1643 4857 3264 4952; baseline 0.007 -20"><span class='ocrx_word' id='word_1_552' title='bbox 1643 4857 1924 4932; x_wconf 60' lang='lat' dir='ltr'><strong>Oguntiae</strong></span> <span class='ocrx_word' id='word_1_553' title='bbox 1982 4886 2241 4952; x_wconf 81' lang='lat' dir='ltr'><strong>duati0n‚</strong></span> <span class='ocrx_word' id='word_1_554' title='bbox 2295 4886 2387 4938; x_wconf 89' lang='lat' dir='ltr'><strong>die</strong></span> <span class='ocrx_word' id='word_1_555' title='bbox 2440 4889 2756 4942; x_wconf 81' lang='lat' dir='ltr'><strong>haecceitas</strong></span> <span class='ocrx_word' id='word_1_556' title='bbox 2807 4888 2897 4942; x_wconf 87' lang='lat' dir='ltr'><strong>bei</strong></span> <span class='ocrx_word' id='word_1_557' title='bbox 2955 4889 3018 4942; x_wconf 90' lang='lat' dir='ltr'><strong>D.</strong></span> <span class='ocrx_word' id='word_1_558' title='bbox 3076 4893 3264 4946; x_wconf 75' lang='lat' dir='ltr'><strong>Scottis</strong></span> 
     </span>
    </p>
   </div>
   <div class='ocr_carea' id='block_1_14' title="bbox 628 4943 3265 5020">
    <p class='ocr_par' dir='ltr' id='par_1_15' title="bbox 628 4943 3265 5020">
     <span class='ocr_line' id='line_1_97' title="bbox 628 4943 3265 5020; baseline 0.004 -14"><span class='ocrx_word' id='word_1_559' title='bbox 628 4943 995 5007; x_wconf 73' lang='lat'><strong>‘1721-42</strong></span> <span class='ocrx_word' id='word_1_560' title='bbox 1049 4951 1090 5003; x_wconf 88' lang='lat' dir='ltr'><strong>t.</strong></span> <span class='ocrx_word' id='word_1_561' title='bbox 1154 4957 1225 5007; x_wconf 89' lang='lat' dir='ltr'><strong>lo</strong></span> <span class='ocrx_word' id='word_1_562' title='bbox 1278 4945 1341 5002; x_wconf 91' lang='lat' dir='ltr'><strong>in</strong></span> <span class='ocrx_word' id='word_1_563' title='bbox 1374 4945 1428 5012; x_wconf 83' lang='lat' dir='ltr'><strong>f.,</strong></span> <span class='ocrx_word' id='word_1_564' title='bbox 1482 4964 1631 5018; x_wconf 87' lang='lat' dir='ltr'><strong>quae</strong></span> <span class='ocrx_word' id='word_1_565' title='bbox 1682 4945 1924 5020; x_wconf 76' lang='lat' dir='ltr'><strong>quidem</strong></span> <span class='ocrx_word' id='word_1_566' title='bbox 1985 4957 2103 5011; x_wconf 89' lang='lat' dir='ltr'><strong>und</strong></span> <span class='ocrx_word' id='word_1_567' title='bbox 2155 4957 2292 5010; x_wconf 81' lang='lat' dir='ltr'><strong>wies</strong></span> <span class='ocrx_word' id='word_1_568' title='bbox 2342 4957 2513 5012; x_wconf 87' lang='lat' dir='ltr'><strong>deren</strong></span> <span class='ocrx_word' id='word_1_569' title='bbox 2571 4960 3049 5016; x_wconf 83' lang='lat' dir='ltr'><strong>Undenkbarkeit</strong></span> <span class='ocrx_word' id='word_1_570' title='bbox 3113 4964 3265 5017; x_wconf 82' lang='lat' dir='ltr'><strong>nach.</strong></span> 
     </span>
    </p>
   </div>
  </div>
 </body>
</html>
