3475 5364
382 344 537 397 1181

683 324 890 387 Proles,
919 323 1215 387 Vivaldus,
1243 323 1493 385 Sovicus‚
1521 323 1727 388 Maffei,
1756 323 2082 378 Fernandez
2109 324 2178 377 de
2206 324 2382 378 Santa
2409 324 2536 378 Ena
2561 327 2666 381 etc.

2824 343 2987 399 1182

375 512 653 588 prudens.
701 512 843 570 Eam
879 532 928 570 a.
966 522 1045 574 43
1069 512 1223 571 rexit
1242 516 1301 571 et
1319 509 1652 587 ampliavit3
1712 511 2068 582 43Venetiis
2092 521 2291 582 14983
2318 514 2987 573 etdiss.dissuo³oriam.

375 603 592 661 ducum
645 601 928 660 Saxoniae
977 603 1104 659 erat
1153 601 1517 660 ecclesiastes
1566 597 1656 681 (†
1709 620 1784 659 ne
1834 601 2141 660 christiani
2190 601 2487 677 principes
2537 602 2648 661 sibi
2699 610 2991 679 usurpent

379 704 434 754 9.
467 691 614 750 Juni
672 685 878 771 1503).
947 690 1288 749 Germanice
1332 690 1522 748 edidit
1564 692 1655 747 in-

372 784 737 841 structionem
753 780 1153 852 christianam,
1164 778 1458 855 quomodo
1470 782 1654 854 pater,

374 874 578 935 mater,
625 869 895 928 sacerdos
939 871 1001 926 et
1029 868 1302 944 patrinus
1332 869 1396 926 in
1426 868 1656 945 baptis·

374 980 471 1019 mo
532 978 592 1018 se
653 976 854 1035 gerere
915 957 1197 1027 debeant,
1262 958 1656 1035 Straubingae

384 1061 454 1113 14
469 1059 550 1113 94
571 1071 584 1118 ;
618 1048 820 1106 eadem
839 1066 973 1105 cum
990 1048 1027 1104 1.
1042 1047 1154 1106 Ein
1175 1047 1383 1122 Innige
1404 1048 1525 1105 lere
1544 1048 1655 1105 wie

376 1157 512 1198 man
546 1138 689 1213 sych
709 1136 923 1194 halden
957 1137 1070 1196 soll
1100 1136 1196 1195 bei
1226 1136 1332 1194 der
1352 1135 1526 1194 Tauff
1551 1136 1656 1194 der

375 1227 627 1296 Kinder,
679 1245 724 1289 s,
771 1226 809 1287 l.
854 1229 916 1283 et
958 1245 1006 1288 a.
1044 1223 1116 1307 (c.
1161 1234 1320 1288 1495
1355 1246 1430 1285 m.
1474 1221 1653 1307 120);

316 1382 317 1385 Ἴ
374 1316 741 1393 Magdeburg
782 1325 944 1377 1500
963 1319 1104 1385 etc.;
1140 1315 1441 1373 Sermones
1469 1316 1656 1373 domi·

373 1407 587 1464 nicales
631 1405 719 1463 ed.
753 1424 788 1462 a
817 1404 995 1462 Petro
1028 1404 1229 1479 Sylvio
1278 1405 1529 1479 parocho
1561 1422 1655 1463 ca-

376 1495 613 1563 tholico,
648 1493 878 1569 Lipsiae
918 1503 1082 1556 1530
1127 1493 1404 1552 nonnihil
1434 1496 1654 1552 retrac-

375 1585 502 1642 tati.
1126 1603 1130 1607 ·

470 1773 612 1824 559.
646 1761 908 1820 Joannes
940 1760 1277 1820 Ludovicus
1310 1760 1654 1819 Vivaldus

379 1853 442 1912 Ο.
477 1851 678 1912 Praed.
724 1850 796 1908 de
828 1850 1217 1926 Monteregali
1250 1846 1578 1930 (Mondovi)
1611 1869 1654 1908 s,

375 1940 706 2017 theologiae
737 1939 1051 2014 professor,
1073 1938 1367 1999 Ludovico
1401 1940 1653 1998 Salutia·

376 2050 507 2090 rum
542 2029 867 2088 marchioni
913 2028 1167 2104 viceregi
1213 2028 1588 2104 neapolitano
1622 2048 1657 2087 a

376 2119 638 2180 consiliis
670 2123 730 2176 et
750 2117 1239 2185 confessionibus,
1273 2118 1513 2194 scripsit
1532 2119 1654 2176 Au·

376 2228 543 2268 reum
584 2225 733 2283 opus
780 2208 850 2265 de
892 2208 1126 2265 veritate
1169 2208 1544 2277 contritionis,
1591 2208 1654 2265 in

378 2316 495 2373 quo
529 2296 776 2355 mirifica
806 2296 1159 2354 documenta
1197 2298 1467 2355 aeternae
1498 2295 1650 2354 salu·

376 2387 458 2445 tis
489 2386 858 2461 aperiuntur,
893 2384 1140 2443 Salutiis
1168 2394 1331 2448 1503
1355 2386 1418 2443 in
1438 2385 1495 2456 f.‚
1530 2404 1654 2444 sae-

376 2494 450 2551 pe
480 2474 708 2533 editum
739 2474 854 2532 sub
883 2474 1019 2532 aliis
1049 2474 1229 2533 etiam
1259 2474 1655 2550 inscriptioni·

376 2565 509 2634 bus,
562 2562 843 2640 Lugduni
901 2572 1099 2632 1506;
1150 2563 1396 2622 Parisiis
1455 2573 1653 2631 15083

377 2654 690 2732 Hagenoae
731 2661 932 2727 l5l3;
964 2652 1077 2712 alia
1110 2655 1335 2729 septem
1369 2652 1657 2727 opuscula

376 2744 643 2820 ejusdem
686 2743 928 2802 collecta
971 2762 1006 2800 a
1045 2741 1229 2800 sodali
1272 2741 1508 2802 Andrea
1538 2742 1655 2800 So-

377 2834 496 2891 cin
514 2851 547 2891 o
592 2832 946 2907 prodierunt
989 2831 1103 2890 sub
1147 2832 1325 2890 titulo
1360 2831 1522 2908 Opus
1565 2850 1655 2889 re-

375 2923 518 2998 qale,
555 2921 799 2980 Salutiis
840 2930 1038 2990 15073
1073 2920 1352 2997 Lugduni
1393 2929 1557 2984 l5uss
1594 2920 1655 2978 in

376 3011 448 3079 f.;
494 3019 652 3074 1518
687 3011 753 3068 in
784 3020 841 3072 4.
886 3013 1027 3068 etc:
1073 3010 1231 3067 inter
1274 3029 1344 3068 ea
1393 3013 1537 3068 sunt
1581 3012 1653 3066 tr.

378 3101 447 3157 de
476 3101 790 3176 coqnitione
820 3099 1123 3157 electorum
1167 3118 1201 3156 a
1244 3098 1541 3173 reprobis;
1589 3099 1658 3155 de

381 3189 676 3246 duodecim
698 3188 1190 3263 persecutionibus
1222 3187 1507 3246 Ecclesiae
1523 3187 1653 3263 Dei,

377 3295 629 3352 quarum
673 3275 902 3334 decima
945 3279 1038 3334 est
1076 3275 1150 3334 ab
1182 3275 1425 3352 indigne
1456 3276 1656 3334 docto·

378 3369 516 3424 ratu
546 3365 947 3441 potientibus;
993 3366 1061 3423 de
1090 3367 1511 3441 maynificentia
1543 3365 1654 3423 Sa·

377 3456 618 3514 lontani-3
661 3458 724 3513 et
770 3453 910 3528 quid
958 3454 1219 3512 sentiant
1262 3453 1531 3512 doctores
1564 3471 1654 3510 ca·

376 3543 583 3603 tholici
603 3543 675 3601 de
694 3546 857 3602 statu
875 3543 1106 3601 animae
1124 3542 1387 3618 ejusdem
1407 3564 1421 3613 ;
1452 3543 1521 3600 de
1551 3543 1655 3599 du·

368 3634 517 3706 plici
546 3651 727 3691 causa
757 3634 1114 3691 contritionis
1132 3635 1241 3694 etc.
1273 3632 1442 3691 Nova
1458 3631 1655 3706 expla-

385 3722 550 3781 natio
599 3729 811 3796 septem
852 3721 1220 3780 Psalmorum
1281 3722 1657 3797 poenitentia-

377 3813 534 3882 lium,
581 3811 655 3870 de
688 3828 831 3888 agro
863 3829 937 3869 ss.
984 3810 1292 3870 doctorum
1325 3809 1654 3877 recollecta,

1709 708 1920 748 census
1951 689 2392 762 ecclesiasticos,
2426 691 2501 749 ad
2519 695 2792 751 senatum
2813 710 2991 749 vene-

1708 782 1858 848 tum,
1894 779 2191 838 Bononiae
2215 790 2381 843 1494
2414 782 2479 839 in
2513 792 2567 844 4.
2600 785 2709 839 etc.
2736 779 2991 839 ——Gon-

1710 870 2010 944 fessionale
2069 870 2400 944 composuit
2459 870 2499 928 J
2501 870 2723 930 acobus
2785 869 2925 928 Cav
2942 870 2992 928 i-

1710 975 1937 1015 caeus
1987 957 2326 1017 Parmensis
2375 980 2432 1018 n.
2492 970 2656 1023 1443
2725 957 2992 1040 (Parmae

1725 1056 1912 1116 1509;
1962 1046 2227 1105 Venetiis
2275 1043 2482 1128 1529),
2520 1049 2623 1124 qui
2658 1048 2849 1108 literis
2880 1048 2991 1107 hu-

1710 1136 2077 1195 manioribus
2109 1137 2344 1214 egregie
2375 1137 2615 1213 quidem
2648 1138 2765 1196 fuit
2795 1137 2991 1196 imbu-

1710 1228 1830 1294 tus,
1865 1225 1967 1284 sed
2000 1225 2075 1283 iis
2096 1225 2379 1285 seductus
2397 1227 2583 1285 vitam
2607 1226 2779 1286 duxit
2798 1215 2991 1285 sacer-

1709 1314 1846 1374 dote
1877 1316 2056 1390 plane
2078 1314 2384 1392 indignam
2399 1320 2459 1374 et
2479 1316 2889 1375 turbulentam
2906 1312 2953 1395 ¹)
2979 1339 2992 1376 ε

1711 1404 2129 1481 sexagenarius
2175 1404 2333 1463 enim
2383 1405 2576 1465 adhuc
2626 1408 2834 1464 auctor
2875 1406 2993 1464 fuit

1709 1493 1946 1553 fabulae
1993 1493 2296 1562 obscenae,
2343 1514 2528 1571 quare
2571 1495 2858 1553 memoria
2896 1495 2993 1554 hic

1710 1582 1882 1658 plane
1930 1583 2217 1659 indiguus
2264 1578 2325 1665 (†
2374 1594 2427 1646 3.
2474 1583 2597 1642 Jul.
2654 1581 2866 1659 1511).
2904 1617 2992 1628 —-

1711 1672 2147 1731 Praetermissis
2179 1673 2509 1731 Martino
2555 1673 2627 1731 de
2662 1675 2885 1732 Arles
2930 1678 2992 1732 et

1708 1762 2021 1820 Andosilla
2052 1760 2333 1819 canonico
2353 1766 2415 1820 et
2436 1761 2846 1822 archidiacono
2866 1765 2990 1822 val-

1710 1851 1786 1909 lis
1832 1851 1904 1910 de
1935 1851 2116 1909 Aivar
2158 1850 2219 1908 in
2261 1850 2506 1910 ecclesia
2536 1853 2988 1927 pampilonensi,

1709 1940 1814 2015 qui
1845 1940 2132 1998 disseruit
2161 1940 2231 1997 de
2259 1941 2758 2013 superstitionibus
2785 1946 2992 2001 contra

1710 2029 1998 2088 maleficia
2028 2032 2090 2086 et
2122 2027 2454 2105 sortilegia,
2504 2048 2654 2104 quae
2692 2030 2867 2089 hodie
2906 2033 2990 2089 vi-

1710 2122 1856 2195 gent
1885 2119 1948 2175 in
1980 2119 2120 2176 orbe
2151 2122 2466 2187 terrarum,
2515 2118 2756 2178 Parisiis
2800 2130 2989 2188 1517;

1712 2207 1971 2268 Venetiis
2010 2216 2178 2271 1584
2212 2240 2296 2250 —
2328 2207 2700 2268 Francisco
2733 2209 2992 2269 Jacobs

1710 2315 1909 2373 congr.
1943 2296 2138 2355 olivet.
2171 2296 2548 2372 Trajectensi,
2602 2298 2706 2372 qui
2756 2298 2994 2373 scripsit

1711 2388 1781 2445 de
1814 2386 1978 2443 modo
1999 2386 2309 2444 visitandi:
2343 2385 2661 2445 Rodericus
2681 2387 2988 2446 Fernan-

1710 2475 1748 2534 d
1765 2495 1796 2534 e
1811 2495 1841 2533 z
1872 2474 1944 2533 de
1965 2474 2308 2533 santa-Ena
2338 2475 2555 2533 artium
2578 2483 2639 2534 et
2654 2476 2991 2553 theologiae

1708 2564 2011 2640 magister,
2045 2564 2492 2638 protonotarius
2539 2564 2900 2639 apostolicus
2932 2570 2991 2623 et

1709 2653 1940 2730 Hispali
1970 2653 2033 2711 in
2054 2652 2511 2729 metropolitana
2541 2653 2783 2713 ecclesia
2815 2672 2990 2714 cano-

1710 2745 1882 2803 nicus
1896 2742 2195 2817 simulque
2204 2742 2648 2802 archidiaconus
2658 2744 2992 2819 reginensis

1712 2831 1773 2914 (†
1814 2829 2024 2912 1509),
2066 2831 2223 2907 juris
2255 2832 2520 2890 canonici
2559 2832 2991 2907 professoribus

1709 2921 2029 2998 collegium
2059 2938 2298 2996 unaque
2330 2920 2780 2996 disciplinarum
2799 2921 2990 2981 omni-

1711 3031 1813 3070 um
1844 3009 2197 3069 academiam
2237 3010 2473 3086 Hispali
2513 3010 2715 3069 erexit.
2762 3011 2994 3070 Oratio·

1710 3120 1845 3160 nem
1879 3098 2092 3158 habuit
2111 3116 2305 3157 coram
2329 3098 2492 3158 Sixto
2511 3098 2610 3162 lV.
2640 3099 2709 3157 de
2727 3102 2995 3176 mysterio

1709 3191 1902 3248 crucis
1931 3191 1992 3247 et
2008 3187 2226 3246 Christi
2245 3187 2538 3262 passione,
2560 3188 2776 3247 Romae
2807 3198 2991 3251 1477.

1710 3277 2070 3353 compilavit
2099 3277 2530 3336 vocabularium
2561 3278 2994 3336 ecclesiasticum

1711 3367 1932 3443 partim
1982 3366 2174 3425 latina
2221 3365 2438 3440 partim
2489 3365 2736 3441 hispana
2784 3366 2994 3442 lingua

1712 3456 2021 3531 scriptum,
2068 3454 2302 3530 Hispali
2358 3464 2522 3517 1499
2570 3456 2632 3513 in
2664 3455 2733 3524 f.;
2798 3465 2991 3524 15503

1711 3544 2210 3620 Caesaraugustae
2239 3553 2434 3613 15493
2468 3544 2659 3602 Toleti
2689 3553 2884 3612 15593
2919 3543 2992 3602 ab

1710 3633 2028 3691 Eustachio
2061 3631 2254 3691 Moro
2286 3632 2359 3691 de
2378 3633 2696 3692 Cervantes
2728 3633 2990 3709 locuple-

1712 3725 1907 3781 tatum
1939 3725 1998 3779 et
2029 3722 2103 3779 ab
2134 3722 2436 3780 erroribus
2469 3725 2814 3790 correctum,
2863 3721 2990 3780 Sal-

1711 3811 2000 3869 manticae
2049 3820 2244 3878 1561;
2295 3811 2592 3886 Compluti
2645 3820 2806 3874 1572
2857 3811 2918 3869 in
2952 3811 2989 3867 f.

378 3901 647 3971 Salutiis,
688 3910 889 3969 150ος
950 3910 1133 3963 1507.
1184 3933 1267 3946 --
1318 3898 1656 3958 Theodorus
1711 3900 1943 3960 citatur
1986 3898 2138 3957 illud
2185 3898 2438 3958 subinde
2471 3900 2732 3958 Santella
2775 3918 2991 3977 cogno-

378 3990 705 4050 Sovicus
737 3985 973 4070 (Suigo)
996 3987 1285 4048 O.Praed.
1319 3987 1657 4064 theologiae
1714 3989 2021 4048 minatum.
2085 4022 2173 4030 —
2221 3987 2609 4063 Raymundus
2670 3989 2993 4049 Perault

377 4080 657 4156 magister
687 4079 928 4154 scripsit
963 4078 1426 4151 Confessionario
1459 4076 1654 4136 utilis·
1712 4077 2040 4158 (Peraldus,
2092 4077 2342 4146 Peraud‚
2389 4078 2701 4153 Peyraudi‚
2739 4079 2993 4137 Peraudi

381 4168 531 4226 simo
562 4189 598 4227 a
627 4169 768 4245 ogni
799 4186 1064 4243 persona,
1099 4166 1416 4225 Mediolani
1460 4176 1654 4235 14963
1712 4163 1848 4246 etc.)
1883 4167 2103 4235 Gallus,
2121 4166 2484 4242 aliquamdiu
2500 4167 2563 4225 Ο.
2582 4167 2637 4226 S.
2655 4169 2822 4244 Aug„
2858 4168 2995 4236 ,vir

384 4266 582 4327 15053
652 4265 834 4320 1518.
910 4290 996 4300 —-
1058 4256 1260 4314 Celsus
1321 4256 1477 4314 Mas
1487 4256 1517 4314 f
1526 4274 1657 4314 eus
1703 4259 1879 4334 juxta
1908 4256 2300 4314 Trithemium
2331 4255 2527 4315 chron.
2571 4255 2882 4332 Sponhem.
2917 4257 2992 4315 ad

383 4342 751 4426 (Maphaeus)
785 4346 949 4404 Cano.
981 4364 1101 4421 reg.
1135 4345 1220 4403 lat
1251 4341 1311 4423 (†
1338 4341 1531 4425 1503)
1565 4364 1656 4404 re·
1711 4367 1760 4405 a.
1801 4354 1988 4416 1505,
2032 4345 2161 4404 vita
2192 4348 2252 4403 et
2282 4345 2546 4403 moribus
2579 4346 2990 4404 sanctissimus

376 4434 552 4509 liquit
585 4442 1007 4493 monumentum
1037 4434 1515 4510 compendiosum
1547 4453 1655 4510 pro
1711 4439 1773 4495 et
1803 4436 1962 4495 omni
1995 4435 2342 4511 integritate
2389 4435 2767 4511 conspicuus,
2807 4434 2989 4510 justi·

379 4524 859 4592 confessionibus,
894 4523 1105 4582 Romae
1144 4533 1335 4592 14783
1392 4533 1552 4587 1491
1594 4524 1657 4582 in
1711 4526 1832 4584 tiae
1863 4525 2059 4584 cultor
2090 4543 2358 4599 magnus,
2406 4524 2699 4584 honorum
2743 4527 2806 4582 et
2841 4523 2990 4581 divi-

380 4748 648 4802 deutsche
689 4747 1495 4818 Augustiner-Kongregation
1539 4747 1656 4801 und

375 4820 501 4875 Joh.
530 4836 639 4872 von
666 4820 985 4888 Staupnitz,
1014 4819 1200 4874 Gotha
1227 4824 1365 4876 1879
1410 4836 1464 4888 p.
1492 4824 1560 4876 79
1586 4836 1657 4874 ss.

1709 4615 1930 4673 tiarum
1961 4616 2335 4688 contemptor
2352 4613 2616 4671 omnium
2637 4613 2993 4671 constantis·

1792 4825 1828 4890 ¹)
1858 4820 1940 4873 Cf.
1967 4821 2095 4873 Affo
2137 4818 2407 4873 Memor-ie
2448 4818 2602 4890 degli
2643 4817 2820 4872 scritt.
2873 4835 2992 4885 par.

378 4893 562 4950 notat:
615 4891 854 4947 Janicke
893 4909 943 4945 a.
984 4891 1039 4944 d.
1083 4890 1162 4944 Bi.
1203 4891 1400 4954 XXVI,
1442 4896 1541 4949 661
1587 4908 1656 4946 ss.
1711 4891 1849 4961 mig,
1879 4892 1973 4955 111,
2001 4896 2227 4948 79—94.
