3475 5364
532 346 696 400 1523
1255 332 1626 386 1541—1563.
1652 329 1919 383 Historia.
1947 328 2170 384 Conrad
2196 328 2405 393 Braun,
2976 342 3145 398 1524

523 515 671 591 ejuS,
705 515 856 574 istos
889 534 923 572 a
954 515 1078 573 suis
1112 514 1374 573 ecclesiis
1405 518 1467 573 et
1497 514 1802 574 beneficiis
1859 514 1973 574 sibi
2005 515 2070 573 in
2100 513 2493 574 conscientiae
2533 513 2959 573 moderatorem
2992 514 3145 572 sele-

522 603 1594 673 ecclesiasticisexcludentes,Parisiis
1616 613 1803 675 15523
1859 603 1951 681 git
1984 600 2045 684 (†
2080 612 2181 666 24.
2215 603 2254 661 J
2258 623 2358 665 un.
2398 600 2611 683 1553),
2646 607 2709 661 et
2740 603 3142 679 Hieronymus

530 702 694 756 1553
714 714 729 764 3
800 704 826 754 1
843 702 986 756 563.
1051 725 1136 736 -
1197 693 1455 752 Joannes
1516 693 1563 751 G
1584 693 1664 751 ui
1683 713 1715 751 e
1734 713 1804 751 n·
1862 692 2198 762 Quirinu
2215 712 2242 751 s
2275 691 2609 769 patriarcha
2639 696 2889 751 venetus
2920 692 3140 769 (15243

522 800 551 840 c
568 801 601 840 0
617 801 658 840 u
674 801 705 839 r
720 787 747 839 t
779 782 1213 852 Gallus,clarus
1226 783 1609 852 ecclesiastae,
1627 801 1804 856 quem
1861 781 1896 849 †
1937 791 2031 845 13.
2082 782 2213 840 Dec.
2263 778 2478 863 1554),
2526 783 2780 856 uterque
2827 781 2891 840 Ο.
2936 781 3139 839 Praed.

521 871 813 930 Henricus
829 871 1159 947 Delphinus
1170 876 1374 947 postea
1384 890 1482 930 rex
1496 871 1717 930 Galliae
1727 869 1803 929 ΙΙ.
1862 874 1970 932 etc.

1180 1168 1324 1266 III.
1392 1168 1809 1266 Historia
1874 1168 2517 1266 ecclesiastica.

615 1414 758 1468 695.
793 1404 1183 1466 Conradus
1215 1405 1523 1463 Brunus
1547 1399 1801 1484 (Braun)
1864 1404 2349 1463 constitutionem
2395 1406 2457 1462 et
2505 1403 2956 1472 ordinationem,
2992 1421 3145 1478 quae

534 1493 686 1563 ,vir,
714 1493 915 1569 judice
947 1494 1040 1551 Po
1060 1493 1389 1561 ssevino,
1425 1496 1664 1551 aeterna
1681 1511 1803 1551 me·
1861 1493 2090 1568 placuit
2120 1496 2180 1551 et
2211 1493 2536 1568 approbata
2581 1492 2713 1552 fuit.
2776 1492 2813 1551 J
2820 1512 2916 1551 am
2947 1510 3144 1551 sacros

524 1581 716 1641 moria
747 1581 1026 1658 dignus,‘
1062 1583 1291 1658 primus
1322 1582 1457 1651 fuit,
1492 1582 1596 1658 qui
1617 1600 1678 1640 se
1699 1599 1803 1658 op·
1861 1588 2203 1657 susceperat
2221 1582 2458 1641 ordines
2475 1583 2785 1657 factusque
2799 1585 2889 1640 est
2905 1582 3144 1640 canoni-

525 1674 773 1748 poneret
821 1672 1062 1729 famosis
1113 1671 1805 1730 centuriatoribus
1861 1689 1962 1730 cus
1994 1671 2364 1747 frisingensis
2399 1669 2644 1753 (1546).
2697 1672 2838 1730 Post
2870 1671 3013 1729 alias
3044 1689 3141 1729 oc-

523 1759 1141 1837 magdeburgensibus
1158 1756 1222 1839 ¹).
1286 1760 1483 1818 Natus
1533 1763 1627 1819 est
1657 1760 1802 1819 Con·
1860 1761 2206 1836 cupationes
2257 1765 2317 1818 et
2367 1779 2614 1819 munera
2662 1763 3004 1834 assumptus
3049 1763 3146 1818 est

523 1850 705 1908 radus
725 1849 1111 1908 Kirchheimii
1133 1849 1205 1907 ad
1228 1849 1519 1908 Necarum
1540 1869 1588 1907 a.
1626 1857 1804 1911 1491.
1861 1849 1926 1907 in
1976 1849 2394 1908 cancellarium
2445 1850 2517 1907 ab
2565 1850 2782 1908 Ottone
2823 1848 3146 1909 Truchsess

524 1940 786 1998 Obtenta
816 1938 1020 1997 laurea
1039 1938 1100 1997 in
1120 1938 1422 2014 theologia
1453 1941 1515 1996 et
1546 1941 1806 2012 utroque
1863 1938 2150 1997 cardinali
2182 1943 2529 2015 augustano.
2581 1939 2756 1997 Forte
2788 1938 2863 1995 ob
2895 1937 3144 1996 nimiam

513 2029 650 2102 jure
680 2028 743 2085 in
777 2028 1073 2086 academia
1102 2027 1436 2103 tubingana
1466 2027 1805 2085 cathedram
1860 2028 1921 2086 in
1985 2027 2281 2087 studendo
2347 2028 2788 2086 contentionem
2835 2027 3147 2085 oculorum

515 2117 672 2192 juris
703 2117 856 2174 rexit
885 2110 1115 2198 (1521)
1158 2118 1338 2191 atque
1370 2119 1656 2175 rectorem
1690 2116 1802 2174 ibi·
1861 2117 2065 2175 lumen
2087 2113 2552 2197 amisit(1561):
2579 2116 2739 2192 quod
2753 2116 2808 2174 ei
2823 2119 3024 2175 tamen
3056 2115 3145 2173 fe·

523 2206 653 2264 dem
686 2205 809 2281 egit
847 2214 1210 2268 1523—24.
1273 2204 1502 2263 Relicta
1546 2225 1593 2263 a.
1638 2213 1801 2267 1526
1861 2205 2059 2264 liciter
2090 2207 2322 2281 peritus
2360 2206 2631 2264 medicus
2663 2225 2713 2264 a.
2747 2205 3018 2279 sequenti
3050 2223 3145 2262 re-

522 2295 718 2354 schola
750 2294 1020 2370 episcopo
1053 2294 1324 2353 adhaesit
1342 2295 1806 2370 wirceburgensi
1862 2295 2082 2353 stituit.
2145 2295 2289 2353 Cum
2335 2313 2403 2354 eo
2434 2299 2699 2369 tempore
2731 2294 2966 2353 Flacius
2994 2293 3145 2369 Illy-

523 2383 783 2442 Conrado
829 2384 900 2441 de
942 2383 1248 2460 Thungen,
1296 2383 1393 2441 cui
1437 2383 1553 2442 fuit
1599 2402 1635 2442 a
1664 2401 1804 2441 con·
1861 2383 2014 2443 ricus
2049 2402 2184 2443 cum
2217 2384 2346 2443 aliis
2375 2402 2509 2443 suas
2528 2384 2803 2459 vulgaret
2820 2382 3142 2453 centurias,

523 2473 673 2542 silio,
726 2472 863 2531 dein
912 2477 975 2530 et
1024 2474 1151 2546 ejus
1201 2472 1614 2531 cancellarius:
1665 2471 1804 2530 inde
1860 2474 2104 2531 Brunus
2136 2477 2381 2549 rogatus
2413 2493 2447 2531 a
2478 2473 2761 2531 cardinali
2781 2472 2853 2530 de
2869 2491 2975 2531 suo
2990 2472 3146 2530 circa

520 2562 760 2620 transiit
776 2561 1003 2635 Spiram
1032 2579 1294 2620 assessor
1319 2561 1528 2636 judicii
1545 2579 1803 2620 camerae
1859 2561 1969 2619 hoc
2016 2580 2168 2638 opus
2209 2561 2437 2637 judicio
2481 2562 2771 2638 prolixam
2818 2561 3144 2620 elaboravit

521 2650 843 2728 imperialis
871 2646 1099 2733 (1533)
1131 2671 1166 2710 a
1196 2650 1413 2710 circulo
1446 2650 1804 2710 Franconiae
1860 2668 2187 2722 censuram,
2222 2670 2373 2727 quae
2405 2651 2480 2711 ob
2511 2670 2676 2710 suam
2719 2650 3135 2726 praestantiam

521 2742 763 2800 electus.
801 2740 1049 2815 Propter
1081 2741 1440 2816 singularem
1474 2740 1639 2798 illius
1672 2746 1803 2798 tum
1860 2744 1996 2815 post
2026 2743 2155 2816 ejus
2189 2744 2435 2800 mortem
2468 2741 2632 2817 typis
2664 2739 3138 2799 fuittraditahac

521 2831 585 2889 in
617 2829 843 2905 agendo
887 2830 1017 2886 tum
1063 2830 1124 2886 in
1158 2828 1480 2904 judicando
1513 2829 1802 2888 excellen-

520 2920 663 2977 tiam
696 2919 758 2975 in
790 2918 1155 2993 praefectum
1188 2937 1294 2976 seu
1325 2922 1633 2992 regentem
1665 2936 1801 2976 can·

519 3008 791 3066 cellariae
824 3010 1130 3081 promotus
1163 3011 1271 3065 est.
1305 3006 1590 3065 Interfuit
1621 3007 1801 3065 collo-

518 3096 660 3171 quio
692 3095 1095 3154 wormatiensi
1147 3092 1393 3176 (1540),
1447 3096 1508 3153 in
1543 3114 1660 3171 quo
1693 3096 1802 3154 Ec-

519 3185 725 3244 clesiae
758 3202 993 3242 causam
1026 3185 1261 3261 egregie
1306 3184 1430 3261 egit
1460 3188 1614 3243 teste
1663 3185 1801 3244 Mo·

517 3293 549 3332 r
569 3293 706 3333 one
755 3274 974 3333 nuncio
1006 3274 1343 3349 apostolico,
1377 3279 1438 3332 et
1468 3293 1588 3333 non
1620 3275 1804 3334 semel

519 3363 753 3439 imperii
788 3362 1059 3422 comitiis
1121 3364 1210 3422 Ne
1257 3365 1463 3423 contra
1503 3363 1800 3422 conscien-

516 3453 662 3511 tiam
696 3457 756 3511 et
771 3451 1071 3528 justitiam
1095 3457 1409 3529 cogeretur
1442 3453 1799 3511 sententiam

518 3542 627 3617 pro
662 3541 1135 3616 protestantibus
1168 3547 1339 3611 ferre,
1387 3543 1491 3616 qui
1538 3542 1648 3600 sibi
1676 3542 1800 3617 jam

516 3631 767 3690 nimium
800 3635 1238 3706 usurpaverant
1267 3635 1329 3689 et
1361 3651 1396 3689 a
1416 3632 1658 3690 Caesare
1690 3631 1799 3689 mi·

515 3721 610 3778 nis
674 3724 736 3779 et
796 3721 1063 3779 excitatis
1138 3721 1336 3779 turbis
1405 3722 1798 3790 extorserant,

519 3811 752 3870 muneri
783 3828 888 3868 suo
921 3809 1296 3868 renunciavit
1315 3805 1375 3888 (1
1393 3805 1565 3889 542).
1598 3809 1687 3868 Ob
1706 3809 1800 3867 in·

516 3900 745 3976 signem
778 3903 978 3957 tamen
1016 3899 1173 3974 juris
1218 3899 1494 3974 perit-iam
1538 3902 1799 3973 postmo-

1858 2830 2267 2904 inscriptione:
2284 2829 2586 2889 Adversus
2603 2849 2816 2889 novam
2833 2830 3144 2888 historiam

1859 2918 2327 2989 ecclesiasticam,
2363 2938 2544 2994 quam
2564 2918 2843 2977 Matthias
2864 2918 3145 2994 Illyricas

1859 3013 1920 3066 et
1951 3009 2082 3083 ejus
2129 3009 2388 3084 collegae
2423 3007 2808 3085 Magdeburgi
2858 3026 2962 3083 per
3005 3025 3146 3065 cen-

1857 3097 2048 3155 turias
2081 3117 2274 3172 nuper
2322 3096 2654 3168 ediderunt,
2704 3116 2780 3156 ne
2826 3097 3147 3172 quisquam

1857 3186 1980 3244 illis
2012 3188 2203 3245 malae
2249 3186 2384 3244 fidei
2429 3186 2730 3245 historicis
2776 3186 2948 3245 novis
2979 3185 3141 3254 fidat,

1858 3277 2178 3334 admonitio
2254 3276 2551 3350 catholica,
2630 3275 2903 3350 Dilingae
2973 3283 3140 3336 1565

1859 3360 2205 3446 (praemissa
2236 3369 2326 3423 est
2355 3366 2485 3440 ejus
2519 3361 2700 3444 vita):
2734 3365 2832 3423 cui
2863 3362 3145 3439 opposuit

1857 3454 2092 3512 Flacius
2133 3455 2558 3528 Refutationem
2587 3456 2891 3512 invectivae
2924 3453 3139 3528 Bruni,

1859 3543 2123 3601 Basileae
2184 3553 2300 3606 156
2314 3555 2367 3602 6.
2434 3542 2620 3601 Senex
2683 3563 2717 3601 a
2766 3540 3142 3601 Ferdinando

1855 3631 1997 3707 imp.
2032 3632 2434 3708 Oenipontum
2484 3631 2604 3690 fuit
2652 3636 2897 3691 vocatus
2944 3631 3008 3689 in
3038 3649 3142 3688 ne·

1857 3721 2043 3797 gotiis
2075 3741 2181 3796 pro
2214 3721 2467 3780 concilio
2500 3721 2847 3782 tridentino,
2884 3719 3143 3778 Fortiter

1857 3813 1918 3868 et
1971 3810 2300 3886 prudenter
2348 3828 2482 3868 cum
2531 3810 2587 3869 b.
2621 3810 2852 3868 Canisio
2904 3828 3144 3868 causam

1856 3899 1981 3975 egit
2030 3898 2327 3958 Ecclesiae
2389 3899 2707 3958 catholicae
2757 3916 2950 3975 neque
3013 3899 3142 3956 sine

516 3989 658 4046 dum
693 3988 765 4046 ab
798 3989 1151 4062 imperatore
1183 4006 1316 4045 cum
1339 3988 1601 4048 Conrado
1622 3987 1802 4047 Visch
1856 3988 2075 4058 fructu,
2113 4008 2321 4048 verum
2370 3989 2433 4045 in
2464 3988 2662 4046 reditu
2707 3987 3012 4046 laboribus
3044 4005 3142 4044 ex-

515 4096 563 4135 a.
627 4086 790 4139 1548
844 4077 1066 4134 electus
1130 4082 1222 4134 est
1272 4077 1346 4135 ad
1394 4096 1603 4135 novam
1658 4096 1798 4135 con·
1856 4078 2107 4136 haustus
2185 4078 2476 4137 Monachii
2553 4078 2809 4136 animam
2883 4075 3144 4134 reddidit

517 4165 873 4224 cinnandam
912 4165 1126 4240 judicii
1171 4184 1429 4224 camerae
1472 4166 1797 4241 imperialis
1857 4166 2120 4225 Creatori
2138 4186 2246 4225 suo
2268 4167 2529 4228 20.Jun.
2558 4175 2721 4229 1563
2741 4187 2789 4224 a.
2806 4165 3019 4224 aetatis
3042 4174 3140 4228 72.

1857 4255 1990 4313 Alia
2036 4257 2275 4333 egregia
2319 4257 2549 4330 scripta
2593 4251 2983 4336 composuit¹)
3036 4253 3142 4313 ad-

1856 4363 2067 4403 versus
2099 4349 2510 4420 protestanteS‚
2561 4349 2631 4403 ut
2681 4344 2946 4421 dialogos
2981 4340 3140 4423 (ger-

597 4392 630 4458 ¹)
683 4388 765 4443 Cf.
817 4387 886 4442 de
937 4388 1387 4442 centuriatorum
1451 4387 1690 4443 consilio
1744 4390 1802 4442 et
2005 4434 2016 4445 .
2174 4436 2184 4446 .
2336 4435 2348 4447 .
2826 4432 2838 4444 .

516 4476 686 4529 opere
710 4460 739 4512 J
747 4477 824 4513 os.
852 4460 901 4512 N
909 4459 1166 4515 iembller
1183 4459 1449 4514 Zeitschr.
1468 4461 1507 4516 f.
1526 4461 1580 4513 k.
1600 4460 1797 4515 Theol.
1857 4431 2134 4518 mamm)
2169 4454 2234 4493 ¹¹²
2249 4436 2467 4511 (imbus
2483 4437 2947 4508 Psotesoentlum
2963 4451 3141 4491 usur'
3209 4467 3214 4472 ’

514 4532 618 4586 ΧΠ
644 4535 842 4602 (1888),
872 4536 1086 4588 75-115.
1115 4543 1181 4573 -·
1210 4531 1612 4596 Quaestionem
1640 4549 1799 4600 prae·
1858 4524 2126 4597 pationes
2172 4527 2233 4582 et
2276 4524 2488 4600 agendi
2535 4523 2777 4581 modum
2810 4525 3014 4581 contra
3045 4540 3141 4580 ca-

514 4603 665 4656 viam
694 4604 767 4656 ad
794 4603 1088 4657 historiam
1135 4603 1568 4657 ecclesiasticam
1596 4606 1798 4656 tracta·
1853 4613 2105 4673 1311011003
2141 4614 2440 4682 inusta-3133
2474 4614 2542 4670 de
2573 4612 2948 4689 leyationibug
2979 4612 3035 4669 ll,
3056 4614 3091 4669 5
3113 4631 3143 4681 ,-

521 4674 607 4728 vit
633 4675 937 4746 Philippus
967 4675 1201 4729 Fanto
1219 4675 1295 4728 ni
1323 4679 1384 4729 Ο.
1412 4675 1564 4729 Cam.
1592 4674 1710 4728 scil.
1737 4679 1800 4729 de

512 4753 718 4802 ratione
744 4750 1029 4802 reducendi
1063 4752 1200 4801 anni
1243 4747 1313 4799 ad
1342 4746 1662 4816 legitimam
1691 4747 1799 4800 for·

512 4835 660 4872 mam
690 4823 746 4872 et
771 4835 1072 4874 numerum
1101 4822 1159 4872 et
1183 4817 1312 4871 aliis
1330 4816 1401 4869 ad
1420 4818 1657 4871 eandem
1677 4834 1796 4872 rem

514 4890 952 4958 pertinentibus,
982 4889 1303 4942 Florentiae
1332 4893 1472 4944 1560
1499 4888 1558 4941 in
1585 4892 1635 4944 8.

1932 4824 1970 4890 ¹)
2000 4819 2171 4873 Plura.
2220 4819 2288 4872 de
2313 4819 2450 4889 ipso'
2467 4818 2629 4872 dabit
2660 4817 2732 4874 N.
2757 4816 2971 4871 Paulus
3007 4816 3142 4871 hist.

1824 4931 1828 4956 ,
1857 4891 2052 4945 Jahrb.
2081 4895 2238 4947 1893.
2266 4890 2412 4952 XIV,
2443 4893 2750 4946 517—549.
