3475 5364
333 374 399 434 11
423 379 499 432 13
791 350 1219 409 controversiae
1246 349 1314 402 de
1343 349 1395 401 b.
1420 346 1632 401 Mariae
1659 345 1727 400 V.
1754 339 2138 413 conceptione.
2165 338 2488 393 Bandellus.
2773 362 2796 412 1
2821 362 2888 412 11
2906 362 2945 413 4

328 551 528 609 batam
559 543 885 622 puritatem
931 539 1363 615 impugnarunt
1408 535 1610 610 plures
1665 532 1786 591 dux
1805 534 1869 590 et
1889 528 2316 605 antesignanus
2349 530 2441 586 est
2472 527 2519 585 V
2539 528 2615 585 in
2630 547 2660 587 c
2675 547 2707 587 e
2723 549 2763 588 n
2779 533 2807 587 t
2822 530 2840 587 i
2858 550 2899 587 ιι
2916 548 2948 588 s

329 658 397 698 ex
430 636 636 698 ordine
669 651 713 692 s.
747 628 1040 690 Dominici
1054 623 1118 710 ¹).
1180 625 1409 685 Horum
1447 623 1612 682 velut
1668 617 2156 694 Bandellus¹)
2208 618 2415 676 Castro
2463 634 2619 675 novo
2669 619 2948 678 dioecesis

1665 708 2036 768 dertonensis
2067 711 2235 767 ortus
2260 727 2308 765 a.
2339 713 2525 775 1435,
2561 706 2667 780 qui
2687 709 2780 766 vix
2804 708 2944 766 ado·

405 866 444 934 ²)
471 859 543 910 W
561 857 582 911 i
597 877 635 929 g
650 873 684 910 a
700 874 738 908 ιι
755 854 791 907 d
810 871 847 907 u
865 870 890 905 s
917 850 987 904 W
1004 850 1103 904 irt
1139 844 1469 919 (Cauponis)
1497 860 1612 897 non
1664 797 1983 857 lescentiae
2027 814 2213 855 annos
2258 795 2556 871 affligenti
2603 796 2866 855 ordinem
2900 816 2949 857 S.

331 938 450 988 tam
478 946 715 1000 operum
761 923 947 995 pretio
993 938 1167 991 quam
1213 914 1613 972 controverfflig
1670 887 1958 946 Dominici
2007 888 2097 945 est
2141 885 2528 960 amplexatae.
2591 884 2702 943 Per
2744 905 2946 945 omnes

330 1002 599 1059 litei-ariis
624 1002 683 1054 et
707 996 923 1070 pugnis
948 998 1139 1056 notus,
1181 989 1386 1044 acriter
1412 987 1482 1040 de
1507 987 1615 1039 hoc
1669 976 1902 1035 scholae
1964 976 2183 1052 gradus
2230 973 2302 1032 ad
2352 973 2599 1049 primam
2650 976 2946 1051 gymnasii

332 1075 670 1147 argumento
722 1065 1072 1138 disputavit:
1122 1064 1204 1116 ita
1247 1062 1444 1116 eontra
1489 1057 1613 1111 Sel-‘-
1667 1064 2049 1127 bononiensis
2068 1063 2400 1122 cathedram
2421 1062 2702 1124 ascendit.
2734 1064 2806 1122 In
2825 1063 2947 1122 dis-

331 1148 581 1289 ?..53023
603 1154 1170 1282 ...maa
1193 1134 1615 1295 saraia:
1669 1153 2086 1256 putaiionmus
2119 1151 2392 1253 mucis,
2428 1170 2575 1228 q...
2606 1152 2955 1228 frequentes

333 1295 530 1346 sionem
568 1290 740 1342 bullae
763 1285 1004 1339 Statinae
1029 1279 1146 1332 sive
1159 1226 1616 1343 qaxtravagantis
1670 1244 1896 1315 habmti
1912 1241 2225 1313 emm0b⁸t2
2238 1244 2301 1300 et
2315 1261 2379 1299 ¹¹1
2393 1260 2600 1300 earum
2616 1261 2751 1313 ¹¹¹²&
2768 1261 2947 1316 quam

339 1361 555 1423 „Grave
582 1356 785 1411 nimis*
816 1355 1015 1409 contra
1040 1351 1093 1405 S.
1121 1348 1300 1402 Brant
1325 1349 1384 1399 et
1422 1358 1616 1398 omnes
1671 1352 1868 1393 coram
1898 1331 2245 1391 Innocentio
2281 1329 2418 1389 VIII
2461 1330 2628 1403 obiit,
2673 1331 2761 1390 ita
2801 1349 2949 1407 pon·

335 1450 468 1488 ⁸⁰0⁸
493 1427 795 1499 0011111110θῦ
819 1426 879 1480 111
907 1419 1220 1477 furibunda
1252 1433 1399 1471 nave
1426 1431 1616 1469 ssessum
1670 1422 1817 1482 tifici
1837 1419 2082 1497 placuit,
2104 1424 2175 1478 ut
2193 1419 2290 1478 hic
2308 1420 2593 1479 continuo
2614 1419 2740 1479 suis
2760 1419 2948 1479 mani·

336 1505 680 1559 fluctuantes
707 1500 878 1556 1498=
912 1495 1112 1550 contra
1151 1491 1427 1546 oelebrem
1473 1484 1617 1539 Tri·
1671 1513 1784 1571 bus
1800 1510 1978 1586 capiti
2011 1509 2199 1585 ipsius
2232 1509 2589 1584 imposuerit
2620 1508 2954 1586 magisterii

334 1578 414 1631 th
431 1592 459 1629 e
477 1572 570 1628 mi
590 1591 627 1627 u
647 1590 719 1636 m,
749 1571 816 1624 ut
839 1566 991 1621 infra
1016 1561 1393 1623 narrabimus,
1421 1561 1618 1612 contra
2174 1598 2186 1610 ,
2767 1598 2778 1610 ·
2848 1599 2859 1610 .
2914 1599 2925 1610 ⁵

337 1647 531 1718 plures
571 1650 626 1699 i'n
663 1645 875 1708 dialoyo
895 1640 1210 1707 apologetico
1244 1641 1428 1687 contra
1459 1647 1618 1683 wesa-
1671 1602 1952 1659 lauream·
1973 1599 2095 1658 Nec
2109 1616 2307 1656 minus
2322 1602 2500 1673 aptus
2515 1602 2645 1656 emt
2657 1617 2949 1676 regimim,

336 1722 589 1774 lianicam
606 1716 893 1784 per-fidium
914 1710 1089 1777 atque
1111 1706 1165 1760 d.
1188 1702 1404 1759 ordinis
1421 1699 1617 1754 Praed.
1674 1690 1811 1748 hinc
1830 1689 1903 1748 ad
1925 1706 2259 1764 supremam
2282 1687 2506 1745 ordinis
2525 1688 2951 1763 praefecturam

338 1790 744 1861 persecutores,
788 1785 846 1836 et
871 1781 1100 1836 demum
1129 1778 1327 1832 contra
1367 1788 1476 1836 eos,
1519 1771 1619 1838 qui
1674 1778 1942 1838 unanimi
1973 1778 2293 1836 electorum
2326 1776 2609 1852 suffragio
2663 1786 2760 1840 20,
2815 1777 2951 1852 maj·

341 1862 410 1916 de
462 1856 834 1927 ⁰⁰¹¹oepffi⁰ne
884 1847 1445 1905 immaculatimmae
1497 1842 1621 1895 Vir‘
1684 1879 1841 1932 1501
1914 1867 2030 1924 suit
2090 1868 2347 1926 evectus.
2411 1867 2543 1924 Mox
2598 1867 2795 1943 gregis
2856 1866 2951 1923 sui

338 1932 492 2005 ginis
530 1930 677 1983 male
719 1925 993 1988 sentiunt,
1024 1915 1421 1990 Oppenheimii
1470 1914 1623 1967 intra
1676 1958 1706 2015 f
1773 1956 1785 1969 ,
2072 1956 2084 1968 ,
2618 1955 2629 1966 ·
2801 1955 2813 1967 ο

340 2007 616 2062 1503—6:
676 2000 873 2052 contra
924 1994 1088 2048 Joan,
1140 1991 1331 2060 spen
1350 2006 1387 2056 g
1409 1986 1516 2040 ιω.
1566 1985 1624 2038 et
1703 1975 1884 2017 aciem
1917 1958 2266 2033 cogniturus
2299 1973 2369 2012 ex
2389 1955 2542 2013 Urbe
2576 1954 2849 2014 discessit
2878 1954 2952 2013 ad

340 2077 538 2130 contra
563 2074 765 2126 fratres
792 2070 856 2124 Ο.
877 2065 1045 2126 Min.;
1073 2066 1271 2117 contra
1298 2057 1619 2113 Conradum
1678 2044 2004 2105 visitandas
2035 2044 2371 2120 provincias
2403 2061 2509 2120 per
2538 2043 2793 2115 Italiam,
2816 2043 2959 2102 Gal·

340 2146 392 2201 H
408 2163 438 2201 e
455 2164 492 2199 n
509 2162 534 2199 s
549 2144 633 2199 el.
684 2142 793 2195 Hic
818 2141 880 2194 in
901 2136 1273 2193 universitate
1300 2128 1623 2184 erfordiana
1675 2136 1836 2204 liam,
1849 2133 2515 2211 Belgium‚Gffl-maniam
2534 2133 2959 2209 etflispaniam·

341 2216 743 2359 {amasa
766 2210 1065 2353 {aaa
1079 2200 1622 2342 <grassaris
1676 2224 1929 2326 aa...
1961 2223 2026 2281 111
2044 2222 2277 2280 stanam
2298 2222 2535 2280 ab...
2558 2218 2952 2303 (Ammonia)

343 2356 730 2415 Grisvaldensi
758 2373 826 2409 ss.
870 2352 1065 2406 literas
1108 2348 1316 2402 docens
1355 2359 1622 2412 magnam
1676 2333 1740 2372 ¹¹²
1771 2332 1953 2390 regno
1983 2311 2362 2411 neaPOHtano
2405 2312 2571 2387 gravi
2603 2311 2808 2371 morbo
2840 2310 2957 2369 fuit

342 2428 683 2487 eruditionis
733 2424 976 2497 gloriam
1025 2417 1354 2489 acquisivit.
1416 2416 1621 2468 Factus
1675 2406 2002 2477 correptus,
2029 2420 2126 2459 cui
2148 2400 2463 2459 succubuit
2484 2409 2583 2462 27.
2605 2404 2757 2477 Aug.
2786 2412 2811 2463 1
2828 2410 2957 2463 506

343 2507 429 2557 est
451 2501 664 2557 ibidem
689 2498 752 2552 in
773 2495 1046 2551 facultate
1066 2492 1277 2546 artium
1298 2488 1546 2542 decanus
1566 2488 1624 2538 et

343 2579 480 2632 1461
534 2566 925 2626 universitatis
975 2568 1174 2618 rector.
1251 2557 1443 2613 Rediit
1493 2559 1624 2626 post

341 2646 566 2716 aliquot
591 2658 771 2698 annos
810 2639 868 2694 in
898 2635 1143 2708 patriam
1185 2648 1345 2687 suam
1373 2627 1622 2701 (Caesel).
1676 2627 1809 2681 hist.
1863 2627 2154 2682 Jahrbuch
2220 2628 2358 2684 1897
2443 2667 2455 2679 .
2508 2629 2807 2689 759-792,
2859 2625 2956 2678 sed

346 2716 714 2773 Postmodum
755 2715 936 2780 (1474)
973 2708 1088 2762 fuit
1123 2703 1405 2776 parochus
1441 2704 1500 2755 et
1537 2717 1621 2753 ca-
1677 2716 1806 2753 cum
1834 2696 2331 2753 emendationibus
2416 2737 2428 2749 .
2457 2696 2669 2751 Paulus
2707 2696 2782 2750 ib.
2800 2700 2961 2754 1898.

347 2789 583 2844 nonicus
621 2779 1142 2844 francofordiensis,
1183 2776 1284 2845 qui
1323 2775 1622 2828 accusatus
1676 2771 1821 2835 XIX,
1849 2773 2148 2827 iol—108.
2176 2769 2338 2825 Falso
2358 2771 2553 2823 autem
2566 2768 2740 2822 refert
2753 2767 2960 2822 Jocher

344 2878 377 2914 a
403 2859 676 2915 frati-ibus
702 2851 1083 2911 dominicanis
1106 2848 1263 2919 apud
1291 2846 1622 2916 episcopum
1677 2843 1773 2908 IV,
1840 2846 1977 2899 2021
2045 2840 2136 2894 W.
2205 2840 2357 2895 Wirt
2420 2842 2640 2911 partem
2692 2839 2958 2893 habuisse

346 2930 867 3004 argentoratensem
912 2925 1176 2980 defensus
1218 2919 1332 2972 fuit
1370 2934 1403 2971 a
1429 2915 1623 2971 Sebas·
1677 2914 1739 2968 in
1791 2913 1990 2967 fraude
2052 2911 2169 2977 illa,
2222 2928 2368 2981 quae
2430 2914 2572 2966 teste
2623 2910 2694 2964 N.
2744 2910 2967 2964 Paulus

346 3004 503 3058 tiano
552 3002 799 3064 Erant,
852 2999 912 3051 et
960 2995 1104 3048 liber
1153 2990 1436 3044 dimissus.
1486 2986 1625 3042 Erat
1679 2985 1787 3039 Ein
1835 2983 2183 3041 Justizmord
2234 3000 2309 3037 an
2348 2983 2468 3038 vier
2507 2981 2960 3050 Dominikanern

344 3075 713 3130 concionator
755 3086 789 3123 a
833 3067 1049 3138 populo
1089 3064 1334 3119 libenter
1373 3058 1621 3120 auditus,
1675 3058 1992 3127 begangen,
2041 3055 2353 3110 Frankfurt
2387 3058 2542 3119 1879,
2588 3052 2958 3123 injustissime

345 3147 621 3280 gurzvist'et
639 3142 826 3267 gomis,
861 3133 1622 3264 cuitgl‘rithemlilusegpteeratilg
1678 3128 2358 3258 θκρῖρῶιιωίυἱιῗὺιιδιιὸἳ.
2375 3125 2573 3180 Praed.
2590 3124 2960 3250 bez-nenfiibus

464 3234 526 3269 ui
597 3227 944 3269 ucommen
1007 3223 1197 3261 riain
1282 3243 1294 3256 .
1382 3220 1520 3255 nn
1608 3218 1728 3254 ·a.
1811 3222 1844 3256 ο
2026 3218 2202 3254 ι.-
2288 3213 2749 3253 eerumconra
2849 3213 2960 3248 an·

345 3306 490 3352 rum,
541 3287 603 3340 in
654 3282 875 3339 cantica
926 3280 1297 3338 canticorum,
1359 3274 1624 3345 psalmos,
1680 3272 1964 3326 delluin
2028 3270 2257 3337 scripsit
2318 3269 2490 3323 etiam
2542 3267 2970 3339 Philippus

347 3357 734 3429 apocalypsim
753 3345 1626 3425 etc.(†1·2.Mart.1505).Frustra
1680 3343 1729 3396 K
1749 3361 1777 3397 e
1794 3360 1862 3397 rs
1881 3342 1995 3396 bel
2013 3342 2068 3396 li
2086 3361 2124 3397 u
2141 3358 2166 3394 s
2212 3341 2378 3412 belga
2404 3340 2467 3395 O.
2497 3339 2679 3393 Carm.
2707 3343 2754 3408 (ψ
2780 3342 2958 3404 1485),

347 3431 726 3502 protestantes
752 3443 881 3480 eum
909 3423 1026 3478 suis
1042 3418 1505 3492 praecursoribus
1533 3415 1628 3468 ad·
1681 3416 1846 3485 cujus
1890 3416 1960 3469 tr.
2006 3415 2075 3466 de
2102 3411 2473 3483 conceptione
2510 3411 2882 3464 immaculata
2906 3411 2959 3464 b.

348 3502 671 3556 numerant.
699 3497 782 3551 Cf.
808 3498 867 3551 F.
895 3494 1079 3565 F(alk)
1107 3488 1380 3545 Katholik
1401 3491 1542 3545 1899
1557 3488 1627 3553 ΙΙ,
1680 3486 1892 3540 Mariae
1919 3486 1985 3540 V.
2013 3500 2128 3538 non
2155 3484 2384 3538 videtur
2409 3482 2699 3553 prodiisse.

356 3576 658 3631 526-538.
710 3569 818 3623 Sed
870 3570 938 3621 ut
984 3565 1057 3619 ad
1115 3562 1263 3615 Wirt
1312 3562 1625 3623 redeamus,
1762 3563 1796 3629 ¹)
1850 3558 2317 3612 Matthaeus
2378 3553 2826 3608 Bandellus
2889 3554 2958 3607 de

348 3647 470 3716 ejus
522 3643 788 3712 dialogus
849 3634 1241 3709 apologeticus
1293 3631 1626 3702 Moguntiae
1683 3629 2048 3693 Castronovo,
2074 3644 2109 3681 a
2135 3628 2325 3697 patria
2350 3624 2716 3680 Dertonensis
2754 3623 2962 3687 dictus,

349 3720 489 3774 1526
515 3715 630 3769 fuit
655 3709 995 3784 prohibitus,
1042 3704 1387 3776 exemplaria
1414 3702 1627 3770 ubique
1682 3701 1898 3772 pariter
1925 3702 1987 3756 O.
2016 3699 2234 3763 Praed„
2261 3698 2374 3753 fuit
2399 3698 2522 3766 ejus
2549 3695 2857 3751 fratruelis.
2911 3699 2958 3748 A

349 3786 673 3857 conquisita
713 3786 771 3839 et
805 3781 932 3854 igni
958 3778 1188 3835 tradita.
1238 3775 1474 3831 Interim
1501 3790 1627 3827 con·
1682 3787 1860 3843 puero
1889 3771 2253 3843 politioribus
2294 3769 2470 3824 musis
2506 3768 2840 3832 innutritus,
2867 3783 2961 3820 eas

349 3859 623 3915 troversia
649 3874 779 3911 cum
805 3854 894 3909 tot
917 3849 1256 3907 adversariis
1282 3848 1519 3902 Romam
1545 3848 1630 3899 est
1682 3845 1950 3913 deinceps
1978 3861 2076 3913 per
2095 3844 2272 3897 totam
2295 3841 2474 3895 vitam
2494 3839 2674 3895 coluit
2689 3839 2971 3909 impense..

347 3932 537 3985 delata
563 3947 628 3984 ao
649 3929 880 3983 demum
900 3929 1040 3981 1512
1060 3923 1179 3976 lata
1197 3918 1497 3982 sententia,
1514 3934 1629 3985 qua
1684 3919 1827 3971 Cum
1872 3932 2064 3969 earum
2113 3912 2429 3969 cultoribus
2473 3911 2781 3965 amicitiam
2835 3927 2963 3964 con·

348 4006 577 4058 coactus
621 4002 707 4054 est
733 3998 918 4052 Wirth
957 3991 1226 4050 resarcire
1266 3992 1478 4045 famam
1505 4005 1628 4043 suo·
1684 3990 1928 4058 jungens
1955 4003 2076 4040 eam
2107 3984 2271 4040 suavi
2298 3984 2595 4039 literarum
2623 3982 2961 4037 commercio

291 4112 298 4119 -
348 4091 477 4128 rum
504 4070 958 4127 adversariorum
999 4069 1088 4121 tot
1125 4063 1378 4118 dicteriis
1415 4061 1627 4115 laesam
1683 4059 1877 4116 coluit.
1931 4058 2066 4112 Post
2109 4057 2269 4110 varia
2318 4057 2439 4109 fata
2486 4056 2558 4109 ab
2609 4053 2853 4108 Henrico
2896 4052 2963 4110 11.

348 4145 607 4214 alioquin
657 4140 1011 4197 addicendus
1061 4135 1270 4192 carceri
1333 4136 1627 4203 perpetuu.
1685 4130 1907 4187 Galliae
1934 4145 2066 4200 rege
2091 4128 2163 4181 ad
2181 4127 2369 4181 sedem
2387 4141 2729 4197 agenensem
2751 4142 2799 4180 a.
2823 4129 2963 4182 1550

352 4216 538 4282 Quare
564 4213 794 4287 publice
839 4227 975 4283 prae
1016 4208 1286 4264 concione
1330 4204 1523 4260 omnia
1549 4218 1630 4257 re·
1683 4205 1980 4273 promotus
2006 4201 2135 4254 fuit.
2189 4197 2476 4265 Quamdiu
2511 4197 2721 4252 sederit
2759 4213 2874 4251 non
2900 4196 2969 4249 li·

354 4287 578 4343 vocavit
592 4291 678 4344 24.
698 4284 857 4339 Febr.
874 4287 1014 4340 1513
1034 4280 1444 4347 Heidelbergae
1460 4279 1629 4348 (quae
1685 4278 1841 4343 quet.
1891 4273 2029 4344 Ejus
2056 4290 2087 4327 o
2134 4288 2246 4336 era,
2273 4286 2421 4338 quae
2446 4269 2753 4340 diligenter
2777 4283 2964 4321 recen·

349 4358 635 4413 revocatio
720 4355 897 4410 rodiit
938 4372 980 4408 s.
1022 4352 1060 4408 l.
1088 4355 1146 4406 et
1171 4368 1227 4405 n.
1255 4354 1414 4420 1514)
1455 4348 1630 4401 indic·
1685 4348 1772 4400 set
1821 4344 2041 4402 Echard
2118 4344 2160 4407 Ι,
2210 4347 2507 4400 155-157.
2571 4342 2832 4411 spectant
2892 4341 2964 4392 ad

350 4435 591 4500 tumque
641 4377 933 4482 siYentium
978 4422 1244 4488 servavit,
1287 4421 1423 4476 hinc
1467 4419 1633 4474 nulla
1685 4417 1881 4472 literas
1906 4415 2301 4470 humaniores:
2328 4413 2480 4466 inter
2507 4428 2649 4481 quas
2675 4428 2733 4465 re
2778 4410 2965 4464 eriun·

350 4501 597 4573 amplius
648 4500 770 4567 eius
819 4496 1094 4552 memoria
1145 4496 1218 4549 ab
1267 4510 1332 4548 eo
1377 4495 1632 4562 tempore
1686 4492 1784 4542 tur
1796 4493 1874 4544 Le
1890 4491 2109 4552 Novelle,
2124 4487 2313 4540 Lucae
2326 4483 2630 4542 1554t.3in
2644 4488 2696 4544 4;
2763 4481 2967 4536 enetiis

350 4583 399 4644 (†
413 4577 500 4631 30.
515 4575 544 4629 J
551 4591 650 4627 un.
668 4573 848 4640 1519).
874 4569 957 4623 Cf.
973 4567 1042 4622 de
1058 4568 1147 4621 his
1169 4565 1316 4621 Seitz
1334 4564 1445 4618 Der
1460 4563 1635 4619 Streit
1688 4566 1829 4618 1566
1848 4564 1888 4616 t.
1905 4564 1939 4616 3
1954 4560 2014 4613 in
2032 4565 2060 4616 1
2081 4575 2132 4612 v.
2148 4559 2207 4614 in
2222 4563 2288 4618 4:
2315 4556 2526 4625 quibus
2542 4555 2811 4625 Lugduni
2826 4557 2966 4609 1573

350 4646 490 4701 fiber
551 4645 643 4699 die
704 4640 1059 4696 unbefleckte
1123 4635 1501 4708 Empfangnis
1563 4653 1634 4689 zu
1689 4632 1923 4687 additus
1940 4634 2027 4686 est
2042 4638 2080 4684 t.
2095 4635 2147 4686 4.
2176 4630 2278 4683 His
2305 4633 2499 4682 tamen
2526 4626 2782 4697 objectae
2810 4625 2966 4678 fuere

351 4717 665 4772 Franks-nrt
686 4714 767 4767 im
793 4712 844 4767 J.
873 4717 1014 4769 1500
1037 4711 1157 4764 und
1186 4708 1308 4763 sein
1329 4707 1636 4777 Nachspiel
1689 4703 1810 4759 stili
1825 4702 2182 4775 negligentia
2196 4699 2690 4755 ethistoriolarum
2718 4695 2971 4752 obsceni·

350 4790 409 4842 in
437 4789 585 4844 Bern
614 4789 754 4844 1509
791 4785 871 4839 im
917 4782 1127 4836 Archiv
1173 4783 1211 4833 f.
1239 4780 1636 4833 Frankfnrter·
1689 4779 1795 4840 tas,
1840 4792 2013 4845 quani
2058 4777 2243 4827 castae
2287 4788 2452 4825 aures
2503 4786 2619 4823 non
2663 4769 2888 4830 ferrent,
2935 4783 2968 4819 a

391 4861 535 4915 esch.
578 4859 648 4915 N.
679 4858 736 4912 F.
766 4856 841 4909 VI
869 4858 1069 4926 (1877),
1099 4857 1300 4911 1-35;
1353 4851 1638 4905 Lauchert
1691 4847 1903 4917 quibus
1931 4863 2018 4916 ep.
2046 4845 2118 4898 ad
2150 4843 2415 4898 Emilium
2459 4841 2530 4895 de
2557 4839 2778 4894 Emiliis
2819 4837 2976 4891 datis

394 4977 405 4988 .
435 4932 624 5002 Biogr.
665 4929 858 4990 XLIII,
887 4930 1170 4984 522—525
1211 4926 1270 4978 et
1303 4923 1635 4994 praesertim
1691 4938 1806 4975 non
1834 4919 1969 4972 satis
1996 4934 2053 4972 se
2080 4919 2308 4986 purgat.
2360 4915 2443 4969 cf.
2469 4911 2653 4968 Feller
2682 4912 2722 4982 Ι,
2750 4914 2872 4966 387.
