3475 5364
559 394 719 448 1233
790 381 1159 435 1521—1540.
1187 376 1398 431 Philos.
1425 375 1506 429 De
1532 376 1758 431 animae
1784 375 2233 431 immortalitate.
2262 376 2556 439 Fiandino⁹
2585 374 2909 430 Castellani.
3002 393 3169 446 1234

549 566 977 639 Defensor-ium,
1011 563 1311 621 Bononiae
1353 573 1515 626 1519
1555 563 1615 620 in
1650 562 1706 631 f„
1760 562 1823 620 in
1882 570 1997 621 tate
2047 566 2279 621 animae
2331 567 2534 622 contra
2583 562 2642 619 P.
2692 562 3168 637 Pomponatium.

548 673 667 729 quo
700 652 951 711 animam
1000 671 1123 710 esse
1170 652 1557 711 immortalem
1606 670 1667 710 se
1711 651 1827 710 fide
1883 671 2059 727 quem
2140 671 2245 727 per
2319 652 2648 710 ludibrium
2714 651 3167 726 ,Peponatium,

550 743 788 817 quidem
825 741 1060 800 credere
1111 741 1313 799 divina
1344 745 1734 811 contestatur,
1769 745 1832 799 at
1887 760 2086 800 senem
2136 742 2412 810 delirum,
2463 741 2764 799 hominem
2796 740 3169 807 maledicum,

547 833 677 907 ejus
695 830 1201 889 immortalitatem
1219 830 1443 889 ratione
1459 830 1696 906 probari
1711 849 1830 887 non
1887 830 2115 906 patriae
2152 830 2552 906 vituperium‘
2590 829 2870 906 appellat,
2894 830 3171 887 Mantuae

547 939 719 996 posse
736 920 1009 988 naturali,
1044 939 1104 978 se
1138 920 1329 978 solum
1352 919 1723 978 contendere.
1745 952 1832 961 —-
1897 929 2059 981 1519
2096 920 2159 977 111
2192 919 2263 990 f.;
2311 922 2371 978 et
2402 918 2683 977 adversus
2717 918 3044 976 Lutherum
3080 916 3168 997 (11.

549 1009 1000 1086 chrysostomus
1032 1009 1071 1066 J
1091 1008 1354 1077 avelli,
1390 1009 1462 1067 de
1495 1026 1612 1083 quo
1648 1027 1833 1083 supra
1887 1011 2088 1067 tamen
2148 1004 2430 1088 ineditis).
2493 1006 2637 1083 Ejus
2680 1011 2973 1065 conciones
3032 1025 3170 1083 qua-

551 1117 606 1173 p.
666 1107 832 1160 1209
896 1098 1146 1174 egimus,
1211 1097 1585 1173 Pomponatii
1636 1097 1828 1155 literis

549 1188 840 1246 excitatus
891 1188 962 1245 ad
1014 1190 1366 1262 argumenta
1412 1185 1722 1261 respondit
1766 1185 1830 1243 in

551 1276 942 1335 Solutionibus
959 1279 1256 1334 rationum
1290 1278 1474 1333 animi
1505 1277 1830 1333 vezortalita-

548 1373 658 1423 tem
711 1366 1104 1441 probantium,
1169 1384 1321 1439 quae
1384 1364 1447 1421 in
1499 1364 1831 1422 defensorio

547 1458 752 1512 contra
784 1455 1044 1530 Niphum
1082 1454 1153 1512 ab
1176 1453 1279 1513 illo
1302 1454 1651 1512 formantur.
1686 1452 1832 1511 Cum

548 1543 945 1603 solutionibus
976 1542 1015 1601 J
1020 1542 1214 1611 avelli,
1247 1560 1335 1616 ep.
1354 1541 1726 1618 Pomponatii
1759 1540 1832 1600 ad

547 1631 844 1690 Javellum
879 1637 940 1689 et
971 1633 1150 1707 hujus
1199 1631 1272 1688 ad
1304 1632 1494 1701 illum,
1543 1631 1833 1707 permissa

545 1721 665 1780 fuit
725 1720 965 1779 demum
1011 1721 1322 1795 impressio
1389 1719 1429 1781 1.
1475 1721 1544 1777 de
1593 1722 1826 1778 immor·

548 1811 783 1881 tautam,
849 1810 1153 1868 Bononiae
1242 1819 1423 1871 1519.
1506 1810 1661 1868 Huic
1741 1809 1831 1867 ed.

548 1904 859 1974 praeterea
879 1899 1248 1975 adjiciuntur
1267 1901 1389 1956 tres
1424 1898 1468 1955 P
1483 1917 1516 1958 o
1531 1918 1592 1956 m
1609 1917 1646 1973 p
1664 1916 1698 1955 o
1713 1917 1754 1955 n
1771 1918 1830 1956 a·

546 1989 647 2045 tii
680 1990 1000 2066 apoloffiae,
1032 1991 1105 2049 tr.
1127 1989 1277 2062 Aug.
1300 1986 1448 2062 Nip
1471 1988 1545 2045 hi
1576 1990 1637 2045 et
1667 1987 1831 2045 illius

551 2077 835 2136 adversus
870 2078 1027 2135 hunc
1059 2077 1461 2152 defensoriam.
1497 2077 1640 2151 Ejus
1664 2094 1829 2151 prae·

547 2169 641 2224 ter
660 2165 782 2224 alia
796 2184 1033 2241 quoque
1066 2170 1158 2223 est
1178 2166 1613 2223 Dilucidarium
1645 2168 1830 2222 meta-

548 2255 923 2330 physicarum
990 2254 1465 2329 disputationum
1516 2254 1580 2311 in
1641 2264 1715 2315 14
1769 2254 1830 2311 ll.

547 2344 981 2421 metaphysiees
1015 2363 1082 2402 ex
1116 2344 1457 2401 Aristotelis
1474 2346 1536 2401 et
1552 2342 1830 2401 Averrois

546 2433 778 2491 arcanis
810 2433 1174 2501 absolutum,
1212 2432 1476 2491 Venetiis
1516 2442 1680 2494 1559
1707 2431 1770 2489 in
1792 2431 1830 2489 f.

547 2556 628 2564 -—-
685 2522 1143 2579 Ambrosius
1206 2521 1593 2579 Fiandino
1644 2521 1708 2578 Ο.
1774 2520 1828 2578 S.

547 2613 699 2688 Aug.
717 2612 1164 2686 Neapolitanus,
1185 2628 1226 2667 6.
1246 2609 1577 2687 theologiae
1606 2609 1828 2679 doctor,

547 2701 856 2776 episeopus
902 2700 1173 2759 titularis
1221 2699 1568 2758 lamecensis
1615 2705 1677 2756 et
1723 2719 1828 2758 au-

548 2790 771 2847 xiliaris
805 2794 1164 2846 mantuanus
1197 2784 1257 2868 (†
1300 2785 1512 2868 1531),
1558 2787 1826 2861 disputa-

546 2879 634 2934 vit
695 2878 930 2935 fortitei·
992 2879 1320 2952 acriterque
1370 2879 1438 2933 de
1490 2879 1829 2934 immortali-

545 3086 678 3135 nate
706 3082 819 3135 alla
847 3083 1090 3152 polvere‚
1128 3082 1188 3135 di
1216 3082 1310 3135 cui
1341 3086 1662 3134 veramente
1690 3098 1828 3134 sono

546 3153 745 3223 degne.
785 3153 954 3219 Quasi
984 3156 1133 3208 tutte
1160 3154 1213 3207 16
1243 3169 1409 3222 opere
1437 3153 1496 3206 di
1526 3153 1829 3206 Aristotele

546 3225 751 3280 furono
798 3227 871 3278 da
917 3226 999 3279 lui
1040 3225 1340 3288 illustrate,
1383 3225 1510 3278 anzi
1554 3242 1669 3277 nou
1698 3242 1829 3292 vog-

546 3297 684 3350 liam
730 3296 849 3351 dire
894 3299 1167 3360 oscurate,
1214 3296 1256 3350 il
1300 3295 1402 3348 che
1447 3313 1587 3365 pure
1628 3298 1674 3348 si
1714 3297 1829 3365 pub

546 3371 841 3422 affer-mare
881 3369 938 3420 di
982 3368 1145 3437 quasi
1182 3371 1274 3420 tut
1301 3368 1323 3419 i
1349 3367 1368 3419 i
1396 3366 1831 3421 commentatori

545 3440 605 3493 di
634 3444 834 3508 questo
876 3441 1076 3495 secolo.
1129 3439 1415 3492 Adversus
1455 3439 1637 3508 ipsius
1666 3438 1830 3490 Para·

546 3512 733 3566 doxon
785 3512 1059 3565 disseruit
1098 3514 1159 3564 cle
1208 3515 1534 3564 alterationis
1590 3513 1742 3563 modo
1787 3520 1830 3562 et

546 3586 837 3651 quidditatv
877 3582 1195 3635 Sanzius
1235 3582 1606 3635 Carranza
1634 3581 1702 3633 de
1730 3581 1831 3632 Mi-

547 3655 725 3707 randa
754 3655 1045 3707 Navarrus
1073 3653 1147 3726 (fl.
1177 3657 1354 3716 1523),
1395 3653 1659 3706 ecclesiae
1687 3653 1830 3705 cala·

546 3726 874 3794 gurritanae
902 3726 1224 3782 canonicus.
1253 3725 1459 3776 deinde
1488 3723 1831 3792 hispalensis

548 3797 909 3866 magistralis,
940 3798 1039 3864 qui
1068 3796 1358 3864 Compluti
1385 3795 1742 3848 dialectica-,n
1772 3797 1828 3846 et

587 3869 837 3935 hysicam
866 3867 1185 3921 doctrinam
1212 3867 1425 3931 docuit,
1458 3867 1585 3919 dein
1607 3867 1832 3920 6111160-

548 3886 761 4006 logiam
807 3956 965 4000 „cum
1005 3956 1213 4006 magna
1253 3955 1351 3990 sua
1395 3939 1591 4006 gloria,
1636 3936 1833 3990 scribit

545 4010 630 4063 J0.
684 4009 1052 4064 Genesius
1104 4009 1530 4079 Sepulveda
1593 4010 1653 4061 in
1700 4008 1830 4062 hist.

548 4080 773 4148 collegii
802 4082 1181 4144 bononiensis,
1221 4081 1527 4134 acerrimus
1556 4081 1831 4143 omnium,

548 4169 690 4219 quos
718 4169 822 4220 ego
856 4169 1109 4220 unquam
1130 4152 1388 4216 viderim,
1411 4152 1752 4221 disputator,
1776 4156 1834 4202 et

548 4223 647 4290 qui
677 4223 736 4274 iu
765 4223 1145 4292 sophistarum
1200 4227 1257 4276 et
1284 4224 1647 4293 physicorum
1678 4223 1830 4275 scho-

547 4294 759 4346 lasticis
788 4296 1198 4365 congressibus.
1242 4312 1355 4362 quo
1399 4298 1653 4362 tempore
1695 4294 1832 4346 haee

548 4365 738 4418 studia
784 4369 1035 4432 curabat,
1078 4383 1313 4434 regnare
1360 4366 1672 4418 dicebatur.
1723 4364 1832 4417 Sed

546 4436 707 4491 illam
736 4442 957 4491 tantam
998 4438 1241 4506 gloriam
1284 4437 1454 4490 audio
1495 4438 1617 4505 jam
1646 4440 1718 4488 ab
1746 4453 1832 4489 eo-

547 4509 673 4561 dem
699 4512 808 4578 maj
816 4511 1008 4565 oribus
1030 4511 1146 4562 suis
1164 4509 1471 4561 virtutibus
1491 4511 1548 4561 et
1564 4508 1831 4578 opinione

547 4581 900 4652 theologicae
952 4581 1269 4649 sapientiae
1316 4597 1485 4648 super
1504 4583 1690 4633 itam-⁶
1749 4578 1829 4636 Cf.

546 4652 659 4704 alia
687 4655 937 4718 ejusdem
970 4652 1179 4721 arripis-i
1198 4651 1352 4720 apud
1376 4651 1495 4704 Nic,
1517 4652 1828 4704 Antonium

548 4723 691 4777 Bibl.
733 4726 877 4792 hisp.
922 4742 976 4776 11.
1006 4724 1071 4787 11,
1113 4729 1232 4779 275.
1291 4723 1470 4774 Etiam
1517 4723 1615 4775 Th
1636 4740 1666 4775 o
1687 4739 1832 4774 mas

549 4794 594 4846 R
614 4795 789 4848 ocha
841 4794 1167 4856 Cutnlanns,
1220 4795 1474 4846 medicus
1527 4794 1600 4864 (fl.
1657 4799 1830 4864 1522),

547 4869 743 4918 contra
772 4866 1048 4933 quasdam
1079 4865 1255 4934 Niphi
1297 4865 1630 4917 assertiones
1660 4865 1830 4932 scrip-

548 4937 636 4997 sit,
666 4937 735 4988 de
765 4954 877 5003 quo
907 4936 978 4988 cf.
1007 4937 1083 4988 ib.
1114 4937 1176 4990 11.
1206 4941 1328 4992 312.

1887 1098 2299 1174 draqesimales
2330 1097 2678 1173 prodierunt
2710 1096 2974 1155 Venetiis
3007 1104 3168 1158 1523

1887 1187 1949 1243 in
1986 1196 2039 1249 8.
2105 1187 2183 1245 cf.
2226 1206 2282 1262 p.
2326 1194 2479 1248 1271
2527 1206 2575 1245 a.
2611 1217 2696 1229 —
2727 1185 3172 1244 Praetermissis

1887 1275 2133 1333 interim
2173 1276 2374 1334 Barth.
2408 1275 2481 1333 de
2520 1275 2766 1351 Spina.
2808 1275 2880 1332 de
2919 1293 3038 1350 quo
3074 1274 3171 1331 in-

1888 1366 1977 1423 fra
2011 1397 2094 1408 —
2135 1365 2718 1424 Bartholomaeo
2759 1363 2967 1422 Fiera
3003 1382 3173 1422 man·

1886 1457 2071 1513 tuano
2141 1454 2367 1513 medico
2439 1448 2502 1532 (†
2567 1450 2761 1533 1538)
2839 1486 2925 1496 —
3003 1452 3173 1511 Hie-

1886 1561 1965 1601 ro
1987 1561 2207 1619 nymo
2240 1544 2556 1601 Amideo
2606 1542 2678 1600 de
2722 1543 2879 1600 Luca
2911 1541 2974 1600 O.
3010 1541 3173 1599 Serv.

1888 1632 1943 1689 b.
2008 1633 2079 1689 M.
2144 1633 2228 1701 V.‚
2292 1632 2422 1708 qui*
2470 1650 2776 1706 supremos
2842 1630 2905 1689 in
2966 1631 3174 1690 ordine

1887 1720 2096 1779 multis
2129 1721 2298 1779 annis
2329 1721 2717 1795 magistratus
2763 1738 2896 1779 cum
2942 1738 3174 1779 summo

1886 1810 2185 1885 regularis
2218 1810 2632 1869 observantiae
2650 1810 3015 1868 incremento
3037 1828 3172 1883 ges·

1889 1899 1969 1956 sit
2003 1894 2065 1980 (†
2105 1894 2299 1980 1543)
2334 1903 2395 1957 61
2414 1898 2594 1957 etiam
2615 1902 2821 1957 contra
2841 1898 3173 1957 Lutherum

1889 1985 2193 2070 scripsit1)
2215 2021 2290 2031 —-
2317 1988 2570 2062 Casparo
2603 1988 3028 2056 couterini,
3061 2005 3172 2046 suo

1887 2077 2187 2150 quondam
2222 2075 2530 2153 discipulo,
2578 2078 2750 2151 cujus
2783 2077 2923 2134 libri
2955 2077 3073 2135 duo
3104 2077 3175 2133 de

1890 2167 2325 2224 immortalitate
2339 2168 2572 2225 animae
2588 2165 2854 2224 Venetiis
2885 2178 2908 2228 1
2927 2175 2995 2228 51
3015 2174 3070 2233 6,
3094 2165 3171 2223 ob

1887 2258 2377 2335 argumentorum
2395 2255 2628 2329 pondus
2650 2256 2902 2313 maxime
2923 2255 3172 2329 Pompo-

1887 2345 2090 2402 natius
2124 2345 2412 2402 rationem
2447 2343 2660 2402 habuit
2699 2349 2761 2402 et
2800 2344 2896 2402 cui
2928 2361 3172 2419 respon-

1889 2433 1980 2490 dit
2013 2434 2318 2510 Apoloyia,
2372 2433 2672 2492 Bononiae
2714 2443 2876 2494 1517
2914 2433 2977 2490 111
3014 2442 3047 2495 8
3084 2465 3172 2475 -

1887 2522 2360 2580 Vincentius
2391 2522 2714 2581 Colzado
2748 2521 2813 2584 O.
2850 2520 3170 2580 Praed.Vi-

1887 2612 2179 2679 06111111116,
2214 2611 2547 2687 theologiae
2568 2610 2775 2669 doctor
2794 2614 2856 2670 et
2874 2609 3172 2689 gymnasii

1887 2701 2272 2759 bononiensis
2322 2701 2669 2777 praefectus,
2719 2701 2792 2759 ad
2841 2719 3018 2775 quem
3064 2719 3171 2757 au-

1888 2789 2174 2848 diendum
2206 2791 2383 2848 multi
2417 2790 2746 2849 Bononiam
2778 2795 3170 2853 accesserunt.

1895 2878 2350 2954 Pomponatium
2413 2879 2812 2956 impugnavit,
2890 2880 2994 2954 qui
3058 2879 3173 2954 ipsi

1889 2969 2151 3044 apoloqia
2203 2968 2530 3043 respondit.
2596 2969 2932 3041 Reliquisse
2981 2968 3175 3026 fertur

1885 3056 2117 3114 erudita
2148 3076 2384 3132 quoque
2400 3058 2821 3115 commentaria
2834 3057 2898 3115 in
2913 3075 2957 3115 s.
2976 3056 3172 3132 Scrip-

1884 3149 2083 3203 turam
2149 3143 2229 3227 (fl.
2294 3140 2504 3227 1532).
2557 3180 2643 3188 —
2699 3148 2909 3205 Petrus
2958 3146 3172 3203 Nico·

1886 3234 2058 3293 laus
2105 3234 2540 3292 Castellani
2582 3235 2966 3305 Faventinus,
3003 3235 3175 3293 Pisae

1885 3324 2199 3398 professor,
2282 3324 2516 3398 aliquot
2578 3324 2918 3382 Aristotelis
2996 3342 3175 3399 opera

1887 3412 2327 3471 commentariis
2347 3413 2680 3471 illustravit
2700 3419 2761 3471 et
2780 3421 2982 3472 contra
2999 3413 3168 3471 Pom-

1887 3502 2195 3577 ponatium
2228 3502 2266 3559 1.
2314 3502 2587 3576 vulgavit
2632 3503 2701 3560 de
2745 3503 3174 3561 immortalitate

1887 3593 2218 3648 animorum
2251 3591 2577 3649 secundum
2596 3591 2895 3650 Platonem
2926 3597 2986 3649 et
3006 3591 3172 3649 Aris-

1887 3680 2149 3748 totelem,
2183 3680 2497 3737 Faventiae
2538 3689 2699 3742 1525
2735 3681 2822 3737 ed.
2861 3689 2932 3750 2.,
2966 3682 3028 3738 111
3052 3698 3172 3756 (1110

1887 3772 2110 3832 tuetur.
2176 3768 2558 3827 Aristotelem
2621 3770 2851 3827 animae
2901 3770 3174 3828 docuisse

1886 3858 2413 3916 immortalitatem.
2463 3890 2547 3901 -—·
2598 3858 2853 3916 Simon
2906 3858 3170 3917 Porzio

1889 3947 2260 4022 Pomponatii
2313 3947 2661 4021 discipulus,
2710 3948 2863 4006 Pisis
2911 3948 3170 4023 philoso-

1887 4036 2061 4111 phiae
2112 4035 2406 4110 professor
2458 4032 2519 4115 (†
2560 4032 2753 4114 1554)
2806 4038 2934 4111 ejus
2985 4037 3172 4094 haesit-

1886 4125 2177 4200 vestigii8‚
2215 4125 2320 4182 sed
2352 4143 2629 4183 successu
2661 4123 2965 4206 infelici2).
3029 4126 3172 4201 Ejus

1889 4219 2126 4289 praeter
2157 4213 2276 4272 alia
2307 4217 2399 4271 est
2431 4214 2464 4271 l.
2510 4211 2608 4295 (ab
2641 4214 2941 4288 aliquibus
2974 4214 3169 4273 dictus

1888 4300 2133 4378 impius)
2180 4305 2248 4360 de
2295 4310 2476 4361 mente
2520 4305 2799 4377 humana,
2841 4304 3170 4363 Florentiae

1897 4404 1916 4453 l
1938 4404 1968 4454 5
1984 4404 2014 4454 5
2038 4404 2081 4453 Ι.

1971 4586 2002 4650 ¹)
2033 4581 2114 4634 Cf.
2145 4579 2326 4634 Markl
2355 4581 2656 4649 Speculum
2679 4580 2911 4633 virtutis
2928 4585 2984 4634 et
2998 4583 3170 4634 scien·

1890 4653 2003 4706 tiae
2045 4659 2107 4706 Ο.
2153 4652 2305 4706 Serv,
2352 4654 2400 4705 b.
2443 4652 2515 4706 M.
2559 4651 2623 4705 V.
2652 4670 2706 4720 p.
2737 4657 2841 4708 150
2867 4670 2908 4707 6.
2960 4653 3172 4706 Contra

1890 4723 2331 4791 Pomponatium
2350 4725 2578 4792 scripsit
2593 4724 3169 4793 Apologiamproam'-

1890 4815 2004 4848 mae
2031 4799 2441 4853 inmortalitate.
2473 4794 2781 4849 Mediolani
2813 4798 2965 4851 1518.

1961 4867 2116 4920 ὲ101.
2145 4866 2475 4919 Tiraboschi
2523 4866 2639 4921 VH.
2681 4885 2735 4936 p.
2779 4873 2827 4922 1.
2873 4866 2909 4919 l.
2952 4871 3002 4922 2.
3047 4884 3091 4920 0.
3119 4871 3169 4922 2.

1890 4955 1943 4991 11.
1972 4943 2021 4993 6.
