3475 5364
134 366 253 419 349
656 349 944 401 Hermann
971 347 1194 413 Altaic„
1224 347 1599 415 Christianus,
1629 348 1928 413 Henricus‚
1956 347 2246 419 Aegidius.
2633 367 2756 422 350

133 534 303 609 plura
334 532 626 591 historica
643 534 991 607 composuit.
1025 533 1303 593 Unanimi
1325 552 1434 592 sor
1474 532 1577 592 sed
1610 536 1671 590 et
1704 533 1917 592 acerba
1949 532 2247 592 Christi
2266 554 2407 593 anu
2426 553 2472 605 s,
2507 534 2605 616 (ab
2627 537 2761 594 aliis

131 623 351 680 dalium
408 623 695 699 suffragio
746 622 967 681 electus
1020 627 1109 682 est
1161 633 1257 686 27.
1294 623 1417 682 Oct.
1475 621 1776 681 Conrsdus
1800 617 2041 705 dictus),
2063 642 2239 698 quem
2261 625 2446 703 aliqui
2470 629 2764 700 put-arunt-

145 712 386 774 1242in
405 710 683 771 abbatem
700 715 823 771 eta.
844 720 916 775 31
944 718 1050 772 suo
1065 713 1421 772 monasterio
1476 730 1601 770 esse
1665 711 2062 769 Christianum
2114 712 2186 770 11.
2244 714 2760 790 'archiepiscopum

137 820 344 877 magna
377 801 645 863 solertia.
679 801 997 878 prudentia
1027 805 1089 859 et
1120 802 1422 861 commodo
1479 800 1901 876 moguntinum
1921 796 2140 881 (1249,
2175 802 2280 877 qui
2297 804 2626 880 resignavit
2638 804 2763 879 jam

138 890 408 965 praefuit.
472 890 653 968 Apud
715 890 1036 966 pontifices,
1101 892 1420 968 episcopos,
1478 908 1527 947 a.
1570 898 1770 958 1251;
1803 884 1839 954 †
1878 887 2089 971 1253),
2134 890 2237 949 sed
2267 892 2641 967 probabilius
2674 897 2766 950 est

140 980 431 1055 principes
462 979 538 1038 ob
570 980 752 1037 animi
782 980 952 1039 dotes
984 984 1045 1038 et
1073 981 1225 1039 bene
1255 983 1427 1057 gesta
1479 978 1851 1037 Christianus
1884 979 2189 1054 episcopus
2221 981 2547 1049 lithuanus,
2572 1000 2764 1057 quon·

140 1088 374 1146 magnae
406 1068 530 1127 fuit
559 1069 951 1128 auctoritatis.
1011 1069 1200 1128 Annis
1250 1072 1311 1129 et
1343 1069 1423 1127 la-
1480 1067 1614 1125 dam
1647 1067 1949 1126 auxiliaris
1967 1068 2390 1146 archiepiscopi
2409 1072 2763 1147 moguntini,

146 1158 376 1217 boribus
429 1158 680 1216 attritus
730 1177 974 1216 munere
1021 1177 1082 1217 se
1133 1158 1426 1218 abdicavit
1483 1156 1677 1232 patria
1718 1156 2079 1234 Thiiringius
2093 1155 2155 1235 ²),
2207 1159 2272 1216 in
2321 1159 2599 1219 Chronico
2645 1180 2765 1219 mo·

155 1247 1041 1322 12.l[artiil273‚decessitque
1064 1248 1428 1324 viroptimae
1481 1247 1742 1322 qut-tino,
1777 1246 1955 1304 etiam
2003 1247 2288 1324 inscripto
2337 1249 2481 1307 libor
2510 1250 2580 1308 de
2610 1251 2765 1308 cala-

150 1336 455 1396 memoriae
507 1346 610 1399 31.
657 1336 781 1395 Jul.
843 1345 1022 1400 1275.
1085 1336 1249 1396 Inter
1298 1339 1427 1412 ejus
1486 1337 1681 1393 ‚nume
1695 1334 1973 1394 ecclesiae
1990 1338 2377 1411 moguntinae
2404 1337 2671 1418 (1142·5
2695 1336 2766 1419 ι).

149 1445 328 1501 opera.
376 1444 641 1500 quorum
686 1445 810 1485 non
854 1426 1051 1485 omnia
1081 1430 1223 1485 sunt
1253 1426 1427 1489 edita.
1486 1423 1747 1483 Basileae
1818 1434 2000 1488 1502.
2062 1434 2245 1489 1525.
2306 1436 2508 1498 15:373
2569 1437 2767 1495 1555;

154 1519 284 1573 sunt
341 1517 704 1573 Auctarium
757 1515 1110 1592 Ekkehardi,
1175 1516 1432 1574 Annales
1499 1522 1658 1576 1569
1694 1515 1838 1583 etc.;
1870 1514 2029 1572 inter
2063 1514 2156 1573 SS.
2187 1516 2549 1592 moguntiae.
2571 1535 2770 1575 rerum

153 1606 350 1662 dueum
401 1604 727 1680 Honorias,
784 1604 1101 1680 Cataloqus
1161 1605 1432 1664 abbatum
1486 1604 1528 1659 t.
1564 1602 1637 1664 11.
1681 1613 1923 1684 101·30
1959 1603 2046 1661 ed.
2082 1603 2369 1674 Serrari03
2403 1605 2562 1664 inter
2580 1606 2771 1664 fontes

159 1694 557 1766 altahensium,
602 1695 850 1771 cataloyi
889 1695 1304 1753 monachorum
1343 1695 1431 1752 al-
1492 1690 1578 1748 ed.
1613 1690 1903 1749 Boehmer
1934 1692 2008 1759 ΙΙ,
2047 1701 2341 1757 253-71
2368 1715 2381 1763 ;
2413 1694 2475 1754 in
2505 1694 2646 1753 bibl.
2680 1714 2771 1753 re-

159 1784 281 1856 talu,
326 1783 397 1840 de
440 1784 744 1841 advocatis
784 1783 1188 1854 ulmensibus,
1236 1781 1310 1842 de
1342 1786 1431 1841 in·
1492 1800 1627 1838 rum
1660 1780 1851 1838 Germ.
1887 1781 1991 1850 111,
2030 1791 2368 1852 678--993
2420 1783 2509 1842 ed.
2543 1785 2775 1843 Reimer

167 1874 1000 1931 anatimmonamfflauah.
1021 1869 1430 1951 (ul-1271),
1489 1869 1554 1927 in
1585 1868 1712 1927 ΜΕ·
1764 1870 1858 1928 SS·
1893 1869 2066 1939 XXV.
2120 1881 2441 1937 236—48.
2483 1906 2554 1916 -
2597 1874 2771 1933 eon-

165 1962 223 2018 de
261 1962 427 2019 rebus
471 1962 601 2019 suis
642 1963 814 2039 qestu's
858 1959 1053 2041 (1247
1069 1958 1281 2039 -73),
1328 1980 1433 2019 an·
1492 1957 1725 2016 radus
1775 1958 1847 2016 de
1896 1960 2101 2018 Kastel
2154 1962 2471 2021 canonicus
2523 1962 2773 2021 eichste-

169 2050 305 2108 παίω
331 2049 667 2109 Hermanni
702 2050 792 2109 ab.
827 2051 902 2110 ab
940 2059 1104 2114 1137
1141 2069 1330 2126 usque
1363 2049 1437 2108 ad
1489 2046 1676 2105 tensis
1700 2046 2028 2107 additiones
2045 2045 2774 2132 adjecit(1195—1255)

169 2158 210 2196 a.
245 2149 419 2207 1273,
454 2157 609 2214 quos
641 2139 742 2197 alii
773 2140 1199 2199 continuarunt
1238 2144 1301 2199 et
1329 2159 1433 2198 au·
1492 2136 1646 2195 libro
1663 2136 1989 2211 pontificali
2021 2139 2427 2198 Gundecari
2461 2136 2522 2220 (†
2563 2137 2773 2220 1075),

169 2233 389 2287 xerunt:
471 2230 658 2303 juxta
733 2229 964 2303 aliquos
1055 2229 1436 2288 Henricus
1492 2244 1639 2300 quas
1671 2225 1855 2286 habes
1904 2246 2038 2285 cum
2070 2229 2180 2287 hoc
2209 2229 2362 2287 libro
2392 2229 2456 2287 in
2488 2229 2614 2287 ΜΘ.
2647 2228 2774 2290 VII.

174 2317 370 2376 Stero
401 2313 670 2400 (Steoro)
691 2318 820 2392 ejus
842 2318 1198 2394 capellanus,
1231 2322 1437 2394 postea
1497 2323 1818 2378 242—53.
1908 2351 1998 2360 —-
2072 2317 2455 2376 Henricus
2530 2318 2777 2377 clericus

174 2406 332 2465 abbas
373 2408 693 2466 mettensis
744 2405 845 2486 (ad
878 2428 927 2466 a.
972 2405 1162 2486 1300)
1213 2412 1273 2466 et
1321 2407 1437 2465 Al·
1494 2422 1538 2461 s.
1573 2403 1849 2463 Eucherii
1893 2409 2161 2465 recenset
2200 2414 2364 2483 qesta
2394 2406 2639 2466 Henrici
2685 2427 2778 2466 ar-

177 2495 380 2555 binus
440 2496 636 2571 ipsius
696 2495 761 2555 in
809 2496 1101 2573 dignitate
1149 2496 1439 2556 abbatiali
1496 2492 1850 2570 chiepiscopi
1912 2496 2252 2554 trevirensis
2321 2499 2382 2553 et
2441 2495 2779 2556 Theoderici

178 2601 477 2645 successor:
523 2585 687 2661 quod
717 2588 921 2644 tamen
950 2605 985 2644 a
1014 2586 1440 2645 recentioribus
1495 2583 1585 2640 ab.
1634 2598 1677 2639 s.
1711 2583 1992 2642 Eucharii
2036 2582 2501 2663 (1259-1272
2544 2585 2609 2644 in
2653 2585 2779 2644 ΜΟ.

184 2673 372 2734 criticis
429 2679 710 2752 negatur.
794 2674 871 2733 Hi
931 2675 1170 2735 annales
1184 2672 1233 2757 ¹)
1297 2677 1441 2735 sunt
1496 2668 1698 2740 XXIV,
1736 2682 2043 2737 414-—53
2088 2693 2222 2732 cum
2254 2673 2674 2734 additamentis
2707 2674 2781 2734 ab

187 2764 357 2840 magni
386 2765 677 2824 momenti
709 2783 818 2839 pro
847 2764 1096 2824 historia
1133 2765 1437 2832 Bavariae.
1496 2780 1546 2819 a.
1609 2769 1949 2825 1261--86
2008 2763 2096 2821 ed.
2149 2762 2375 2841 Waitz).
2428 2798 2516 2808 —
2563 2765 2781 2840 Aegi·

189 2853 431 2911 Austriae
460 2859 524 2912 et
556 2853 890 2913 Bohemiae.
923 2854 1083 2913 Haec
1113 2853 1234 2914 tria
1263 2874 1442 2930 opera
1496 2849 1672 2907 dius
1725 2851 1788 2909 Ο.
1840 2851 1979 2910 Cist.
2043 2854 2277 2912 Aureae
2322 2854 2497 2912 vallis
2548 2850 2781 2935 (Orval)

191 2946 303 3014 post
329 2943 464 3002 alias
494 2943 790 3002 editiones
841 2943 1058 3020 optime
1093 2943 1441 3018 prodierunt
1502 2940 1882 3020 monachus2)
1934 2941 1998 2999 in
2044 2941 2267 3001 ducatu
2298 2943 2782 3018 luxemburgensi

194 3029 243 3086 in
288 3031 400 3090 HG.
442 3031 627 3101 XVII,
678 3041 1023 3096 351-427
1077 3052 1222 3090 cura
1269 3032 1424 3092 Jaffe
1497 3029 1902 3088 additionibus
1934 3031 2101 3089 auxit
2132 3032 2523 3107 amplissimis,
2542 3031 2782 3091 sednon

195 3134 307 3176 cum
333 3121 774 3180 continuatione
804 3121 879 3179 ab
901 3141 951 3180 a.
980 3130 1441 3191 1273—13013
1484 3105 1645 3177 satis
1677 3118 1995 3178 elaboratis
2044 3123 2105 3178 et
2156 3121 2389 3191 criticis,
2437 3121 2614 3178 nimis
2660 3139 2783 3179 cre-

196 3205 321 3266 bene
359 3211 528 3268 etiam
579 3209 740 3284 apud
782 3210 1068 3269 Boehmer
1113 3210 1332 3270 Fontes
1364 3209 1441 3280 11,
1499 3207 1681 3266 dulus
1713 3207 2112 3285 Harigerii
2143 3213 2205 3268 et
2235 3209 2581 3269 Anselmi
2614 3229 2782 3285 opus.

203 3304 508 3363 486—525
546 3299 650 3378 (ab
684 3319 734 3357 a.
775 3296 1268 3377 1152—1273);
1310 3319 1444 3376 ger·
1495 3306 1656 3374 qesta
1713 3298 1838 3355 scil.
1880 3300 2223 3372 pontificum
2278 3300 2654 3359 leodiensium
2707 3300 2783 3358 ab

202 3387 393 3446 manice
445 3383 778 3464 ‘interprete
837 3389 897 3445 L.
960 3389 1229 3448 Weiland
1290 3389 1447 3447 inter
1503 3406 1552 3445 a.
1622 3394 2075 3456 1048—1251,
2140 3385 2237 3470 (cf.
2287 3407 2467 3464 supra
2497 3387 2577 3456 1³,
2631 3384 2785 3469 960)

204 3472 780 3536 Gcschichtschreiher
809 3478 915 3535 der
942 3477 1269 3537 deutschen
1299 3478 1442 3537 Vor·
1501 3494 1652 3551 quae
1684 3478 1745 3533 et
1776 3475 2164 3537 continuavit.
2214 3477 2301 3536 Ea
2330 3478 2584 3553 reperies
2616 3496 2786 3552 prae-

205 3562 296 3620 scit
320 3563 406 3622 lx„
434 3566 576 3625 fasc.
613 3575 692 3629 52
726 3566 984 3625 Berolini
1025 3576 1218 3632 1871;
1277 3575 1443 3631 1898
1501 3564 1682 3623 missa
1711 3563 1976 3640 ejusdem
2025 3567 2148 3624 vita
2190 3567 2349 3624 inter
2395 3566 2593 3642 script.
2639 3566 2786 3625 leod.

211 3650 280 3707 ed.
311 3662 358 3714 2.
1505 3657 1548 3711 t.
1585 3653 1661 3721 11,
1696 3672 1753 3728 p.
1802 3662 2057 3718 1-270
2093 3654 2179 3713 ed.
2204 3654 2637 3730 Chapeauvi11e‚
2673 3655 2774 3730 qui

1507 3746 1707 3800 tamen
1740 3744 1973 3800 textum
1993 3743 2277 3803 effrenata
2306 3744 2583 3802 turbasse
2614 3744 2789 3802 licen-

290 3838 410 3893 187.
453 3832 528 3892 Ut
591 3834 664 3891 ad
727 3834 997 3892 ecclesias
1059 3834 1451 3909 particulares
1508 3831 1597 3889 tia
1625 3829 1861 3895 dicitur.
1895 3832 2094 3892 Leodii
2131 3842 2296 3897 1613
2331 3834 2393 3892 in
2428 3842 2497 3903 43
2528 3833 2701 3909 plene
2731 3837 2792 3890 et

216 3918 497 3988 veniamus,
514 3925 742 3982 statum
758 3923 987 3982 tristem
1009 3923 1284 3982 ecclesiae
1314 3942 1449 3982 mo·
1510 3923 1782 3979 accurate
1830 3921 1893 3978 in
1937 3921 2062 3980 ΜΘ.
2113 3923 2201 3981 ed.
2254 3921 2308 3980 J.
2359 3922 2559 3980 Hellcr
2618 3921 2790 3991 XXV,

219 4010 550 4078 guntinae
581 4012 857 4088 expedita
875 4012 1158 4072 describit
1188 4013 1453 4071 oratione
1518 4022 1540 4071 l
1581 4045 1633 4056 -
1654 4018 1793 4077 129,
1828 4010 2047 4085 quibus
2080 4011 2485 4088 subjiciuntur
2502 4015 2670 4089 gesta
2688 4011 2792 4069 ab·

1509 4098 1792 4166 breviata,
1826 4100 2057 4159 notitiis
2077 4101 2247 4158 novis
2280 4102 2455 4159 aucta
2485 4120 2539 4176 p.
2581 4110 2795 4164 129—-

225 4190 521 4265 interpolata
568 4202 628 4254 et
676 4201 946 4270 corrupta
995 4201 1065 4253 ab
1117 4199 1456 4254 adversariis
1519 4197 1659 4256 135,
1703 4207 1855 4263 quae
1905 4188 2175 4248 Weiland
2220 4190 2557 4264 suspicatur
2606 4190 2795 4266 ipsius

226 4261 463 4346 Ecclesiae
485 4272 796 4326 catholicae
820 4271 1070 4353 conjicit.
1278 4343 1289 4352 ι
1511 4294 1748 4352 quoque
1798 4295 1941 4335 esse.
2005 4279 2078 4337 In
2128 4279 2336 4337 iisdem
2369 4279 2493 4337 Me.
2526 4278 2600 4346 11,
2639 4288 2795 4341 454·

288 4344 318 4398 ¹>
340 4338 415 4394 cf.
437 4340 695 4396 Potthast
762 4382 775 4395 .
802 4347 934 4403 589;
963 4341 1217 4396 Wichert
1235 4342 1326 4395 die
1348 4343 1457 4395 An·
1517 4375 1640 4429 598
1675 4365 1931 4424 habetur

231 4405 366 4460 ualen
405 4413 494 4465 H’s
534 4431 646 4468 von
751 4456 765 4470 .
805 4416 868 4470 A.
915 4414 1039 4468 cine
1086 4413 1457 4482 quellenkrit.

233 4475 621 4567 Untersuchung
641 4485 723 4539 im
751 4485 823 4538 N.
847 4486 1009 4541 Arch.
1037 4485 1078 4542 f.
1102 4490 1152 4543 a.
1180 4486 1235 4543 d.
1263 4484 1457 4539 Gesch.

235 4544 266 4606 ἱ.
286 4551 512 4614 369·394:
538 4556 778 4612 Michael
804 4556 985 4610 Ztsch.
1009 4557 1049 4610 f.
1075 4556 1236 4610 kath.
1263 4556 1459 4610 Theol.

238 4615 381 4675 XXVl
421 4630 571 4688 19021
598 4632 910 4688 525—528;
964 4627 1365 4683 Braunmfiner
1390 4629 1459 4681 H.

239 4689 378 4745 Abtv.
438 4699 520 4756 ,A.
537 4698 598 4752 in
612 4700 914 4759 Verhandl,
932 4699 1030 4754 des
1047 4699 1179 4754 hist.
1197 4700 1460 4753 Vereines
1598 4703 1633 4768 ¹)
1662 4697 1746 4751 Cf.
1798 4697 1938 4752 Will
1986 4699 2116 4758 hist.
2168 4698 2362 4754 Jahrb.
2410 4699 2477 4762 ΙΙ,
2522 4701 2801 4757 355-87;

242 4757 312 4811 fiir
331 4761 709 4825 Niederbaiern
749 4769 874 4824 XIX
919 4775 1077 4836 (1875
1104 4814 1116 4835 ,
1143 4774 1459 4830 287—328:
1519 4769 1782 4823 Possbhast
1793 4788 1857 4893 g.
1884 4775 1985 4826 221
2014 4787 2058 4825 s.

244 4830 393 4889 ΑΗΒ,
415 4839 630 4896 v‚N‚A,
651 4842 1054 4901 Metten1876;
1134 4843 1193 4898 L,
1219 4842 1463 4906 V‚1885·
1593 4845 1635 4912 ²)
1664 4839 1749 4894 Cf.
1840 4842 1981 4911 iogr.
2026 4843 2143 4895 nat.
2189 4841 2259 4893 de
2304 4840 2458 4909 Belg.
2506 4839 2625 4902 Vn,
2668 4845 2800 4899 759:

247 4903 369 4958 1887.
1488 4953 1494 4960 .
1521 4911 1900 4967 wattenbach
1930 4912 1994 4972 ΙΙ,
2024 4914 2089 4974 V,
2118 4920 2144 4978 ἓ
2172 4916 2257 4968 18.

1981 4361 2141 4448 (cum
2193 4366 2584 4446 praefatione)
2619 4367 2795 4427 Claro·

1513 4457 1681 4513 nicon
1711 4453 1985 4514 Poloniae
2016 4457 2086 4514 ad
2119 4475 2167 4514 a
2212 4466 2396 4526 1272,
2433 4457 2603 4533 cujus
2635 4457 2795 4533 prio·
