3475 5364
351 359 481 413 957
1476 342 1529 397 S.
1558 341 1899 396 Antoninus,
2849 359 2974 412 953

353 530 560 605 plures
591 526 993 587 cardinalibus
1025 532 1352 595 accensent,
1399 547 1519 586 non
1550 531 1640 585 ta-
1697 528 1943 587 seorsim
1978 549 2013 587 a
2042 529 2320 604 dogmate
2338 528 2742 587 tractaverint.
2776 546 2978 587 recen-

358 637 493 676 men
524 617 762 676 videtur
792 620 930 676 actu
961 617 1139 675 fnisse
1173 617 1504 687 cardinalis,
1539 616 1640 675 sed
1697 636 1824 677 sere
1859 619 2015 677 licet.
2050 618 2275 676 Horum
2307 635 2521 694 agmen
2564 617 2730 676 ducit
2777 617 2873 675 vir
2901 617 2976 675 il-

358 707 450 766 vir
479 710 705 773 tantus.
741 707 838 764 cni
868 706 1159 782 promotio
1205 706 1274 764 ad
1309 706 1638 765 cardinala-
1697 708 1926 775 lustris,
1945 726 2121 782 quem
2146 706 2400 766 Ecclesia
2419 706 2637 766 sanctis
2659 707 2975 766 accensuit.

347 800 487 854 >tum
521 795 1020 873 praesagiebatur.
1055 795 1316 853 Decessit
1349 797 1638 857 31.Mart.
1697 797 1751 857 S.
1785 798 2172 856 Antonius
2203 796 2488 875 (Antonio
2521 795 2581 854 di
2613 814 2709 855 ser
2739 794 2978 854 Niccolo

369 895 531 948 1466
567 905 615 942 a.
652 884 865 943 aetatis
901 893 1000 947 37.
1034 884 1191 943 Haec
1223 886 1351 958 ejus
1386 885 1637 961 scripta:
1696 885 1758 943 di
1807 886 2073 945 Pierozzo
2121 885 2194 942 de
2243 883 2619 962 Forciglioni)
2669 904 2704 943 a
2748 888 2978 944 statura

361 974 596 1049 Replica
614 993 727 1050 pro
738 992 906 1049 papa
932 972 1031 1031 Pio
1051 972 1137 1032 II.
1157 976 1219 1031 et
1241 973 1378 1032 sede
1399 992 1641 1033 romana
1697 994 1880 1050 parva
1912 975 2091 1051 vulgo
2123 977 2168 1033 A
2191 993 2230 1032 ιι
2246 977 2321 1034 to
2337 993 2378 1033 u
2395 975 2412 1032 i
2429 994 2469 1032 n
2485 995 2526 1033 u
2543 993 2570 1032 s
2621 974 2976 1050 appellatuS‚

349 1063 642 1122 adversus
669 1062 1018 1140 Gregorium
1043 1061 1266 1122 deHei
1287 1082 1344 1120 m
1361 1063 1400 1120 b
1418 1082 1455 1121 ιι
1474 1059 1638 1143 rg1)‚
1697 1064 2031 1123 Florentiae
2061 1068 2241 1123 natus
2272 1068 2362 1122 est
2392 1083 2439 1121 a.
2484 1072 2648 1127 1389
2685 1067 2851 1138 patre
2870 1063 2976 1121 Ni-

359 1171 495 1210 cum
527 1153 708 1227 hujus
752 1152 988 1228 scriptis
1035 1151 1194 1228 apud
1241 1152 1487 1211 Goldast
1517 1152 1640 1211 Mo·
1696 1153 1860 1212 colao
1890 1153 1962 1211 de
1995 1152 2367 1230 Forciglioni‚
2418 1172 2528 1212 avo
2560 1153 2827 1211 Pierozzo
2872 1172 2977 1227 pa-

358 1242 599 1300 narchia
630 1241 864 1317 imperii
894 1240 970 1309 ῙΙ,
1015 1250 1478 1311 1593--1604;
1514 1242 1643 1299 Zur
1696 1242 1846 1300 triae
1908 1242 2269 1318 reipublicae
2332 1245 2546 1316 quater
2606 1241 2977 1316 proconsule.

355 1331 690 1389 Geschichte
708 1331 807 1389 des
821 1330 1260 1405 Kar-dinalates,
1285 1329 1383 1389 eiu
1400 1331 1641 1389 Tractat
1697 1330 2033 1391 Admodum
2057 1330 2299 1406 juvenis
2329 1332 2634 1406 ingressus
2679 1334 2773 1388 est
2817 1330 2976 1389 ordi-

350 1420 462 1478 des
495 1421 559 1478 Β.
592 1437 708 1478 von
738 1419 936 1477 Feltre
985 1410 1111 1478 und
1144 1418 1383 1477 Treviso
1415 1419 1517 1478 Th.
1569 1421 1641 1477 de
1699 1439 1832 1479 nem
1867 1439 1911 1478 a.
1948 1421 2238 1480 Dominici
2282 1426 2343 1479 et
2389 1419 2598 1478 exinde
2631 1418 2825 1495 coepit
2853 1438 2977 1478 ma-

361 1509 511 1567 Lelli
541 1508 691 1568 iiber
721 1509 826 1567 das
859 1507 1228 1567 Verbaltniss
1264 1527 1379 1567 von
1411 1508 1643 1567 Primat
1697 1510 1873 1568 ximis
1924 1510 2142 1569 clarere
2173 1510 2520 1569 virtutibus.
2586 1508 2722 1567 Otio
2772 1527 2979 1583 perpe-

353 1598 484 1656 und
515 1598 883 1664 Kardinalat‚
916 1598 1004 1656 ed.
1027 1617 1060 1655 a
1081 1597 1409 1671 Sagmiiller
1427 1598 1640 1657 Romae
1698 1604 1871 1658 tuum
1905 1598 2119 1657 indixit
2152 1599 2397 1661 bellum.
2432 1616 2603 1657 omne
2635 1601 2872 1672 tempus
2903 1597 2977 1655 ab

369 1696 534 1751 1893
570 1688 634 1745 in
669 1696 723 1750 8.

1696 1688 1990 1747 exercitiis
2021 1687 2440 1762 spiritualibus
2459 1686 2716 1745 liberum
2738 1686 2979 1745 lectioni

1696 1781 1803 1835 aut
1863 1777 2171 1853 scriptioni
2223 1777 2542 1836 tribuebat.
2620 1774 2981 1851 Disciplinae

455 1875 598 1928 463.
633 1866 992 1924 Accedamus
1029 1867 1155 1940 jam
1201 1865 1275 1923 ad
1307 1866 1638 1941 tleeoloqiam
1700 1865 1989 1943 regularis
2010 1866 2413 1943 rigidissimus
2444 1866 2563 1923 fuit
2596 1866 2815 1933 custos,
2849 1864 2978 1922 fau·

355 1956 655 2029 moralem,
675 1956 846 2029 cujus
868 1954 1071 2029 plures
1098 1955 1375 2021 cultores9
1393 1954 1641 2029 quieam
1698 1959 1793 2014 tor
1822 1961 1883 2013 et
1913 1959 2218 2031 promotor
2246 1955 2543 2030 prudens:
2596 1952 2735 2012 hinc
2763 1952 2980 2028 prioris

434 2128 474 2197 ³)
504 2125 689 2179 Natus
705 2128 791 2179 est
806 2127 898 2180 Gr.
915 2126 984 2178 de
1001 2127 1050 2177 H
1068 2125 1200 2177 eim
1219 2125 1254 2179 b
1272 2143 1308 2178 u
1326 2143 1354 2177 r
1369 2143 1407 2193 g
1434 2124 1641 2194 (Reim-

359 2198 588 2269 burger)
632 2197 694 2251 in
739 2196 1054 2250 Franconia
1097 2196 1334 2249 ineunte
1380 2211 1489 2250 sec.
1522 2195 1640 2248 XV.

363 2267 500 2321 Erat
505 2268 653 2337 juris
668 2267 964 2335 utriusque
977 2267 1190 2321 doctor.
1203 2266 1474 2320 Interfuit
1488 2283 1645 2320 conc.

359 2338 662 2393 basileensi
690 2356 722 2392 o
767 2338 1056 2392 inionibus
1082 2337 1194 2392 illis
1215 2338 1492 2400 addictus,
1521 2337 1640 2405 qui-

359 2411 466 2464 bus
494 2410 738 2464 adhaere
779 2413 883 2463 ant
906 2409 1077 2463 etiam
1096 2409 1366 2463 Nicolaus
1383 2410 1641 2464 Cusanus

349 2486 418 2535 et
441 2483 657 2536 Aeneas
674 2480 923 2549 Sylvius,
950 2479 1044 2534 cui
1072 2482 1241 2535 erata
1258 2480 1505 2536 secretis.
1532 2480 1641 2534 Sed

359 2556 558 2624 postea
582 2554 656 2607 ab
683 2552 771 2606 his
798 2552 1052 2617 descivit,
1094 2553 1210 2605 imo
1252 2555 1311 2606 et
1347 2552 1552 2606 acriter
1579 2551 1640 2605 in

359 2640 455 2678 eos
482 2626 567 2677 est
590 2641 910 2678 conversus,
938 2623 1248 2694 Syndicum
1275 2641 1304 2677 e
1348 2624 1394 2677 it
1420 2623 1641 2676 Norim-

360 2697 688 2767 bergensem
705 2713 754 2753 a.
771 2701 859 2760 30,
885 2696 1019 2750 dein
1046 2698 1228 2767 (1458)
1257 2697 1303 2748 A
1333 2697 1490 2750 berto
1507 2695 1640 2749 duci

1700 2064 1915 2104 munus
1947 2045 2127 2104 variis
2158 2045 2221 2103 in
2251 2043 2628 2103 monasteriis
2656 2041 2856 2101 subire
2877 2042 2979 2100 de-

1699 2134 1850 2204 buit,
1883 2135 2198 2209 factusque
2244 2137 2337 2191 est
2383 2132 2641 2191 vicarius
2684 2131 2980 2206 generalis

1697 2223 2171 2299 congregationis
2192 2227 2476 2290 etruscae,
2510 2239 2662 2296 quae
2693 2221 2981 2296 compleo·
3052 2298 3057 2301 v

1697 2313 1938 2371 tebatur
1997 2312 2354 2371 monasteria
2414 2309 2825 2369 reformationi
2876 2309 2980 2368 ad-

1698 2402 1870 2460 dicta.
1921 2402 1991 2459 In
2042 2401 2402 2476 explicandis
2453 2398 2728 2458 consiliis
2778 2401 2982 2457 tantae

1698 2490 1818 2550 fuit
1880 2490 2267 2551 dexteritatis,
2318 2492 2391 2548 ut
2440 2486 2739 2548 communi
2789 2487 2982 2563 elogio

1699 2580 2056 2649 ‚Antoninus
2073 2578 2472 2639 consiliornm‘
2489 2577 2801 2636 diceretur.
2834 2576 2986 2635 Hinc

1697 2689 1832 2729 cum
1864 2671 2027 2746 prior
2058 2673 2218 2728 esset
2248 2670 2573 2728 conventus
2605 2664 2849 2734 romani,
2885 2685 2977 2724 ac-

362 2769 627 2821 Austriae
652 2783 687 2821 a
713 2767 968 2823 consiliis
1008 2770 1148 2830 erat,
1188 2767 1478 2836 hujusque
1515 2783 1641 2820 cau·
1697 2759 1854 2819 citus
1886 2760 2005 2818 fuit
2036 2758 2399 2818 sessionibus
2429 2761 2592 2815 rotae
2624 2774 2902 2814 romanae
2922 2760 2979 2814 et

362 2856 480 2892 sam
543 2842 741 2894 contra
802 2839 951 2903 card.
1003 2839 1291 2893 Cusanum
1344 2842 1403 2892 et
1451 2839 1641 2910 ipsum

363 2910 526 2964 Pium
555 2911 622 2967 11.
652 2909 927 2966 defendit.
957 2909 1103 2963 Hinc
1128 2910 1301 2978 hujus
1322 2913 1380 2963 et
1394 2909 1558 2964 Pauli
1575 2911 1641 2965 ΙΙ.

362 2982 1005 3036 excommunicationem
1017 2981 1275 3041 incurrit.
1293 2981 1450 3035 Obiit
1461 2985 1640 3035 tamen

365 3053 663 3123 poenitens
690 3057 747 3107 et
765 3071 894 3107 cum
917 3053 1170 3106 Ecclesia
1195 3057 1282 3109 19.
1311 3053 1475 3106 Mart.
1502 3058 1642 3110 1472

359 3124 760 3179 reconciliatus
823 3122 1087 3193 sequenti
1138 3140 1329 3178 mense
1381 3125 1643 3194 Augusto

1701 2849 2041 2908 Florentiae
2073 2847 2381 2906 adhibitus
2412 2847 2475 2904 in
2509 2844 2982 2920 congregationi-

1701 2939 1814 2996 bus
1847 2956 1954 3013 pro
1988 2936 2294 2996 efficienda
2326 2936 2546 2994 unione
2578 2952 2715 2993 cum
2748 2934 2984 3016 Graecis

1700 3027 1977 3086 Orientis.
2011 3028 2264 3102 Propter
2293 3029 2416 3084 tam
2433 3024 2698 3100 insignes
2719 3021 2981 3096 ejusdem

1700 3117 1870 3175 dotes
1902 3120 1963 3174 et
1995 3117 2207 3174 merita
2240 3115 2314 3173 ab
2345 3113 2613 3188 Eugenio
2644 3111 2738 3170 IV.
2772 3111 2984 3170 floren-

363 3196 616 3265 ejusdem
632 3213 682 3251 a.
711 3196 841 3250 Non
869 3199 956 3250 est
978 3197 1123 3249 ratio
1152 3212 1252 3249 cur
1272 3213 1558 3251 nonnemo
1579 3212 1643 3249 ex
1699 3204 1868 3264 tinus
1920 3205 2400 3280 archiepiscopus
2446 3222 2496 3260 a,
2549 3209 2713 3265 144ss
2763 3219 2984 3260 mmm-

364 3269 812 3337 protestantibus
837 3284 966 3320 eum
990 3268 1450 3337 praecursoribus
1474 3268 1643 3321 refor-

365 3338 632 3392 mationis
672 3343 978 3402 accenseat,
1018 3338 1132 3392 imo
1174 3355 1303 3392 eum
1332 3338 1645 3391 Lutherum

368 3409 579 3463 laicum
632 3412 812 3465 vocet.
877 3409 1254 3465 Vehementia
1304 3409 1645 3462 characteris

364 3497 498 3535 sane
524 3483 796 3551 abreptus
817 3482 984 3550 plura
998 3480 1330 3536 nullatenus
1352 3480 1646 3550 probanda

363 3553 585 3616 effudit,
630 3553 745 3606 imo
785 3553 1055 3606 acerrime
1095 3552 1157 3605 in
1183 3569 1323 3606 rom.
1350 3553 1646 3621 pontifices

362 3624 670 3689 invehitur,
716 3641 750 3676 a
795 3624 1063 3694 pontifice
1104 3624 1175 3677 ad
1217 3622 1521 3678 concilium
1551 3640 1646 3692 ap-

366 3696 573 3765 pellat:
600 3696 696 3749 sed
723 3696 912 3766 ipsum
941 3694 1251 3764 primatum
1269 3694 1493 3748 romani
1509 3712 1645 3764 pon-

369 3766 535 3820 tificis
561 3784 673 3821 non
705 3766 914 3837 rejecit.
965 3766 1024 3820 L.
1065 3769 1127 3820 de
1151 3770 1509 3834 confutatione
1524 3771 1644 3836 pro·-

365 3847 540 3892 matus
553 3858 746 3906 papae.
775 3839 874 3906 qui
893 3839 999 3891 sub
1018 3838 1142 3906 ejus
1164 3837 1395 3891 nomine
1417 3836 1647 3906 prodiit,

366 3914 451 3963 est
475 3908 676 3963 Matth.
721 3910 768 3962 D
788 3917 819 3963 ὃ
836 3928 865 3964 e
881 3910 941 3962 ri
961 3928 998 3961 n
1019 3928 1057 3979 g
1101 3911 1194 3978 (cf.
1221 3926 1394 3979 snpra
1423 3925 1477 3977 p.
1503 3914 1646 3978 931).

363 3979 556 4034 Laelio
584 3982 857 4052 opposuit
880 3985 1193 4050 Apologiam
1214 3984 1411 4033 contra
1429 3980 1647 4034 detrac-

369 4052 553 4106 tiones
581 4056 637 4106 et
668 4052 1046 4123 blasphemias
1073 4051 1177 4106 Th.
1206 4051 1398 4107 Laelii.
1427 4051 1587 4105 Alius
1615 4068 1648 4104 a

367 4126 560 4177 nostro
589 4127 674 4177 est
716 4123 1089 4177 Henricus
1124 4123 1193 4176 de
1242 4122 1649 4193 Heimburg

365 4194 443 4264 (fl.
472 4199 647 4266 1279),
675 4196 841 4265 cujus
869 4198 1005 4249 sunt
1024 4197 1257 4248 Annales
1273 4198 1390 4247 sive
1408 4194 1648 4248 Cronica

367 4265 738 4320 bohemorum
767 4268 840 4320 ab
866 4286 914 4321 a.
942 4269 1264 4323 861—1300
1302 4265 1550 4336 excerpti
1575 4266 1648 4318 ad

365 4356 417 4390 a.
445 4341 584 4394 1126
610 4355 674 4390 ex
702 4337 902 4391 Cosma
929 4336 1197 4407 pragensi
1216 4337 1277 4390 in
1295 4337 1445 4390 Mon.
1463 4338 1648 4390 Germ.

367 4407 543 4472 XVII,
570 4414 766 4466 712-18
795 4411 881 4465 ed.
910 4409 1099 4467 Perta:
1147 4411 1205 4460 et
1229 4409 1289 4460 in
1319 4408 1432 4461 Jos.
1463 4406 1651 4461 Emler

368 4478 576 4534 Fontes
615 4497 722 4535 rer.
765 4482 894 4535 boh.
921 4480 1015 4544 ΠΙ,
1043 4485 1308 4537 306--21,
1361 4478 1444 4532 Cf.
1472 4479 1648 4532 Stam-

366 4551 590 4620 minger
616 4552 726 4612 KL,
753 4553 838 4618 ν’,
862 4556 1173 4610 1648—52:
1203 4551 1345 4606 Paul
1370 4550 1651 4605 Joachim-

359 4623 528 4687 sohn,
557 4623 650 4678 Gr.
680 4624 1011 4694 Heimburg‚
1040 4623 1279 4676 Bamber
1363 4625 1519 4679 1891.
1548 4623 1650 4675 col.

367 4694 497 4750 hist.
523 4693 718 4750 Jahrb.
747 4699 903 4758 1896.
929 4699 1123 4751 554-9:
1153 4693 1284 4747 Pott
1325 4695 1415 4747 nst
1473 4697 1649 4750 .573⁹.

368 4767 448 4822 De
480 4764 704 4821 Henri
723 4767 784 4820 ci
812 4767 881 4820 de
911 4768 976 4820 H.
1004 4765 1308 4818 annalibus
1336 4765 1406 4818 cf.
1487 4781 1652 4818 rones

367 4836 533 4890 Arch.
582 4840 673 4890 fstr
717 4841 910 4894 osterr.
952 4837 1147 4891 Gesch.
1177 4837 1425 4890 LXXXV
1454 4840 1649 4906 (1900),

365 4915 396 4964 1
428 4925 498 4961 ss.

1701 3295 1892 3353 ciatus
1924 3299 2030 3362 est,
2084 3293 2187 3352 sed
2238 3292 2560 3369 aegerrime
2606 3288 2844 3347 tandem
2877 3308 2983 3347 nec

1700 3383 1821 3442 nisi
1853 3381 2195 3460 apostolicis
2214 3381 2391 3440 minis
2412 3378 2889 3456 perterrefactus,
2912 3385 2981 3435 ut

1701 3472 2106 3548 episcopatum
2141 3470 2449 3545 acciperet.
2471 3467 2788 3543 acquievit.
2822 3466 2894 3524 In
2915 3485 2983 3525 eo

1701 3579 1946 3619 munere
1978 3560 2073 3618 vix
2106 3559 2222 3617 dici
2253 3561 2453 3634 potest
2496 3559 2790 3631 quantum
2840 3574 2981 3629 pru-

1702 3650 1919 3719 dentia,
1938 3649 2199 3716 caritate,
2224 3645 2680 3706 mansuetudine
2701 3648 2760 3701 et
2793 3661 2985 3701 sacer-

1702 3739 1893 3797 dotali
1943 3738 2065 3796 zelo
2116 3737 2473 3795 excelluerit.
2550 3733 2714 3792 Vixit
2762 3732 2877 3790 etsi
2922 3733 2984 3789 in

1705 3832 1877 3886 tanta
1907 3826 2201 3903 dignitate
2246 3825 2611 3883 constitutus
2662 3825 2732 3880 ut
2762 3840 2988 3897 pauper

1703 3917 2038 3994 religiosus.
2073 3915 2172 3973 sed
2209 3914 2387 3973 simul
2419 3917 2489 3970 ut
2518 3910 2983 3970 beneficentissi-

1704 4026 1837 4064 mus
1870 4008 2089 4081 pastor‚
2124 4005 2291 4063 dives
2338 4004 2400 4061 in
2447 3999 2800 4076 elargiendis
2832 4000 2985 4058 elee-

1702 4095 1987 4171 mosynis,
2020 4093 2298 4153 omnibus
2330 4092 2526 4150 omnia
2557 4091 2763 4156 factus.
2796 4089 2986 4147 virtu-

1705 4186 1786 4243 tis
1820 4183 2133 4259 exemplar,
2168 4183 2454 4258 magister
2497 4180 2637 4238 cleri
2669 4183 2730 4236 et
2761 4179 2984 4254 populi,

1707 4292 1936 4331 morum
1971 4272 2332 4332 reformator.
2383 4269 2580 4344 Magni
2612 4269 2804 4326 factus
2835 4270 2925 4325 est
2956 4287 2989 4324 a

1706 4362 1962 4421 romanis
2007 4361 2419 4437 pontificibus3
2470 4359 2544 4416 ab
2591 4357 2858 4433 Eugenio
2890 4355 2986 4417 IV.

1707 4453 1951 4510 Romam
1991 4451 2212 4509 accitus
2261 4454 2355 4508 est
2406 4447 2510 4523 qui
2559 4446 2673 4505 sibi
2707 4445 2986 4504 morienti

1706 4541 2013 4599 assisteret
2056 4543 2237 4615 atque
2287 4539 2500 4597 ultima
2544 4534 2989 4594 administraret

1708 4633 2103 4694 sacramenta;
2161 4628 2440 4686 Nicolaus
2486 4626 2551 4684 V.
2604 4643 2741 4682 eum
2792 4643 2986 4681 secum

1707 4719 1962 4777 retinere
1996 4717 2189 4775 voluit
2207 4715 2632 4794 prohibuitque
2666 4711 2986 4769 tribunali-

1708 4808 1835 4864 bus.
1873 4826 1945 4864 ne
1977 4806 2430 4882 appellationem
2468 4803 2538 4862 ab
2571 4800 2991 4875 archiepiscopi

1709 4897 2007 4954 sententia
2069 4896 2457 4970 acceptarent.
2553 4890 2717 4949 Obiit
2789 4890 2989 4965 piissi-
