3475 5364
411 354 528 407 941
1317 337 1376 387 et
1401 332 1645 388 ecclesiis
1672 334 2128 403 particularibus,
2898 352 2971 405 94
2987 352 3020 405 2

411 524 502 581 vit
533 524 748 598 Caspar
779 522 1112 597 Holzapf
1121 522 1189 579 el
1234 523 1362 597 ejus
1408 521 1689 579 domesti-
1744 520 1904 597 King
1935 521 2139 598 Henry
2158 521 2255 580 VI.
2279 522 2511 596 Official
2533 522 3026 597 Gorrespondence

412 630 516 670 cus
548 618 609 671 et
640 611 1033 681 amanuensiS,
1068 611 1455 670 scholasticus
1489 614 1692 685 postea
1746 610 1813 669 of
1853 610 2101 669 Thomas
2152 611 2557 687 Bekynton
2619 615 2726 670 etc.
2779 612 3026 671 London

415 701 766 761 :senaoensis
796 701 863 758 in
894 700 1143 776 collegio
1158 699 1213 758 b.
1234 701 1315 769 V.,
1334 700 1407 759 ad
1423 719 1472 758 a.
1504 708 1688 767 1496,
1752 707 1919 761 1872
1968 703 2010 758 t.
2063 709 2116 762 2.
2181 701 2375 759 Natus
2425 704 2515 760 est
2564 701 2667 762 Th.
2715 701 3026 776 Bekynton

411 791 482 849 ad
535 810 713 867 quem
758 808 948 865 usque
994 795 1292 865 superstes
1337 790 1469 848 fuit.
1505 821 1592 832 --
1621 788 1693 845 In
1747 788 2130 865 Bekingtonii
2164 807 2210 848 c.
2251 799 2435 853 1400.
2469 790 2782 849 Absolutis
2816 790 3026 849 Oxonii
3093 823 3095 825 ·

411 881 617 939 eodem
659 880 765 938 illo
797 882 1169 955 syntagmate
1200 880 1498 956 reperitur
1527 880 1691 936 chro-
1751 878 1968 937 studiis
2000 878 2193 937 factus
2225 883 2315 937 est
2347 878 2515 937 ducis
2545 879 2856 956 glocestris
2888 899 3025 938 can-

417 971 580 1028 nicon
623 970 916 1027 mindense
964 968 1347 1028 Bussonis
1398 967 1691 1026 Waten-
1750 968 2045 1036 cellarius,
2079 967 2334 1027 Henrico
2355 967 2449 1026 VI.
2482 988 2531 1025 a.
2574 980 2728 1030 144]
2774 989 2808 1026 a
2839 987 3027 1028 secre-

419 1059 658 1118 stedii
687 1058 1014 1117 mindensis
1047 1058 1312 1118 canonici
1344 1056 1695 1116 hamelensis
1748 1056 1831 1115 tis
1864 1075 1930 1115 ac
1961 1057 2143 1132 sigilli
2176 1056 2394 1133 privati
2428 1063 2643 1127 6116166,
2692 1059 2830 1117 dein
2875 1060 3028 1133 epis-

418 1167 461 1204 a.
506 1158 690 1217 1460,
725 1147 885 1223 quod
917 1147 1032 1206 viri
1066 1147 1414 1207 criticiaFr.
1437 1145 1693 1204 Paullini
1751 1164 1932 1222 oopus
1952 1147 2339 1206 bathonensis
2357 1165 2706 1224 semperque
2722 1147 3027 1206 adhibitus

417 1237 730 1297 confictum
761 1240 1018 1295 censent.
1052 1271 1138 1279 -
1188 1236 1579 1296 Arnoldus
1624 1235 1696 1292 de
1750 1234 1814 1292 in
1875 1236 2133 1311 negotiis
2193 1236 2448 1311 publicis
2509 1241 2571 1294 et
2632 1236 3028 1312 legationibus

418 1327 858 1402 Bevergern
891 1325 1035 1385 civis
1066 1326 1548 1385 monasteriensis
1580 1325 1695 1382 lin-
1754 1321 1814 1404 (†
1867 1336 1965 1388 14.
2013 1325 2136 1383 Jul.
2210 1323 2417 1403 1465).
2481 1359 2568 1369 —
2631 1325 2911 1384 Petrus
2957 1325 3028 1383 de

417 1434 533 1489 gua
580 1416 898 1474 vernacula
946 1415 1184 1490 scripsit
1230 1417 1534 1475 chronicon
1581 1432 1695 1472 mo-
1752 1413 2027 1490 'l'hymo
2059 1433 2175 1472 van
2206 1414 2312 1472 der
2341 1414 2589 1489 Heyden
2627 1415 2938 1474 canonicus
2971 1420 3029 1472 et

417 1506 763 1564 auster-ieme
797 1501 1267 1586 (mv-1457),
1320 1505 1480 1580 quod
1510 1503 1698 1562 edidit
1751 1502 2158 1563 thesaurarius
2209 1521 2252 1564 s.
2306 1503 2576 1562 Gudulae
2642 1504 3029 1563 bruxellensis

419 1594 753 1653 Matthaeus
786 1594 996 1653 Annal.
1029 1597 1145 1651 vet.
1171 1596 1300 1653 aevi
1333 1594 1435 1664 V2‚
1480 1604 1577 1655 1·1
1603 1603 1695 1662 183
1756 1588 1816 1672 (†
1869 1602 1967 1655 26.
2018 1593 2189 1653 Febr.
2262 1590 2450 1669 1473)
2526 1593 2901 1652 concinnavit
2960 1613 3031 1650 ex

417 1688 646 1758 partem
707 1701 846 1741 vero
907 1701 1042 1740 cum
1114 1684 1561 1743 continuatione
1623 1683 1696 1741 ab
1753 1681 2181 1756 diplomatibus
2228 1682 2378 1739 utile
2424 1683 2729 1740 chronicon
2760 1682 3029 1741 Brabon-

416 1792 465 1830 ει.
541 1782 703 1836 1424
724 1781 975 1835 -1524
1054 1772 1264 1831 Ficker
1326 1772 1697 1832 Geschichts-
1753 1772 1883 1847 tiae,
1920 1771 2092 1845 cujus
2111 1774 2154 1828 t.
2197 1782 2245 1830 1.
2279 1771 2351 1829 ad
2383 1790 2433 1829 a.
2459 1780 2601 1833 814.
2635 1775 2872 1829 tantum
2891 1790 3028 1846 pro-

416 1861 657 1935 quellen
702 1862 806 1919 des
852 1861 1041 1919 Bisth.
1089 1862 1358 1921 Miinster
1398 1863 1443 1925 1,
1483 1871 1697 1924 244—
1753 1860 1868 1917 diit
1899 1878 2022 1921 cur.
2055 1860 2127 1918 de
2160 1859 2536 1935 Reiffenberg
2566 1860 2894 1936 inscriptus
2916 1861 2974 1918 P.
2998 1881 3031 1918 a

424 1959 632 2012 89—:3
646 1960 744 2014 03.
816 1985 899 1993 —
962 1950 1347 2010 Henricus
1408 1951 1700 2010 Wolter
1755 1948 1977 2024 Thymo
1992 1949 2240 2008 historia
2254 1951 2628 2024 diplomatica
2649 1950 3027 2020 Brabantiae,

419 2040 734 2098 canonicus
766 2060 808 2097 s.
843 2039 1152 2099 Auscharii
1184 2042 1427 2099 Bremae
1472 2041 1695 2099 archie-
1754 2038 2051 2097 Bruxellis
2095 2048 2257 2102 1830
2293 2039 2358 2096 111
2393 2048 2449 2098 4.
2513 2039 2762 2114 Collegit
2794 2056 3030 2114 quoque

416 2130 749 2202 piscopatus
779 2130 1090 2187 bremensis
1112 2132 1419 2189 chronicon
1453 2126 1697 2208 (788-
1752 2128 2244 2203 martyrologium
2263 2127 2631 2186 Brabantiae.
2659 2128 2817 2203 quod
2832 2132 3033 2186 tamen

429 2214 623 2299 1463)
671 2237 886 2294 magna
942 2236 1010 2275 ex
1073 2222 1241 2294 parte
1291 2219 1582 2294 excerpsit
1631 2237 1698 2276 ex
1754 2217 1974 2274 mansit
2035 2214 2403 2293 ineditum1).
2465 2250 2551 2260 —
2614 2217 3033 2275 Rodericus

421 2307 987 2383 Rynesberc‘hii
1065 2309 1270 2367 vicarii
1346 2308 1699 2367 cathedralis
1755 2306 2013 2364 Sancii
2048 2306 2120 2365 de
2152 2306 2403 2365 Arevalo
2437 2308 2613 2364 natus
2645 2307 2709 2363 in
2741 2307 2958 2382 oppido
2990 2325 3031 2365 s.

421 2394 482 2477 (jl’
522 2392 714 2475 1406)
750 2399 811 2455 et
841 2395 1212 2455 Herberti
1246 2397 1536 2455 Schene
1585 2397 1699 2455 cel·
1755 2394 1970 2453 Mariae
2020 2396 2093 2454 de
2122 2395 2312 2453 Nieva
2358 2395 2722 2471 segoviensis
2754 2395 3035 2454 dioecesis

420 2485 617 2544 lerarii
667 2485 1022 2544 cathedralis
1067 2490 1127 2544 et
1176 2486 1442 2546 canonici
1488 2506 1532 2544 s,
1579 2488 1700 2544 An·
1754 2503 1802 2542 a.
1844 2494 2046 2553 1404„
2080 2488 2219 2560 post
2248 2484 2564 2542 decursum
2596 2484 2660 2542 in
2678 2485 3035 2543 salmantina

421 2571 1702 2656 scharii(†ante1418)Bremischc0hronik
1755 2573 2056 2632 academia
2079 2574 2235 2648 juris
2268 2573 2468 2632 studio
2516 2573 2868 2632 decennium
2900 2591 3033 2632 sus-

422 2664 580 2743 (cum
609 2664 1158 2724 continuationibus
1188 2666 1261 2725 ad
1277 2685 1326 2723 a.
1351 2673 1515 2729 1518
1544 2664 1700 2740 apud
1757 2666 2040 2739 ceptaque
2084 2663 2426 2722 doctoratus
2471 2662 2728 2740 insignia
2768 2663 3035 2723 sacerdos

421 2754 807 2830 Lappenberg
839 2755 1423 2830 Geschichtsquellen
1441 2755 1543 2813 des
1563 2756 1700 2814 Erz-
1756 2753 1948 2811 factus
1978 2753 2160 2812 variis
2203 2753 2340 2812 inde
2385 2772 2491 2829 per
2521 2752 2863 2828 Hispaniam
2906 2753 3035 2829 dig-

422 2843 616 2902 stiftes
648 2844 773 2901 und
814 2844 920 2902 der
947 2844 1123 2903 Stadt
1154 2847 1402 2903 Bremen
1436 2865 1493 2920 p.
1530 2855 1697 2907 55--
1758 2842 2052 2901 nitatibus
2100 2848 2192 2901 est
2223 2842 2573 2919 perfunctus
2621 2845 2801 2917 atque
2830 2843 3034 2917 plures

430 2928 598 3014 176),
649 2933 809 3008 quod
857 2933 1046 2992 edidit
1095 2934 1552 2992 Meibomius
1604 2933 1700 2991 SS.
1757 2932 1910 2990 obiit
1938 2931 2261 3008 legationes
2304 2932 2379 2990 ad
2426 2949 2697 2989 romanos
2729 2931 3035 3006 pontifices

423 3040 531 3080 rer.
565 3039 746 3098 germ.
767 3022 842 3090 ΙΙ,
872 3033 897 3083 1
916 3030 1148 3085 9-82.
1181 3024 1326 3098 Ejus
1345 3042 1581 3098 qnoque
1613 3025 1703 3080 est
1758 3025 1820 3081 et
1852 3022 2083 3098 aliquot
2113 3021 2427 3098 principes
2491 3021 2805 3080 Promotus
2838 3025 2931 3078 est
2962 3021 3034 3078 ad

422 3111 727 3170 chronicon
758 3112 1100 3188 rastedense,
1135 3112 1213 3169 ib.
1240 3122 1564 3183 89-119,
1601 3111 1701 3171 sed
1760 3110 1957 3170 sedem
1990 3115 2357 3178 ovetensem3
2390 3109 2748 3168 castellanus
2778 3109 2957 3168 castri
2991 3127 3034 3167 s.

423 3200 740 3259 admodum
770 3200 1077 3271 mendose;
1124 3202 1281 3276 apud
1313 3200 1702 3276 Langenbeek
1759 3200 1972 3274 Angeli
2021 3199 2238 3258 Romae
2270 3219 2301 3257 a
2334 3199 2518 3257 Paulo
2549 3198 2622 3255 11.
2675 3198 3035 3257 constitutus

425 3290 541 3347 Sor.
585 3308 694 3346 rer.
743 3290 876 3349 dan.
922 3290 1026 3358 111,
1086 3300 1444 3354 166-209,
1479 3323 1565 3333 -—
1600 3290 1703 3348 Si·
1760 3293 1878 3348 est:
1930 3290 2034 3364 qui
2086 3289 2238 3347 idem
2290 3288 2554 3363 pontifex
2605 3287 2869 3361 ejusdem
2902 3287 3037 3345 fidei

423 3378 886 3453 gismundus
962 3379 1232 3438 Bosicz
1294 3380 1540 3438 Silesius
1614 3379 1704 3438 vi·
1760 3397 1961 3437 curam
2040 3378 2334 3436 Ecclesiae
2410 3395 2683 3435 romanae
2743 3377 3038 3434 commisit

423 3467 616 3526 carius
667 3466 1021 3525 cathedralis
1082 3474 1142 3526 et
1192 3469 1503 3528 subcustos
1551 3465 1613 3549 (†
1658 3486 1702 3526 c.
1761 3484 2014 3540 eumque
2099 3467 2173 3524 ad
2248 3482 2638 3524 zamorensem
2717 3465 3036 3530 ecclesiam,

433 3553 625 3638 1470)
660 3556 899 3615 exhibet
938 3558 1267 3616 chronicam
1299 3562 1360 3616 et
1390 3576 1705 3616 numerum
1760 3555 1971 3615 deinde
2016 3555 2089 3613 ad
2135 3555 2645 3630 calagurritanam,
2694 3553 2933 3611 tandem
2965 3555 3039 3611 ad

423 3646 832 3722 episcoporum
851 3646 1408 3707 wratislaviensium
1450 3657 1706 3709 1051—
1762 3645 2123 3722 palentinam
2154 3643 2467 3702 transtulit
2500 3639 2562 3725 (†
2596 3652 2650 3703 4.
2674 3642 2798 3701 Oct.
2830 3641 3037 3722 1470).

434 3744 618 3799 1468.
682 3755 858 3810 quem
920 3735 1109 3793 edidit
1169 3736 1371 3794 Franc.
1432 3735 1708 3794 Wachter
1762 3734 2024 3793 Plurima
2055 3733 2305 3808 reliquit
2337 3751 2512 3808 opera
2544 3731 2682 3789 stilo
2714 3750 2923 3808 pamm
2943 3751 3039 3788 ex-

428 3824 523 3882 SS.
556 3843 666 3882 rer.
700 3824 854 3882 siles.
888 3824 1015 3894 XII,
1053 3833 1347 3896 31—363
1409 3824 1496 3882 W.
1530 3826 1706 3884 Ketr-
1761 3823 1937 3890 culto,
1990 3827 2060 3880 ut
2110 3824 2233 3898 ipse
2277 3822 2518 3880 fatetur.
2573 3826 2631 3878 et
2682 3821 3038 3894 quandoque

423 3911 626 3988 zynski
686 3913 750 3972 in
801 3914 956 3972 Mon.
1003 3915 1125 3974 Pol.
1179 3915 1315 3972 hist.
1371 3923 1555 3977 1893.
1606 3914 1703 3982 VI,
1761 3912 2011 3972 barbaro
2057 3912 2403 3987 conscripta,
2457 3910 2560 3969 sed
2610 3909 2819 3984 utique
2869 3910 3040 3968 docta

428 4013 551 4065 576
571 4011 766 4073 —84;
849 4003 1023 4061 Gesta
1101 4005 1326 4062 diversa
1390 4003 1707 4062 transactis
1761 4006 1822 4061 et
1854 4000 2270 4077 humaniorum
2317 3999 2765 4075 disciplinarum
2796 3998 3040 4059 floribus

425 4091 795 4167 temporibus
853 4092 1009 4150 facta
1068 4093 1132 4150 in
1184 4093 1393 4150 Silesia
1441 4097 1502 4151 et
1563 4092 1707 4151 alibi
1763 4110 1935 4167 saepe
1968 4108 2299 4166 conspersa.
2350 4089 2433 4147 Ex
2466 4089 2557 4146 his
2588 4106 2777 4164 pauca
2808 4088 3038 4164 prodie-

435 4189 863 4244 1238-1470
912 4183 1052 4240 stilo
1099 4182 1337 4256 quidem
1386 4182 1556 4250 sicco,
1605 4182 1706 4240 sed
1763 4185 1937 4239 runt:
2002 4179 2266 4239 Historia
2311 4180 2614 4252 hispanica
2658 4179 2731 4235 ab
2779 4178 3041 4236 adventu

426 4272 696 4328 accurate
757 4275 819 4328 et
880 4271 1200 4346 diligenter
1250 4271 1449 4340 relata,
1501 4271 1565 4328 in
1614 4289 1704 4346 op.
1764 4270 2036 4328 Herculis
2049 4270 2121 4327 ad
2142 4273 2414 4344 tempora
2426 4267 2664 4325 Henrici
2676 4266 2769 4325 IV.
2788 4266 2843 4340 (1
2862 4276 2940 4328 46
2953 4264 3037 4346 9).

428 4361 681 4433 utroque
714 4378 898 4434 supra
929 4360 1060 4430 cit.;
1116 4360 1376 4418 Berichte
1426 4360 1567 4418 aber
1616 4361 1707 4418 die
1763 4359 2061 4417 Palentiae
2087 4369 2247 4421 1470
2272 4357 2427 4426 inf.;
2461 4357 2833 4415 Francofurti
2874 4365 3037 4419 1603

429 4447 867 4526 Husitenkrieyc
916 4450 1002 4506 ed.
1051 4469 1086 4507 a
1135 4450 1311 4509 Colm.
1347 4449 1705 4524 Griinhagen
1763 4453 1870 4506 etc.
1937 4448 2024 4505 Dc
2053 4447 2390 4506 monarchia
2420 4446 2576 4504 orbis
2616 4451 2677 4503 et
2709 4446 2781 4503 de
2813 4444 3041 4520 origine

425 4536 522 4596 SS.
557 4555 772 4594 rerum.
808 4537 960 4596 61166.
1016 4547 1199 4602 1871.
1245 4537 1344 4600 VI.
1389 4547 1636 4601 158-——6
1650 4546 1704 4601 3.
1761 4542 1821 4595 et
1853 4536 2187 4595 differentia
2218 4536 2591 4613 principatus
2623 4534 2949 4610 imperialis
2980 4537 3042 4591 et

1762 4626 1996 4702 regalis.
2046 4627 2257 4685 Romae
2298 4635 2479 4689 1521.
2544 4625 2848 4699 Speculum
2892 4626 3041 4681 vitae

517 4726 662 4778 457.
696 4715 889 4775 Multa
920 4735 1027 4792 pro
1050 4716 1299 4775 historia
1317 4716 1707 4774 ecclesiastica
1760 4716 2069 4791 humanae,
2102 4716 2294 4790 inquo
2312 4713 2722 4773 discutiuntur
2736 4712 3043 4770 commoda

427 4804 674 4881 Angliae
736 4806 1128 4881 reperiuntur
1188 4806 1251 4862 in
1313 4824 1404 4881 op.
1470 4805 1704 4880 Georgii

425 4893 715 4952 Williams
777 4895 1109 4954 Memorials
1173 4896 1239 4953 os
1280 4894 1380 4954 the
1429 4894 1598 4970 reign
1648 4895 1713 4953 of
1842 4906 1877 4975 ¹)
1907 4904 1988 4957 Cf.
2018 4902 2211 4956 Oudin
2239 4904 2333 4966 111,
2362 4907 2502 4960 2634
2529 4920 2569 4956 s.
