3475 5364
599 326 723 380 435
837 314 1209 367 1276-1300.
1235 308 1648 380 Hagiographi.
1676 308 1894 375 Petrus,
1922 308 2135 364 Theod.
2161 308 2231 363 de
2256 310 2363 379 Ap.
2381 308 2582 364 Petrus
2597 308 2667 363 de
2683 307 2870 362 Dacia
2890 312 3008 366 etc.
3125 324 3244 377 435

597 496 910 572 episcopus
956 496 1305 554 cusentinus
1339 491 1585 575 (1267),
1636 495 1877 554 demum
1930 499 2050 554 ant.
2097 494 2164 564 V,
2224 505 2342 559 143
2394 492 2507 576 (ed.
2559 496 2745 565 2.1v,
2811 503 3244 563 113—152›;

606 584 1701 661 l272patriarchahierosolymitanus,
1715 585 1874 660 quia,
1931 585 2221 661 quaedam
2270 604 2339 643 ex
2390 585 2628 644 duobus
2689 584 2864 645 codd.
2928 583 3252 659 supplevit

598 677 670 732 ut
711 674 921 732 scribit
952 674 1270 750 Gregorius
1302 673 1367 731 X.
1415 674 1489 732 ad
1530 674 1874 748 Philippum
1931 675 2208 734 Struvius
2239 674 2302 732 in
2334 674 2485 732 actis
2518 674 2670 734 liter.
2704 673 2780 732 11.
2815 674 2980 732 fasc.
3029 684 3051 735 1
3084 694 3099 730 :
3141 674 3247 732 Ge·

595 763 700 821 111.
735 762 959 821 Galliae
988 782 1204 839 regem,
1257 765 1385 821 erat
1433 763 1567 831 ,vir
1596 762 1876 838 profundi
1930 783 2052 840 org.
2087 764 2239 840 Pray
2272 764 2338 822 in
2370 764 2506 822 Vita
2538 782 2582 822 s.
2616 763 3050 823 Elisabethae.
3108 761 3252 837 Tyr·

596 851 873 928 pectoris,
933 851 1216 910 altissimi
1263 852 1516 921 consilii,
1579 853 1876 911 virtutum
1930 853 2138 912 navias
2167 863 2331 917 1770
2365 872 2422 929 p.
2447 861 2694 923 3—-283
2731 856 2924 911 vitam
2963 871 3022 914 ε.
3047 851 3251 909 Domi·

597 941 868 1000 claritate
944 942 1301 1016 conspicuus
1378 943 1440 999 et
1514 940 1879 1016 experientia
1931 938 2065 1012 nici,
2130 961 2307 1017 quam
2371 942 2636 1018 Cuperus
2697 942 2762 1000 in
2810 944 2964 1000 Act.
3027 941 3130 1000 88.
3181 939 3256 999 ad

596 1031 790 1089 multa
816 1029 1125 1105 probatus,
1159 1030 1223 1087 in
1244 1031 1415 1106 cujus
1436 1031 1711 1089 manibus
1730 1031 1877 1089 alias
1933 1041 1988 1093 4.
2021 1033 2173 1108 Aug.
2211 1032 2253 1099 Ι,
2291 1040 2637 1094 562-632
2674 1048 2811 1090 cum
2854 1032 3248 1089 commenta·

598 1119 793 1177 virtus
814 1119 1114 1177 Altissimi
1132 1123 1350 1177 statum
1375 1124 1567 1179 terrae
1588 1116 1874 1200 (sanctae)
1929 1121 2018 1179 rio
2067 1121 2307 1196 praevio
2357 1121 2611 1179 exhibet.
2664 1153 2751 1163 —
2801 1121 3123 1178 Petrus
3181 1117 3256 1175 de

597 1207 1311 1275 d'rrexit,duminibitunc
1328 1208 1876 1268 bethlehemitanae
1931 1210 2163 1268 Dacia
2213 1210 2298 1269 sic
2343 1229 2378 1269 a
2421 1209 2731 1286 provincia
2763 1209 2827 1267 Ο.
2864 1207 3101 1267 Praed.
3153 1207 3256 1265 de·

596 1297 913 1373 episcopus
943 1297 1297 1356 auctoritate
1330 1298 1485 1356 sedis
1517 1299 1877 1374 apostolicae
1930 1298 2099 1367 eima,
2153 1317 2303 1374 quae
2335 1299 2602 1367 Daniam,
2651 1298 2938 1380 Sueciam
2992 1302 3062 1356 et
3097 1296 3252 1354 Nor-

596 1386 912 1463 legationis
943 1405 1188 1445 munere
1220 1386 1611 1463 fungeretur‘
1657 1392 1766 1446 etc.
1815 1384 1876 1467 (†
1929 1388 2161 1464 vegiam
2223 1387 2743 1465 complectebatur,
2806 1389 3249 1462 nuncupatus,

605 1484 723 1538 127
736 1473 816 1553 7).
852 1474 1132 1550 ‘Scripsit
1180 1478 1354 1535 vitam
1402 1494 1449 1540 s.
1488 1475 1645 1534 Petri
1678 1476 1760 1537 M.
1811 1476 1873 1535 Ο.
1930 1477 2139 1535 Wisbii
2172 1477 2236 1536 in
2269 1477 2585 1536 Gotlandia
2633 1477 2834 1536 insula
2880 1480 3092 1535 nat-us
3142 1478 3247 1532 est.

597 1564 821 1633 Praed..
844 1583 1024 1639 quam
1040 1565 1321 1623 exhibent
1335 1569 1464 1623 scta
1480 1565 1576 1624 88.
1598 1575 1695 1629 29.
1714 1567 1873 1640 Apr„
1930 1565 2229 1625 Coloniam
2291 1566 2512 1624 missus
2563 1566 2678 1625 sub
2728 1566 3000 1624 Alberto
3058 1564 3138 1621 M„
3191 1568 3254 1621 et

595 1654 702 1722 ΙΙΙ,
730 1662 1076 1716 686-719
1098 1654 1320 1729 passim
1342 1653 1616 1729 pluribus
1641 1657 1874 1713 auctam
1928 1655 2168 1714 Parisiis
2217 1656 2329 1714 sub
2361 1674 2404 1714 s.
2435 1655 2656 1714 Thema
2702 1654 2935 1714 studiis
2995 1671 3248 1729 operam

597 1762 665 1801 ex
699 1742 833 1800 aliis
855 1744 1255 1802 monumentis
1275 1744 1348 1801 ab
1369 1744 1680 1802 Ambrosio
1712 1744 1873 1803 Tae·
1929 1743 2123 1813 dedit;
2175 1745 2314 1802 dein
2367 1744 2724 1821 Skeningiae
2774 1744 2837 1803 in
2892 1743 3248 1820 praecipuo

596 1832 737 1909 gio,
770 1832 855 1888 ita
886 1833 1086 1890 tamen
1117 1835 1189 1890 ut
1219 1832 1541 1909 diligenter
1559 1852 1710 1908 quae
1732 1835 1877 1891 sunt
1931 1851 2072 1892 suae
2104 1834 2442 1908 provinciae
2475 1833 2678 1892 studio
2711 1834 2900 1891 lector
2935 1838 3040 1891 est
3065 1832 3243 1890 insti-

597 1920 852 1978 Thomae
884 1921 957 1978 ab
989 1920 1232 1979 insertis
1264 1922 1517 1981 aliorum
1535 1922 1762 1997 ubique
1783 1922 1874 1979 di·
1929 1926 2120 1992 tutus,
2178 1923 2340 1997 prior
2388 1925 2593 1997 postea
2644 1922 2854 1980 Wisbii
2908 1932 2976 1981 et
3039 1920 3244 1979 socius

597 2009 986 2085 stinguantur
1000 2003 1064 2091 ¹).
1117 2043 1203 2054 —-
1254 2012 1532 2069 Petrus
1584 2030 1705 2069 can.
1755 2030 1874 2087 reg.
1929 2012 2307 2086 provincialis
2356 2009 2417 2092 (†
2463 2030 2509 2069 c.
2565 2008 2778 2091 1288).
2843 2012 3013 2070 Dum
3069 2009 3237 2069 Colo·

597 2118 641 2157 s.
705 2097 987 2156 Autberti
1066 2101 1641 2158 cameracensis
1695 2102 1877 2175 jussu
1930 2101 2063 2159 niae
2113 2101 2357 2178 degeret
2406 2118 2542 2159 cum
2603 2100 2864 2160 mirabili
2917 2099 3244 2159 christina

597 2187 885 2246 Guidonis
915 2188 1175 2263 episcopi
1199 2189 1621 2247 cameracensis
1645 2187 1877 2269 (1296-
1931 2190 2324 2249 stumbelensi
2359 2186 2418 2270 (†
2442 2199 2496 2251 6.
2519 2188 2664 2248 Nov.
2708 2196 2905 2255 1312)
2943 2206 3235 2265 magnam

604 2272 796 2355 1302)
830 2277 1013 2335 vertit
1044 2296 1111 2335 ex
1144 2277 1376 2354 vulgari
1422 2278 1704 2337 idiomate
1749 2278 1876 2336 bel·
1932 2278 2071 2337 iniit
2084 2277 2605 2347 necessitudinem,
2639 2297 2815 2354 quam
2836 2278 3046 2337 literis
3065 2275 3236 2336 fovit.

578 2365 725 2441 ‚gioo
769 2365 832 2422 in
881 2366 1135 2425 latinum
1180 2369 1360 2425 vitam
1400 2385 1475 2427 ss.
1506 2368 1773 2443 Dymnae
1818 2367 1875 2423 V.
1934 2368 2182 2443 Collegit
2214 2368 2276 2426 ll.
2326 2377 2362 2431 3
2412 2369 2543 2443 ejus
2593 2372 2725 2427 acta
2776 2363 3010 2449 (usque
3060 2366 3136 2425 ad
3183 2384 3232 2423 a.

596 2461 650 2512 et
696 2454 1005 2513 Gereberm’
1052 2456 1365 2514 sacerdotis
1410 2474 1519 2514 sec.
1570 2456 1692 2515 VII.
1740 2457 1874 2514 MM.
1942 2454 2153 2535 1287),
2187 2476 2338 2532 quae
2358 2457 2541 2532 digna
2572 2457 2808 2516 censuit
2839 2455 3231 2532 Papebro-

575 2543 774 2628 ·Gelae
818 2543 883 2600 in
926 2544 1268 2615 Brabantia,
1320 2564 1497 2620 quam
1542 2546 1877 2604 versionem
1931 2546 2110 2605 ohiu
2129 2564 2156 2604 s
2188 2549 2261 2605 ut
2291 2546 2457 2605 Actis
2488 2546 2584 2605 88.
2617 2546 3126 2605 annotationibus
3157 2543 3228 2601 il·

597 2631 884 2691 sinceram
932 2632 1345 2710 integramque
1394 2634 1667 2711 vulgavit
1714 2635 1877 2693 Hen·
1931 2635 2185 2695 lustrata
2204 2635 2495 2695 insereret
2526 2634 2598 2694 ad
2623 2643 2722 2698 22.
2744 2634 2887 2695 Jun.
2923 2635 3029 2696 IV.
3071 2642 3227 2697 275·-

599 2722 878 2780 schenius
913 2722 976 2781 in
995 2723 1159 2780 Actis
1181 2723 1275 2781 88.
1306 2735 1399 2786 15.
1422 2724 1555 2800 Maj.
1577 2725 1680 2794 ΙΙΙ,
1719 2734 1874 2787 479·
1935 2735 2081 2794 426,
2116 2726 2334 2801 quibus
2356 2725 2803 2784 emendationes
2823 2725 3055 2801 adjecit
3076 2724 3235 2792 Que-

601 2820 718 2880 89;
770 2810 1006 2888 vulgari
1056 2812 1333 2871 idiomate
1380 2814 1682 2888 prodierat
1725 2816 1876 2873 Ant·
1929 2814 2012 2872 tif
2033 2815 2080 2882 1,
2107 2825 2230 2880 408
2256 2833 2333 2873 ss.
2379 2816 2451 2873 In
2481 2816 2747 2873 actorum
2781 2815 2967 2873 titulo
3002 2813 3226 2872 dicitur

596 2898 834 2975 verpiae
903 2909 1086 2963 1640.
1150 2934 1237 2943 —
1299 2902 1736 2961 Guilelmus
1805 2903 1877 2962 de
1931 2904 2143 2962 Petrus
2173 2903 2408 2981 puellae
2438 2903 2531 2962 illi
2570 2903 2794 2972 ,datus
2826 2903 3135 2962 divinitus
3165 2901 3225 2957 in

597 2988 1018 3048 Mechlinia
1080 2989 1236 3047 OSB.
1287 2991 1449 3066 prior
1497 2992 1560 3049 in
1610 2991 1874 3061 Wauria,

597 3077 734 3136 dein
770 3078 951 3136 abbas
985 3097 1028 3136 s.
1065 3078 1360 3138 Trudonis
1411 3078 1470 3162 (†
1509 3079 1700 3158 1297)
1735 3100 1874 3139 nar-

598 3171 691 3225 rat
722 3167 897 3226 vitam
929 3186 975 3226 2⁰.
997 3168 1284 3226 Beatricis
1314 3169 1632 3244 priorissae
1664 3171 1736 3228 de
1757 3171 1875 3228 Na·

597 3256 795 3314 zareth
827 3275 1008 3331 prope
1039 3256 1172 3315 Lier
1203 3258 1265 3315 in
1297 3259 1619 3317 Brabantia
1652 3260 1714 3318 Ο.
1736 3259 1875 3317 Cist.

599 3344 658 3418 (†
716 3341 928 3425 1268),
994 3365 1171 3421 quam
1234 3347 1414 3405 habes
1465 3348 1625 3423 apud
1674 3349 1875 3424 Chrys.

594 3434 929 3510 Henriquez
950 3433 1224 3510 Quinque
1255 3436 1578 3511 prudentes
1610 3437 1877 3514 virgines

596 3525 723 3582 sive
771 3524 818 3587 b.
854 3524 1142 3582 Beatricis
1189 3570 1202 3584 .
1250 3569 1266 3584 .
1302 3572 1314 3584 .
1353 3528 1671 3598 praeclara
1715 3533 1877 3604 qesta

595 3613 959 3689 Antverpiae
1014 3623 1198 3676 1630.
1244 3648 1333 3658 -
1380 3616 1657 3691 Birger
1706 3616 1874 3675 Gre-

594 3722 633 3779 g
645 3721 679 3761 o
692 3702 786 3760 rii
808 3702 1282 3777 archiepiscopus
1295 3705 1629 3779 upsalensis
1646 3701 1702 3785 (1
1719 3715 1753 3766 3
1765 3714 1798 3766 6
1810 3715 1876 3767 6-

600 3787 730 3871 83),
780 3791 884 3866 qui
932 3792 1229 3867 insignem
1278 3793 1516 3869 scripsit
1566 3793 1877 3852 historiam

593 3880 1045 3938 ecclesiasticam
1080 3877 1516 3962 (deperditam),
1554 3884 1725 3940 vitam
1742 3902 1877 3941 nar·

595 3973 689 4027 rat
710 3988 753 4028 s.
775 3970 1061 4045 Briyittae
1092 3970 1353 4029 suecicae
1389 3968 1449 4050 (†
1478 3967 1691 4052 1373),
1726 3990 1878 4047 quae

601 4061 798 4116 exstat
828 4059 890 4116 in
922 4059 1086 4117 Actis
1120 4059 1213 4117 88.
1251 4068 1303 4122 8.
1328 4060 1451 4117 Oct.
1477 4060 1574 4130 IV,
1612 4071 1876 4124 485·95.

598 4179 685 4189 —
707 4147 1197 4206 Theodericus
1231 4148 1302 4206 de
1334 4150 1670 4224 Apoldia
1691 4147 1878 4230 (Thu-

594 4235 822 4312 ringiae
854 4236 1069 4313 oppido
1102 4256 1221 4295 non
1252 4238 1458 4315 procul
1480 4238 1684 4297 aJena
1711 4235 1876 4318 sito),

598 4325 778 4383 etiam
825 4326 896 4384 de
930 4326 1262 4403 Thuringia
1306 4327 1521 4397 dictus,
1576 4328 1639 4386 Ο.
1673 4328 1876 4386 Praed.

599 4413 678 4492 (fl.
714 4433 759 4472 c.
794 4434 841 4472 a.
886 4410 1076 4495 1497)
1113 4415 1358 4492 scripsit
1390 4418 1567 4474 vitam
1598 4437 1643 4480 s.
1675 4417 1876 4476 Elisa·

595 4504 717 4560 beth
777 4504 1063 4563 Ludovici
1105 4505 1465 4581 Landgravii
1516 4506 1879 4583 Thuringiae

594 4592 794 4651 uxoris
816 4593 874 4650 ll.
902 4603 956 4660 8,
992 4612 1140 4669 quos
1171 4594 1419 4674 edidit2)
1455 4595 1725 4654 Canisius
1746 4596 1877 4654 lect.

674 4736 709 4784 ¹)
738 4728 820 4783 Cf.
851 4727 1051 4793 Quetif
1074 4730 1112 4794 I.
1141 4734 1246 4786 3:38
1275 4749 1342 4784 ss.

670 4808 709 4871 ²)
738 4802 820 4858 Cf.
850 4801 1114 4854 Potthast
1138 4821 1192 4872 p.
1216 4807 1370 4865 1285,
1401 4803 1497 4856 ubi
1524 4807 1581 4856 et
1606 4802 1750 4855 alias
1766 4803 1878 4855 edi·

596 4873 777 4927 tiones
806 4875 1073 4926 recenset.

1931 2993 2269 3062 amicitiam,
2288 2996 2548 3052 tutorem
2563 2996 2626 3050 et
2639 2997 2979 3051 curatorem
2991 3007 3221 3052 necnon

1930 3082 2355 3141 consolatorem
2430 3081 2746 3158 specialem
2807 3087 2868 3140 et
2931 3081 3221 3158 spiritua·

1931 3171 2050 3228 lem
2065 3167 2110 3250 ²)
2128 3178 2174 3228 ⁴⁵.
2241 3170 2352 3231 Sed
2404 3171 2491 3230 ed.
2539 3171 2929 3247 Papebrochii
2985 3172 3222 3245 integra

1930 3278 2053 3318 non
2072 3263 2181 3328 est,
2204 3263 2333 3318 acta
2353 3260 2472 3318 alio
2493 3259 2758 3335 disponit
2776 3258 2993 3319 ordine
3029 3259 3220 3328 (chro-

1932 3346 2248 3430 nologico),
2301 3348 2534 3408 mendis
2566 3348 2848 3418 inficitur,
2902 3348 3052 3408 hino
3083 3347 3210 3423 plu·

1932 3439 2151 3496 rimum
2200 3439 2385 3496 distat
2429 3438 2504 3496 ab
2549 3437 2869 3513 exemplari
2918 3434 3214 3514 originali.

1930 3527 2016 3584 Ex
2050 3547 2144 3603 pp.
2184 3537 2240 3596 3,
2290 3526 2512 3603 quibus
2544 3526 2695 3585 illud
2728 3529 2983 3586 constat.
3026 3538 3080 3590 2.
3115 3540 3216 3583 seu

1931 3616 1968 3673 l.
2016 3616 2178 3674 Petri
2226 3618 2296 3674 de
2343 3618 2460 3674 vita
2509 3660 2521 3672 .
2555 3666 2567 3678 .
2603 3663 2617 3677 .
2669 3615 3004 3674 Chri-stirme
3052 3615 3124 3674 ad
3165 3631 3210 3670 a.

1942 3714 2102 3768 1282
2140 3705 2331 3763 edidit
2359 3704 2450 3764 Jo.
2478 3706 2738 3763 Paulson
2769 3724 2948 3780 quam
2981 3721 3214 3764 accura-

1931 3794 2177 3870 tissime,
2214 3794 2542 3870 Gotoburgi
2584 3803 2783 3862 1896;
2822 3794 3118 3870 quaedam
3147 3809 3209 3850 ex

1936 3893 1990 3945 3.
2023 3902 2079 3958 p.
2112 3902 2262 3959 quae
2294 3883 2705 3958 complectitur
2752 3882 2917 3940 illius
2967 3880 3213 3960 virginis

1933 3972 2119 4031 vitam
2164 3973 2235 4031 ad
2282 3992 2330 4030 a.
2375 3981 2537 4036 1288
2586 3973 2873 4047 scriptam
2920 3992 2954 4030 a
2985 3972 3210 4032 ,Ioanne

1932 4062 2061 4136 ejus
2095 4061 2428 4128 secretariO,
2462 4061 2690 4136 pariter
2735 4062 2903 4136 typis
2937 4061 3109 4120 dedit
3137 4059 3205 4116 ib.

1942 4159 2133 4221 1896;
2162 4151 2495 4227 germanice
2506 4149 3013 4226 prodiitColoniae
3035 4157 3205 4214 1859.

2025 4337 2169 4391 230.
2233 4328 2325 4386 Ad
2358 4329 2660 4386 historiam
2693 4321 3028 4386 literarium
3072 4345 3202 4404 qua·

1934 4415 2248 4476 damtenus
2288 4416 2494 4476 referri
2538 4420 2737 4492 potest
2768 4421 2804 4477 S
2823 4418 3206 4493 tephanus

1934 4506 2004 4566 de
2055 4507 2478 4565 Salanhaco
2541 4507 2606 4564 in
2666 4505 2922 4565 dioecesi
2976 4505 3207 4565 lemovi-

1934 4596 2093 4654 censi
2128 4594 2191 4653 Ο.
2227 4595 2430 4655 Praed.
2463 4594 2556 4654 vir
2589 4595 2639 4654 si
2672 4595 2996 4671 quisquam
3043 4597 3201 4659 alius,

2015 4806 2049 4870 ι)
2079 4801 2403 4856 Hartzheim
2457 4801 2593 4855 bibl.
2643 4801 2827 4855 colon.
2881 4820 2934 4871 p.
2991 4808 3096 4859 272
3147 4816 3208 4856 se.

1933 4872 2177 4926 Michael
2205 4874 2297 4937 111,
2328 4878 2630 4931 165—167.
