3475 5364
502 317 668 373 1083
762 307 1132 359 1476—1500.
1160 301 1437 371 Liturgia.
1462 301 1842 367 Burchardus,
1872 301 2171 367 PatriciuS,
2198 302 2324 359 Nic.
2354 302 2622 368 Andreas,
2653 302 2834 357 Blaer.

2945 318 3111 373 1084

497 488 586 545 lae
636 487 951 545 Alexandri
984 488 1080 546 VI.
1131 489 1330 548 clerici
1376 493 1436 546 et
1483 507 1775 548 caeremo-
1831 488 2030 547 cello
2104 489 2361 564 archiep.
2424 489 2756 565 corcyrensi
2820 498 3115 563 (1516—

498 576 731 635 niarum
762 577 1052 654 magistri,
1098 582 1303 654 postea
1349 578 1603 654 episcopi
1637 579 1775 636 hor·
1841 574 2051 657 1522),
2086 578 2409 655 aegerrime
2439 578 2503 635 id
2534 578 2759 636 ferente
2794 577 3008 636 Paride
3039 576 3112 635 de

499 664 624 723 tani
659 662 721 745 (†
755 674 856 727 26.
889 666 1023 742 Maj.
1064 664 1277 747 1506),
1325 668 1537 726 Romae
1587 677 1773 735 1497,

495 754 682 813 editio
703 755 1010 831 splendida
1044 756 1145 836 (m.
1166 762 1352 835 500);
1395 765 1559 820 1503
1579 778 1593 824 ς
1614 756 1776 833 Lug·

497 844 643 901 duni
705 853 858 907 1511
919 844 1008 903 ed.
1056 864 1188 903 rara
1239 841 1340 925 (m.
1394 842 1561 913 120).
1624 846 1779 905 Huic

496 933 840 993 Burckardo
860 935 1170 1010 praecipue
1189 934 1471 993 debemus
1489 934 1774 994 rubricas.

498 1022 643 1096 Ejus
675 1023 816 1080 ordo
830 1023 1144 1082 servandus
1173 1041 1278 1099 per
1294 1024 1655 1083 sacerdotem
1672 1044 1778 1081 seu

497 1128 608 1186 pro
638 1110 1054 1171 informatione
1105 1113 1480 1172 sacerdotum
1529 1114 1593 1171 in
1625 1114 1775 1172 cele·

497 1199 767 1259 bratione
817 1201 1029 1259 missae
1061 1202 1277 1261 Romae
1325 1203 1610 1278 vulgatus
1661 1202 1779 1261 fuit

507 1298 671 1351 1502
706 1292 767 1347 et
797 1290 1074 1366 deinceps
1096 1310 1267 1366 saepe
1287 1291 1430 1349 alibi
1445 1288 1511 1369 ¹).
1546 1294 1607 1349 et
1625 1296 1778 1351 teste

497 1379 703 1436 Bona
765 1379 1105 1438 missalibus
1181 1380 1473 1456 praefixus
1528 1381 1645 1439 fuit
1704 1382 1778 1440 ab

498 1489 549 1525 a.
608 1475 805 1538 1534;
870 1470 1111 1528 seorsim
1163 1488 1298 1527 cum
1358 1469 1595 1529 duobus
1645 1471 1778 1529 aliis

495 1557 852 1615 tractatibus
914 1558 1228 1635 liturgicis.
1280 1558 1524 1618 Lovanii
1582 1570 1776 1629 15543

499 1645 713 1704 Romae
740 1656 904 1708 1559
942 1648 1030 1705 ed.
1066 1648 1378 1707 rarissima.
1413 1649 1606 1707 Prima
1639 1668 1779 1708 vero

500 1734 684 1793 editio
746 1735 886 1794 libri
948 1736 1303 1813 pontificalis
1352 1738 1577 1814 prodiit
1638 1756 1779 1797 cura

499 1825 930 1900 Augustini
1021 1826 1355 1884 Patricii
1448 1824 1609 1901 (cum
1682 1828 1778 1886 J0.

501 1910 888 1985 Burckardo‘).
942 1916 1153 1975 Romae
1208 1924 1389 1978 1485.
1452 1918 1635 1974 Porro
1685 1916 1779 1974 hic

477 2003 877 2082 ⁴Augustinus
955 2004 1248 2062 Patricius
1327 2025 1432 2080 per
1511 2006 1779 2081 adoptio-

502 2110 636 2149 nem
701 2092 790 2149 Pii
840 2093 912 2151 11.
975 2094 1046 2150 cle
1114 2094 1626 2153 Piccolomini
1690 2095 1779 2152 di-

501 2188 649 2249 ctus,
715 2183 1032 2240 canonicus
1084 2183 1364 2250 senensis,
1443 2205 1476 2241 a
1538 2184 1779 2242 secretis

502 2274 630 2327 erat
691 2271 795 2329 Pio
842 2270 932 2329 11..
982 2276 1042 2329 et
1096 2277 1229 2348 post
1290 2272 1469 2348 hujus
1530 2278 1779 2331 mortem

501 2359 809 2419 Francisco
896 2361 1271 2420 Piccolomini
1343 2362 1778 2438 archiepiscopo

504 2450 735 2506 senensi
786 2453 846 2507 et
897 2450 1199 2512 cardinali.
1253 2470 1425 2526 quem
1462 2453 1780 2509 comitatus

502 2542 593 2594 est
626 2540 911 2597 nuncium
928 2540 1002 2596 ad
1023 2546 1374 2598 conventum
1405 2541 1780 2598 ratisbonen·

503 2646 625 2685 sem
658 2648 708 2686 a.
748 2635 935 2691 1471.
955 2628 1148 2704 Hujus
1171 2633 1497 2688 conventus
1517 2629 1779 2706 descrip-

504 2717 584 2774 sit
615 2717 940 2778 historiam.
976 2737 1125 2793 quae
1159 2718 1378 2794 prodiit
1398 2739 1516 2776 una
1538 2738 1670 2777 cum
1688 2720 1780 2777 Fr.

504 2807 888 2866 Piccolomini
922 2809 1178 2880 epistolis
1227 2807 1541 2866 Mediolani
1584 2817 1780 2876 1506;

504 2896 569 2953 in
601 2895 732 2953 coll.
766 2895 978 2971 Script.
1027 2915 1137 2954 rer.
1171 2897 1364 2954 Germ.
1409 2897 1497 2955 ed.
1531 2897 1783 2955 Frehero

504 2991 564 3040 et
596 2984 758 3042 alibi.
820 2986 1034 3042 Factus
1083 2990 1174 3042 est
1219 2985 1528 3061 episcopus
1561 2986 1782 3062 piensis

507 3071 767 3152 (Pienza)
821 3074 883 3132 in
934 3074 1214 3133 Hetruria
1258 3097 1307 3132 a.
1348 3084 1512 3139 1483
1561 3081 1621 3132 et
1672 3076 1784 3133 sub

505 3162 853 3220 Innocentio
906 3162 1061 3224 VIII.
1112 3166 1611 3222 caeremoniarum
1661 3185 1782 3222 ma-

501 3250 693 3326 gister
725 3248 785 3332 (5†
829 3249 1038 3332 1496).
1089 3251 1413 3334 0011011119)
1481 3254 1783 3312 Caeremo-

505 3341 658 3399 niale
688 3360 991 3400 romanum
1046 3363 1094 3399 a.
1139 3351 1254 3406 148
1266 3353 1321 3412 8,
1374 3343 1530 3418 quod
1561 3343 1782 3418 prodiit

506 3430 856 3505 inscriptum
934 3432 1179 3490 Rituum
1249 3433 1782 3491 ecclesiasticorum

504 3519 628 3579 sive
648 3539 945 3578 sacrarum
974 3522 1472 3580 caeremoniarum
1491 3522 1784 3581 Ecclesiae

504 3628 778 3668 romanae
829 3610 889 3667 ll.
926 3618 962 3672 3
1012 3611 1078 3668 10
1122 3610 1395 3687 eligendo
1442 3612 1565 3669 scil.
1598 3616 1658 3669 et
1689 3629 1784 3670 co-

505 3699 679 3757 lendo
710 3699 1008 3775 pontifice,
1041 3701 1104 3758 in
1125 3700 1485 3775 excipiendis
1519 3701 1785 3759 cardina-

504 3787 662 3846 libus
695 3792 756 3846 et
788 3789 1042 3846 externis
1063 3789 1429 3865 principibus
1462 3808 1785 3865 eorumque

505 3876 717 3954 legatis
730 3875 779 3957 3)
844 3883 971 3936 010..
1037 3897 1175 3936 cura
1226 3879 1556 3955 christoph.
1609 3880 1785 3937 Mar-

585 4090 621 4152 ¹)
651 4085 733 4139 Cf.
761 4084 1018 4137 Zaccaria
1043 4083 1181 4138 bibl.
1208 4084 1298 4138 rit.
1328 4084 1364 4136 l.
1393 4089 1442 4139 1.
1471 4101 1516 4138 0.
1545 4089 1786 4150 :Ma-152

506 4175 561 4211 0.
587 4160 651 4212 8:
704 4155 916 4210 Schrod
945 4153 1219 4208 Katholik
1249 4159 1404 4212 1884.
1439 4155 1476 4213 Ι
1505 4159 1786 4214 314-17ι

503 4227 836 4281 Tiraboschi
878 4227 969 4281 VI.
999 4248 1052 4298 p.
1083 4227 1122 4280 1.
1151 4227 1187 4280 1.
1215 4233 1265 4282 2.
1295 4244 1340 4282 0.
1368 4233 1416 4282 1.
1445 4244 1500 4278 0.
1526 4232 1626 4287 37;
1678 4230 1785 4297 Ap.

505 4299 651 4352 Zeno
679 4299 820 4353 Diss.
849 4248 1020 4354 Voss.
1037 4297 1102 4363 ΙΙ,
1130 4303 1216 4354 96

538 4374 541 4377 ’
577 4375 619 4442 ²)
649 4371 730 4425 Cf.
757 4370 1048 4424 Fabricius
1089 4340 1597 4432 i,14⁴2;Zacearia
1641 4368 1787 4424 Bibl.

504 4442 596 4497 rit.
625 4446 665 4496 t.
692 4443 806 4499 1.1.
837 4447 882 4498 1.
911 4459 955 4494 c.
985 4446 1013 4497 7
1043 4458 1098 4494 0.
1117 4411 1173 4504 8,
1202 4440 1303 4506 qui
1331 4442 1389 4492 et
1414 4440 1587 4494 refert
1612 4458 1787 4510 quam

504 4512 724 4581 acriter,
743 4514 840 4567 sed
857 4514 1046 4566 minus
1062 4528 1242 4578 aeque
1255 4510 1456 4564 Petrus
1473 4513 1659 4566 Grassi
1676 4513 1788 4566 edi·

507 4585 717 4641 tionem
747 4603 838 4656 op.
864 4583 1311 4652 impugnaverit.

576 4663 619 4729 ³)
648 4657 734 4728 Op
738 4675 821 4722 us,
863 4656 932 4708 de
974 4671 1088 4722 quo
1131 4653 1273 4707 dicit
1312 4653 1672 4726 Gueranger:
1716 4652 1788 4708 Oe

504 4730 645 4783 livre
662 4676 746 4783 espt
761 4717 818 4782 et
833 4727 958 4780 doit
974 4728 1088 4779 eti-e
1103 4725 1400 4779 recherche
1416 4726 1486 4781 de
1505 4731 1635 4782 tous
1646 4744 1789 4781 ceux

506 4802 634 4925 {¹3¹1}ss
662 4801 910 4941 333¹&
941 4797 1216 4938 3335&
1235 4814 1789 4941 ῑὲῐὲθιὲἶῖἲέἐξῗὲῗρθ

1833 666 2080 735 (hassis,
2126 666 2341 726 Romae
2395 677 2595 737 15163
2640 666 2905 725 venetiis
2946 676 3111 730 1516

1832 756 1895 813 in
1912 756 1980 827 f.;
2014 757 2345 815 Florentiae
2376 765 2529 818 1521
2560 777 2573 823 ;
2607 756 2876 815 Coloniae
2919 765 3078 818 1557
3098 776 3112 824 ;

1842 854 2003 908 1572
2038 852 2181 913 etc.;
2233 846 2322 904 ed.
2367 863 2570 904 omnes
2620 864 2801 913 rarae,
2836 842 3115 903 recusum

1833 933 2015 994 etiam
2046 956 2080 992 a
2110 935 2240 995 Chr.
2275 935 2340 993 G.
2373 934 2689 993 Hoffmann
2737 934 2803 993 in
2832 953 2987 994 nova
3018 934 3113 993 SS.

1833 1029 1893 1081 et
1924 1042 2186 1083 monum.
2219 1024 2568 1083 collectione
2600 1028 2642 1081 t.
2677 1022 2783 1092 11.;
2816 1024 3113 1099 amplissi-

1831 1113 1944 1171 mis
1996 1114 2434 1172 commentariis
2484 1132 2518 1169 a
2560 1112 2684 1171 Jos.
2729 1111 3007 1172 catalano
3037 1113 3112 1170 il·

1833 1203 2157 1260 lustratum
2210 1200 2305 1283 (cf.
2356 1202 2661 1260 Nomencl.
2711 1200 2822 1270 112,
2886 1198 3110 1283 1565);

1836 1292 2077 1349 Summa
2121 1309 2269 1349 conc.
2333 1292 2666 1351 basileensis
2708 1297 2760 1348 et
2798 1291 3113 1364 florentini,

1833 1401 1984 1456 quae
2044 1381 2110 1439 in
2170 1381 2300 1439 coll.
2364 1398 2526 1438 conc.
2576 1379 2865 1438 labbeana
2927 1376 3110 1459 (1111.

1842 1466 2036 1550 1488)
2069 1476 2129 1528 et
2161 1469 2468 1528 Hardouin
2498 1468 2620 1549 (IX,
2651 1466 3111 1548 1081—1198)

1835 1563 1944 1617 etc.
1975 1559 2290 1635 reperitur,
2342 1559 2408 1616 in
2438 1578 2555 1633 qua
2587 1577 2694 1635 pro
2728 1557 2977 1617 concilio
3008 1559 3112 1618 ba·
3198 1634 3202 1637 Ἴ

1834 1648 2071 1707 sileensi
2104 1648 2406 1724 epitomen
2436 1647 2673 1706 exhibet
2705 1646 2901 1723 operis
2929 1648 3113 1722 majo-

1834 1738 1917 1796 ris
1967 1737 2216 1796 Joannis
2268 1737 2392 1795 scil.
2442 1737 2514 1793 de
2564 1737 2829 1813 Segovia,
2876 1736 2949 1794 de
2994 1754 3113 1812 quo

1836 1846 2013 1903 supra
2062 1847 2118 1903 p.
2175 1836 2300 1890 833
2354 1826 2602 1903 egimus.
2683 1825 2813 1883 Vita
2857 1826 3113 1884 Fabiani

1834 1916 2036 1973 Bencii
2085 1936 2161 1973 00.
2212 1934 2502 1974 canonum
2534 1914 2882 1991 professoris
2918 1912 2978 1995 (†
3014 1925 3113 1979 30.

1835 2006 1982 2064 Nov.
2044 2001 2254 2081 1481).
2306 2004 2395 2063 ed.
2447 2025 2478 2061 a
2529 2003 2875 2063 Mabillonio
2925 2004 3114 2062 Musei

1835 2094 1959 2152 ital.
1993 2094 2030 2152 1.
2080 2103 2405 2157 251—55.
2436 2125 2523 2136 —
2555 2094 2741 2151 Rarus
2788 2096 2880 2151 est
2923 2096 3000 2150 tr.
3048 2094 3117 2151 de

1835 2186 2017 2241 missa
2048 2203 2153 2241 seu
2202 2182 2393 2242 officio
2442 2182 2653 2239 missae
2699 2182 2895 2241 editus
2927 2203 2961 2239 a
2991 2201 3115 2240 ma-

1836 2272 2022 2349 gistro
2054 2272 2371 2330 Nicolao
2403 2271 2750 2329 Andreae
2784 2271 2855 2329 de
2876 2271 3116 2330 civitate

1837 2362 2099 2420 theatina
2114 2362 2352 2421 doctore
2377 2360 2697 2420 venerabili
2724 2361 3115 2427 decretorum,

1838 2472 1879 2509 s.
1914 2452 1952 2508 1.
1987 2445 2481 2530 (8010101100101),
2518 2471 2566 2506 a.
2600 2454 2661 2507 et
2680 2469 2738 2509 0.
2758 2450 3117 2527 typographi

1840 2551 1938 2617 (Am.
2001 2538 2166 2605 1611).
2228 2574 2315 2583 —--
2365 2540 2703 2597 Joannes
2766 2539 2839 2596 de
2888 2540 3121 2597 Blaer

1840 2626 2135 2708 (Blaerus‘)
2174 2628 2348 2696 0813..
2370 2629 2533 2704 prior
2554 2628 2822 2688 coenobii
2844 2649 2890 2687 s.
2909 2628 3120 2688 Jacobi

1837 2720 1995 2776 intra
2045 2736 2245 2776 muros
2296 2718 2461 2776 urbis
2514 2718 2827 2776 leodiensis
2880 2719 3120 2793 scripsit

1841 2805 2067 2888 (1496)
2102 2809 2397 2866 historiam
2446 2809 2805 2866 revelationis
2835 2808 2883 2865 b.
2916 2802 3119 2866 Julia-

1838 2917 1947 2956 nae
1977 2898 2344 2955 corneliensis
2392 2896 2683 2954 divinitus
2715 2896 2902 2954 factae
2934 2901 2994 2954 et
3028 2897 3122 2955 in·

1840 2986 2174 3044 stitutionis
2207 2984 2343 3043 festi
2375 3005 2429 3048 v.
2446 2987 2815 3055 sacramenti,
2850 3004 3001 3061 quae
3022 3005 3121 3043 ex-

1841 3079 1960 3134 stat
2008 3075 2071 3133 in
2123 3074 2373 3150 Speculo
2423 3092 2639 3150 magno
2699 3075 3119 3150 exemplorum.

1841 3165 2023 3223 Duaci
2063 3173 2228 3228 1513
2264 3171 2323 3221 et
2348 3164 2567 3222 inserta
2600 3164 2665 3222 in
2696 3165 2961 3223 Bzovii
2994 3166 3116 3222 An-

1840 3255 1957 3312 nal.
1992 3261 2033 3311 t.
2067 3253 2227 3311 XIII.

1932 3443 2077 3494 515».
2112 3431 2344 3506 Reliqui
2379 3439 2519 3489 sunt
2537 3430 2580 3510 ¹.)
2619 3439 2840 3490 ascetae
2860 3437 2921 3490 et
2954 3432 3120 3490 theo-

1842 3522 2034 3598 logiae
2050 3523 2316 3596 mysticae
2347 3521 2619 3584 cultores.
2655 3520 2875 3596 quibus
2895 3522 3124 3596 aliquot

1920 3731 1956 3798 ¹)
1984 3727 2066 3780 De
2108 3748 2149 3795 p
2134 3747 2203 3781 ›ca
2204 3732 2307 3781 ecda
2286 3734 2437 3794 σοφία
2502 3742 2858 3809 summopere
2909 3744 3125 3782 merue-

1842 3802 1981 3851 runt
2020 3802 2077 3851 et
2111 3799 2431 3856 eruditione
2473 3797 2705 3851 classica
2729 3798 3126 3853 inclaruerunt

1843 3871 1956 3924 duo
1986 3870 2093 3923 viri
2120 3871 2294 3939 plane
2332 3869 2602 3933 illustres,
2643 3870 2743 3938 qui
2782 3871 2974 3925 minus
3002 3871 3125 3939 qui-

1842 3941 1971 3994 dem
1997 3942 2071 3994 ad
2098 3959 2199 3995 nos
2228 3943 2504 4011 spectant,
2532 3957 2645 3994 non
2676 3943 2866 3995 tamen
2894 3959 3126 4011 prorsus

1844 4012 2223 4080 praetermitti
2241 4012 2465 4067 debent
2496 4011 2637 4065 Rud
2656 4012 2772 4082 01
2784 4013 2912 4067 hus
2932 4014 3124 4084 Agri-

1843 4100 1871 4136 c
1894 4085 2010 4138 ola
2047 4084 2110 4136 iu
2137 4084 2352 4154 oppido
2382 4083 2537 4137 Baflo
2566 4100 2742 4154 prope
2735 4031 3122 4167 PGroningam

1844 4159 2014 4209 natus
2064 4161 2220 4220 1442,
2272 4157 2346 4209 ob
2394 4156 2513 4209 stili
2567 4155 2733 4208 latini
2795 4157 3124 4225 puritatem,

1844 4227 2270 4297 proprietatem,
2283 4227 2661 4297 elegantiam,
2666 4228 2809 4280 alter
2833 4227 3125 4298 Virgilius

1844 4298 2047 4363 dictuS,
2094 4298 2194 4366 qui
2237 4298 2327 4352 vel
2372 4299 2529 4353 Italis
2575 4298 2944 4354 admirationi
2995 4299 3125 4354 fuit.

1846 4370 1909 4421 In
1960 4369 2329 4440 philosophia
2381 4387 2611 4438 quoque
2664 4373 2787 4425 erat
2848 4370 3125 4434 excultus,

1846 4445 2099 4494 versatus
2126 4442 2187 4494 in
2216 4442 2419 4512 lingua
2447 4441 2727 4505 hebra-ica,
2754 4442 2889 4496 hinc
2905 4445 2963 4496 et
2982 4443 3127 4511 psal·

1845 4529 2066 4566 morum
2094 4512 2409 4566 versionem
2436 4530 2465 4567 0
2493 4516 2653 4567 textu
2675 4512 2942 4582 originali
2968 4514 3128 4570 ador-

1844 4588 2099 4640 naverat.
2145 4584 2459 4654 Praecipua
2503 4587 2693 4638 tamen
2723 4585 2845 4654 ejus
2872 4585 2998 4639 laus
3025 4590 3127 4650 est,

1846 4656 2000 4724 quod
2027 4656 2364 4710 auctoritate
2404 4673 2508 4709 sua
2533 4660 2592 4711 et
2618 4671 2788 4726 opera
2829 4656 3126 4710 literarum

1845 4728 2248 4782 humaniorum
2300 4727 2555 4783 studium
2600 4730 2864 4797 potenter
2906 4744 3128 4798 promo·

1848 4799 2009 4853 verit.
2063 4799 2178 4853 Nec
2221 4800 2294 4852 ob
2333 4800 2601 4853 studendi
2629 4799 2885 4853 ardorem
2915 4799 3127 4853 oblitus

1847 4874 1931 4923 est
1974 4871 2126 4924 vitae
2174 4887 2302 4924 vere
2347 4870 2690 4925 christianae
2734 4871 3009 4926 culturae.
3064 4872 3127 4923 In
