<?xml version="1.0" encoding="UTF-8"?>
<!DOCTYPE html PUBLIC "-//W3C//DTD XHTML 1.0 Transitional//EN"
    "http://www.w3.org/TR/xhtml1/DTD/xhtml1-transitional.dtd">
<html xmlns="http://www.w3.org/1999/xhtml" xml:lang="en" lang="en">
 <head>
  <title>
</title>
<meta http-equiv="Content-Type" content="text/html;charset=utf-8" />
  <meta name='ocr-system' content='tesseract 3.04.00' />
  <meta name='ocr-capabilities' content='ocr_page ocr_carea ocr_par ocr_line ocrx_word'/>
</head>
<body>
  <div class='ocr_page' id='page_1' title='image "./nomenclatorlite10hurtgoog_0292.png"; bbox 0 0 3475 5364; ppageno 0'>
   <div class='ocr_carea' id='block_1_1' title="bbox 650 396 770 449">
    <p class='ocr_par' dir='ltr' id='par_1_1' title="bbox 650 396 770 449">
     <span class='ocr_line' id='line_1_1' title="bbox 650 396 770 449; baseline -0.008 0"><span class='ocrx_word' id='word_1_1' title='bbox 650 396 770 449; x_wconf 81' lang='lat'>535</span> 
     </span>
    </p>
   </div>
   <div class='ocr_carea' id='block_1_2' title="bbox 643 561 1940 4472">
    <p class='ocr_par' dir='ltr' id='par_1_2' title="bbox 643 561 1937 2331">
     <span class='ocr_line' id='line_1_2' title="bbox 648 561 1926 638; baseline -0.004 -16"><span class='ocrx_word' id='word_1_2' title='bbox 648 564 782 622; x_wconf 88' lang='lat' dir='ltr'>buit</span> <span class='ocrx_word' id='word_1_3' title='bbox 815 563 1220 621; x_wconf 77' lang='lat' dir='ltr'>occassionem.</span> <span class='ocrx_word' id='word_1_4' title='bbox 1283 562 1375 619; x_wconf 87' lang='lat' dir='ltr'>Ita</span> <span class='ocrx_word' id='word_1_5' title='bbox 1405 561 1649 638; x_wconf 85' lang='lat' dir='ltr'>negavit</span> <span class='ocrx_word' id='word_1_6' title='bbox 1681 578 1926 618; x_wconf 85' lang='lat' dir='ltr'>coneur-</span> 
     </span>
     <span class='ocr_line' id='line_1_3' title="bbox 649 650 1924 711; baseline -0.003 0"><span class='ocrx_word' id='word_1_7' title='bbox 649 671 782 711; x_wconf 87' lang='lat' dir='ltr'>sum</span> <span class='ocrx_word' id='word_1_8' title='bbox 847 652 948 711; x_wconf 89' lang='lat' dir='ltr'>Dei</span> <span class='ocrx_word' id='word_1_9' title='bbox 1012 670 1142 709; x_wconf 88' lang='lat' dir='ltr'>cum</span> <span class='ocrx_word' id='word_1_10' title='bbox 1207 652 1399 709; x_wconf 87' lang='lat' dir='ltr'>causis</span> <span class='ocrx_word' id='word_1_11' title='bbox 1463 652 1671 709; x_wconf 83' lang='lat' dir='ltr'>creatis</span> <span class='ocrx_word' id='word_1_12' title='bbox 1718 650 1924 708; x_wconf 90' lang='lat' dir='ltr'>imme·</span> 
     </span>
     <span class='ocr_line' id='line_1_4' title="bbox 649 740 1924 811; baseline 0 -12"><span class='ocrx_word' id='word_1_13' title='bbox 649 742 893 811; x_wconf 81' lang='lat' dir='ltr'>dietum,</span> <span class='ocrx_word' id='word_1_14' title='bbox 959 740 1359 799; x_wconf 78' lang='lat' dir='ltr'>causalitatem</span> <span class='ocrx_word' id='word_1_15' title='bbox 1409 743 1924 799; x_wconf 83' lang='lat' dir='ltr'>sacramentorum.</span> 
     </span>
     <span class='ocr_line' id='line_1_5' title="bbox 648 827 1931 905; baseline -0.004 -17"><span class='ocrx_word' id='word_1_16' title='bbox 648 830 867 905; x_wconf 88' lang='lat' dir='ltr'>quibus</span> <span class='ocrx_word' id='word_1_17' title='bbox 927 849 1047 888; x_wconf 92' lang='lat' dir='ltr'>non</span> <span class='ocrx_word' id='word_1_18' title='bbox 1112 830 1272 887; x_wconf 83' lang='lat' dir='ltr'>inest</span> <span class='ocrx_word' id='word_1_19' title='bbox 1334 830 1569 897; x_wconf 80' lang='lat' dir='ltr'>,virtus</span> <span class='ocrx_word' id='word_1_20' title='bbox 1631 827 1931 888; x_wconf 82' lang='lat' dir='ltr'>causativa</span> 
     </span>
     <span class='ocr_line' id='line_1_6' title="bbox 648 918 1929 996; baseline -0.002 -19"><span class='ocrx_word' id='word_1_21' title='bbox 648 919 889 996; x_wconf 84' lang='lat' dir='ltr'>gratiae,</span> <span class='ocrx_word' id='word_1_22' title='bbox 942 918 1294 977; x_wconf 70' lang='lat' dir='ltr'><strong>characteris</strong></span> <span class='ocrx_word' id='word_1_23' title='bbox 1346 919 1440 976; x_wconf 87' lang='lat' dir='ltr'>vel</span> <span class='ocrx_word' id='word_1_24' title='bbox 1520 920 1929 994; x_wconf 85' lang='lat' dir='ltr'>cujuscunque</span> 
     </span>
     <span class='ocr_line' id='line_1_7' title="bbox 649 1006 1928 1084; baseline -0.001 -19"><span class='ocrx_word' id='word_1_25' title='bbox 649 1008 1053 1084; x_wconf 81' lang='lat' dir='ltr'>dispositionis</span> <span class='ocrx_word' id='word_1_26' title='bbox 1088 1026 1195 1066; x_wconf 89' lang='lat' dir='ltr'>seu</span> <span class='ocrx_word' id='word_1_27' title='bbox 1224 1013 1469 1066; x_wconf 86' lang='lat' dir='ltr'>ornatus</span> <span class='ocrx_word' id='word_1_28' title='bbox 1491 1006 1836 1066; x_wconf 85' lang='lat' dir='ltr'>exsistentis</span> <span class='ocrx_word' id='word_1_29' title='bbox 1868 1007 1928 1064; x_wconf 92' lang='lat' dir='ltr'>in</span> 
     </span>
     <span class='ocr_line' id='line_1_8' title="bbox 650 1098 1929 1166; baseline -0.001 -11"><span class='ocrx_word' id='word_1_30' title='bbox 650 1098 904 1166; x_wconf 80' lang='lat' dir='ltr'>anima,‘</span> <span class='ocrx_word' id='word_1_31' title='bbox 954 1116 1088 1156; x_wconf 89' lang='lat' dir='ltr'>cum</span> <span class='ocrx_word' id='word_1_32' title='bbox 1137 1098 1258 1155; x_wconf 86' lang='lat' dir='ltr'>sint</span> <span class='ocrx_word' id='word_1_33' title='bbox 1303 1100 1539 1154; x_wconf 86' lang='lat' dir='ltr'>tantum</span> <span class='ocrx_word' id='word_1_34' title='bbox 1575 1116 1771 1165; x_wconf 88' lang='lat' dir='ltr'>causa,</span> <span class='ocrx_word' id='word_1_35' title='bbox 1805 1098 1929 1154; x_wconf 90' lang='lat' dir='ltr'>sine</span> 
     </span>
     <span class='ocr_line' id='line_1_9' title="bbox 649 1186 1927 1263; baseline -0.002 -18"><span class='ocrx_word' id='word_1_36' title='bbox 649 1206 768 1261; x_wconf 87' lang='lat' dir='ltr'>qua</span> <span class='ocrx_word' id='word_1_37' title='bbox 791 1205 907 1245; x_wconf 92' lang='lat' dir='ltr'>non</span> <span class='ocrx_word' id='word_1_38' title='bbox 924 1186 1226 1245; x_wconf 75' lang='lat' dir='ltr'>confertur</span> <span class='ocrx_word' id='word_1_39' title='bbox 1241 1186 1455 1263; x_wconf 63' lang='lat' dir='ltr'>gratim</span> <span class='ocrx_word' id='word_1_40' title='bbox 1480 1187 1927 1262; x_wconf 66' lang='lat' dir='ltr'>matrimonium</span> 
     </span>
     <span class='ocr_line' id='line_1_10' title="bbox 650 1275 1927 1351; baseline -0.002 -17"><span class='ocrx_word' id='word_1_41' title='bbox 650 1295 776 1334; x_wconf 86' lang='lat' dir='ltr'>esse</span> <span class='ocrx_word' id='word_1_42' title='bbox 810 1295 944 1334; x_wconf 81' lang='lat' dir='ltr'>vere</span> <span class='ocrx_word' id='word_1_43' title='bbox 964 1275 1319 1351; x_wconf 82' lang='lat' dir='ltr'>proprieque</span> <span class='ocrx_word' id='word_1_44' title='bbox 1340 1275 1569 1333; x_wconf 77' lang='lat' dir='ltr'>dictum</span> <span class='ocrx_word' id='word_1_45' title='bbox 1602 1294 1927 1333; x_wconf 85' lang='lat' dir='ltr'>sacramen-</span> 
     </span>
     <span class='ocr_line' id='line_1_11' title="bbox 650 1364 1932 1439; baseline -0.002 -16"><span class='ocrx_word' id='word_1_46' title='bbox 650 1369 797 1435; x_wconf 82' lang='lat' dir='ltr'>tum,</span> <span class='ocrx_word' id='word_1_47' title='bbox 833 1366 1226 1422; x_wconf 77' lang='lat' dir='ltr'>characterem</span> <span class='ocrx_word' id='word_1_48' title='bbox 1260 1383 1389 1423; x_wconf 88' lang='lat' dir='ltr'>esse</span> <span class='ocrx_word' id='word_1_49' title='bbox 1424 1364 1648 1439; x_wconf 85' lang='lat' dir='ltr'>aliquid</span> <span class='ocrx_word' id='word_1_50' title='bbox 1680 1365 1841 1423; x_wconf 85' lang='lat' dir='ltr'>reale</span> <span class='ocrx_word' id='word_1_51' title='bbox 1872 1367 1932 1422; x_wconf 88' lang='lat' dir='ltr'>et</span> 
     </span>
     <span class='ocr_line' id='line_1_12' title="bbox 648 1454 1930 1530; baseline -0.002 -18"><span class='ocrx_word' id='word_1_52' title='bbox 648 1454 978 1530; x_wconf 86' lang='lat' dir='ltr'>physicum,</span> <span class='ocrx_word' id='word_1_53' title='bbox 996 1454 1358 1512; x_wconf 87' lang='lat' dir='ltr'>contendens</span> <span class='ocrx_word' id='word_1_54' title='bbox 1379 1473 1513 1511; x_wconf 89' lang='lat' dir='ltr'>eum</span> <span class='ocrx_word' id='word_1_55' title='bbox 1536 1472 1661 1511; x_wconf 90' lang='lat' dir='ltr'>esse</span> <span class='ocrx_word' id='word_1_56' title='bbox 1692 1457 1930 1512; x_wconf 85' lang='lat' dir='ltr'>tantum</span> 
     </span>
     <span class='ocr_line' id='line_1_13' title="bbox 649 1542 1931 1601; baseline -0.001 0"><span class='ocrx_word' id='word_1_57' title='bbox 649 1543 995 1601; x_wconf 75' lang='lat' dir='ltr'>relationem</span> <span class='ocrx_word' id='word_1_58' title='bbox 1013 1542 1264 1601; x_wconf 87' lang='lat' dir='ltr'>rationis</span> <span class='ocrx_word' id='word_1_59' title='bbox 1297 1546 1357 1600; x_wconf 92' lang='lat' dir='ltr'>et</span> <span class='ocrx_word' id='word_1_60' title='bbox 1389 1543 1931 1601; x_wconf 70' lang='lat' dir='ltr'>denominationem</span> 
     </span>
     <span class='ocr_line' id='line_1_14' title="bbox 650 1631 1933 1707; baseline -0.002 -18"><span class='ocrx_word' id='word_1_61' title='bbox 650 1651 808 1690; x_wconf 89' lang='lat' dir='ltr'>mere</span> <span class='ocrx_word' id='word_1_62' title='bbox 840 1632 1119 1689; x_wconf 84' lang='lat' dir='ltr'>moralem</span> <span class='ocrx_word' id='word_1_63' title='bbox 1152 1634 1260 1689; x_wconf 87' lang='lat' dir='ltr'>etc.</span> <span class='ocrx_word' id='word_1_64' title='bbox 1296 1632 1505 1691; x_wconf 77' lang='lat' dir='ltr'>Noluit</span> <span class='ocrx_word' id='word_1_65' title='bbox 1536 1631 1776 1707; x_wconf 90' lang='lat' dir='ltr'>quidem</span> <span class='ocrx_word' id='word_1_66' title='bbox 1797 1631 1933 1690; x_wconf 91' lang='lat' dir='ltr'>fidei</span> 
     </span>
     <span class='ocr_line' id='line_1_15' title="bbox 651 1720 1933 1795; baseline -0.001 -17"><span class='ocrx_word' id='word_1_67' title='bbox 651 1740 987 1779; x_wconf 88' lang='lat' dir='ltr'>mensuram</span> <span class='ocrx_word' id='word_1_68' title='bbox 1052 1721 1344 1789; x_wconf 85' lang='lat' dir='ltr'>excedere,</span> <span class='ocrx_word' id='word_1_69' title='bbox 1394 1720 1497 1779; x_wconf 91' lang='lat' dir='ltr'>sed</span> <span class='ocrx_word' id='word_1_70' title='bbox 1539 1739 1729 1795; x_wconf 90' lang='lat' dir='ltr'>neque</span> <span class='ocrx_word' id='word_1_71' title='bbox 1762 1722 1933 1779; x_wconf 87' lang='lat' dir='ltr'>attri-</span> 
     </span>
     <span class='ocr_line' id='line_1_16' title="bbox 651 1809 1933 1885; baseline 0.002 -20"><span class='ocrx_word' id='word_1_72' title='bbox 651 1811 834 1869; x_wconf 90' lang='lat' dir='ltr'>buere</span> <span class='ocrx_word' id='word_1_73' title='bbox 865 1809 1003 1867; x_wconf 89' lang='lat' dir='ltr'>fidei</span> <span class='ocrx_word' id='word_1_74' title='bbox 1033 1810 1198 1878; x_wconf 90' lang='lat' dir='ltr'>illud,</span> <span class='ocrx_word' id='word_1_75' title='bbox 1236 1811 1392 1885; x_wconf 91' lang='lat' dir='ltr'>quod</span> <span class='ocrx_word' id='word_1_76' title='bbox 1425 1810 1496 1866; x_wconf 92' lang='lat' dir='ltr'>de</span> <span class='ocrx_word' id='word_1_77' title='bbox 1529 1809 1641 1867; x_wconf 86' lang='lat' dir='ltr'>fide</span> <span class='ocrx_word' id='word_1_78' title='bbox 1678 1829 1799 1869; x_wconf 92' lang='lat' dir='ltr'>non</span> <span class='ocrx_word' id='word_1_79' title='bbox 1829 1813 1933 1868; x_wconf 89' lang='lat' dir='ltr'>est.</span> 
     </span>
     <span class='ocr_line' id='line_1_17' title="bbox 650 1899 1932 1975; baseline 0 -18"><span class='ocrx_word' id='word_1_80' title='bbox 650 1900 783 1957; x_wconf 88' lang='lat' dir='ltr'>Non</span> <span class='ocrx_word' id='word_1_81' title='bbox 798 1900 831 1955; x_wconf 91' lang='lat' dir='ltr'>d</span> <span class='ocrx_word' id='word_1_82' title='bbox 840 1899 1124 1957; x_wconf 88' lang='lat' dir='ltr'>ucebatur</span> <span class='ocrx_word' id='word_1_83' title='bbox 1136 1899 1549 1975; x_wconf 78' lang='lat' dir='ltr'>theologorum</span> <span class='ocrx_word' id='word_1_84' title='bbox 1560 1899 1932 1969; x_wconf 86' lang='lat' dir='ltr'>auctoritate,</span> 
     </span>
     <span class='ocr_line' id='line_1_18' title="bbox 654 1988 1933 2063; baseline -0.001 -17"><span class='ocrx_word' id='word_1_85' title='bbox 654 1989 755 2046; x_wconf 91' lang='lat' dir='ltr'>sed</span> <span class='ocrx_word' id='word_1_86' title='bbox 816 1988 1227 2063; x_wconf 74' lang='lat' dir='ltr'>inquisitionis</span> <span class='ocrx_word' id='word_1_87' title='bbox 1279 1988 1498 2046; x_wconf 87' lang='lat' dir='ltr'>liberae</span> <span class='ocrx_word' id='word_1_88' title='bbox 1563 1989 1756 2047; x_wconf 87' lang='lat' dir='ltr'>voluit</span> <span class='ocrx_word' id='word_1_89' title='bbox 1817 1988 1933 2047; x_wconf 87' lang='lat' dir='ltr'>frui</span> 
     </span>
     <span class='ocr_line' id='line_1_19' title="bbox 643 2075 1937 2154; baseline -0.001 -18"><span class='ocrx_word' id='word_1_90' title='bbox 643 2080 809 2154; x_wconf 86' lang='lat' dir='ltr'>jure:</span> <span class='ocrx_word' id='word_1_91' title='bbox 874 2096 1055 2152; x_wconf 87' lang='lat' dir='ltr'>quare</span> <span class='ocrx_word' id='word_1_92' title='bbox 1116 2095 1332 2135; x_wconf 89' lang='lat' dir='ltr'>nomen</span> <span class='ocrx_word' id='word_1_93' title='bbox 1396 2075 1618 2134; x_wconf 88' lang='lat' dir='ltr'>meruit</span> <span class='ocrx_word' id='word_1_94' title='bbox 1667 2079 1937 2136; x_wconf 81' lang='lat' dir='ltr'>Doctoris</span> 
     </span>
     <span class='ocr_line' id='line_1_20' title="bbox 653 2166 1936 2241; baseline 0 -16"><span class='ocrx_word' id='word_1_95' title='bbox 653 2168 1070 2225; x_wconf 78' lang='lat' dir='ltr'>resolutissimi.</span> <span class='ocrx_word' id='word_1_96' title='bbox 1120 2166 1272 2223; x_wconf 89' lang='lat' dir='ltr'>Hinc</span> <span class='ocrx_word' id='word_1_97' title='bbox 1304 2166 1542 2241; x_wconf 88' lang='lat' dir='ltr'>quidam</span> <span class='ocrx_word' id='word_1_98' title='bbox 1574 2166 1796 2225; x_wconf 85' lang='lat' dir='ltr'>ironice</span> <span class='ocrx_word' id='word_1_99' title='bbox 1830 2167 1936 2225; x_wconf 84' lang='lat' dir='ltr'>hoc</span> 
     </span>
     <span class='ocr_line' id='line_1_21' title="bbox 653 2255 1508 2331; baseline -0.001 -17"><span class='ocrx_word' id='word_1_100' title='bbox 653 2256 859 2331; x_wconf 89' lang='lat' dir='ltr'>posuit</span> <span class='ocrx_word' id='word_1_101' title='bbox 890 2256 1080 2313; x_wconf 86' lang='lat' dir='ltr'>eidem</span> <span class='ocrx_word' id='word_1_102' title='bbox 1113 2255 1508 2330; x_wconf 83' lang='lat' dir='ltr'>epitaphium:</span> 
     </span>
    </p>

    <p class='ocr_par' dir='ltr' id='par_1_3' title="bbox 653 2344 1933 2420">
     <span class='ocr_line' id='line_1_22' title="bbox 653 2344 1933 2420; baseline -0.001 -17"><span class='ocrx_word' id='word_1_103' title='bbox 653 2347 851 2403; x_wconf 91' lang='lat' dir='ltr'>Durus</span> <span class='ocrx_word' id='word_1_104' title='bbox 903 2344 1218 2403; x_wconf 87' lang='lat' dir='ltr'>Durandus</span> <span class='ocrx_word' id='word_1_105' title='bbox 1255 2346 1415 2420; x_wconf 87' lang='lat' dir='ltr'>jacet</span> <span class='ocrx_word' id='word_1_106' title='bbox 1460 2345 1555 2403; x_wconf 91' lang='lat' dir='ltr'>hic</span> <span class='ocrx_word' id='word_1_107' title='bbox 1617 2346 1730 2403; x_wconf 89' lang='lat' dir='ltr'>sub</span> <span class='ocrx_word' id='word_1_108' title='bbox 1782 2364 1933 2403; x_wconf 88' lang='lat' dir='ltr'>mar-</span> 
     </span>
    </p>

    <p class='ocr_par' dir='ltr' id='par_1_4' title="bbox 651 2433 1934 2686">
     <span class='ocr_line' id='line_1_23' title="bbox 831 2433 1188 2503; baseline 0.003 -13"><span class='ocrx_word' id='word_1_109' title='bbox 831 2452 989 2491; x_wconf 89' lang='lat' dir='ltr'>more</span> <span class='ocrx_word' id='word_1_110' title='bbox 1023 2433 1188 2503; x_wconf 88' lang='lat' dir='ltr'>dure,</span> 
     </span>
     <span class='ocr_line' id='line_1_24' title="bbox 651 2522 1934 2598; baseline -0.001 -18"><span class='ocrx_word' id='word_1_111' title='bbox 651 2525 746 2580; x_wconf 85' lang='lat' dir='ltr'>An</span> <span class='ocrx_word' id='word_1_112' title='bbox 780 2522 861 2579; x_wconf 89' lang='lat' dir='ltr'>sit</span> <span class='ocrx_word' id='word_1_113' title='bbox 893 2522 1212 2581; x_wconf 84' lang='lat' dir='ltr'>salvandus</span> <span class='ocrx_word' id='word_1_114' title='bbox 1246 2541 1354 2598; x_wconf 88' lang='lat' dir='ltr'>ego</span> <span class='ocrx_word' id='word_1_115' title='bbox 1386 2524 1604 2581; x_wconf 87' lang='lat' dir='ltr'>nesci0.</span> <span class='ocrx_word' id='word_1_116' title='bbox 1640 2542 1746 2582; x_wconf 89' lang='lat' dir='ltr'>nec</span> <span class='ocrx_word' id='word_1_117' title='bbox 1787 2540 1934 2597; x_wconf 91' lang='lat' dir='ltr'>quo-</span> 
     </span>
     <span class='ocr_line' id='line_1_25' title="bbox 832 2629 1137 2686; baseline -0.003 -18"><span class='ocrx_word' id='word_1_118' title='bbox 832 2630 947 2686; x_wconf 91' lang='lat' dir='ltr'>que</span> <span class='ocrx_word' id='word_1_119' title='bbox 981 2629 1137 2669; x_wconf 87' lang='lat' dir='ltr'>curo.</span> 
     </span>
    </p>

    <p class='ocr_par' dir='ltr' id='par_1_5' title="bbox 654 2700 1940 4472">
     <span class='ocr_line' id='line_1_26' title="bbox 743 2700 1934 2764; baseline 0.001 -7"><span class='ocrx_word' id='word_1_120' title='bbox 743 2700 885 2758; x_wconf 89' lang='lat' dir='ltr'>Post</span> <span class='ocrx_word' id='word_1_121' title='bbox 916 2704 1163 2758; x_wconf 88' lang='lat' dir='ltr'>mortem</span> <span class='ocrx_word' id='word_1_122' title='bbox 1187 2701 1270 2759; x_wconf 84' lang='lat' dir='ltr'>ita</span> <span class='ocrx_word' id='word_1_123' title='bbox 1289 2702 1586 2764; x_wconf 83' lang='lat' dir='ltr'>inclaruit,</span> <span class='ocrx_word' id='word_1_124' title='bbox 1610 2702 1766 2759; x_wconf 89' lang='lat' dir='ltr'>utin</span> <span class='ocrx_word' id='word_1_125' title='bbox 1786 2721 1934 2760; x_wconf 88' lang='lat' dir='ltr'>non-</span> 
     </span>
     <span class='ocr_line' id='line_1_27' title="bbox 655 2789 1938 2866; baseline 0.002 -20"><span class='ocrx_word' id='word_1_126' title='bbox 655 2789 840 2846; x_wconf 87' lang='lat' dir='ltr'>nullis</span> <span class='ocrx_word' id='word_1_127' title='bbox 890 2789 1202 2848; x_wconf 82' lang='lat' dir='ltr'>academiis</span> <span class='ocrx_word' id='word_1_128' title='bbox 1254 2791 1552 2866; x_wconf 86' lang='lat' dir='ltr'>propriam</span> <span class='ocrx_word' id='word_1_129' title='bbox 1604 2791 1938 2849; x_wconf 73' lang='lat' dir='ltr'>obtinuerit</span> 
     </span>
     <span class='ocr_line' id='line_1_28' title="bbox 655 2879 1934 2948; baseline 0.003 -14"><span class='ocrx_word' id='word_1_130' title='bbox 655 2879 807 2935; x_wconf 86' lang='lat' dir='ltr'>sicut</span> <span class='ocrx_word' id='word_1_131' title='bbox 853 2896 895 2934; x_wconf 81' lang='lat' dir='ltr'>S.</span> <span class='ocrx_word' id='word_1_132' title='bbox 929 2879 1195 2948; x_wconf 80' lang='lat' dir='ltr'>Thoma8‚</span> <span class='ocrx_word' id='word_1_133' title='bbox 1244 2881 1677 2942; x_wconf 82' lang='lat' dir='ltr'>Bonaventura.</span> <span class='ocrx_word' id='word_1_134' title='bbox 1726 2880 1934 2938; x_wconf 83' lang='lat' dir='ltr'>Scotus</span> 
     </span>
     <span class='ocr_line' id='line_1_29' title="bbox 654 2967 1934 3043; baseline 0.002 -19"><span class='ocrx_word' id='word_1_135' title='bbox 654 2967 1006 3025; x_wconf 82' lang='lat' dir='ltr'>cathedram.</span> <span class='ocrx_word' id='word_1_136' title='bbox 1026 2967 1197 3025; x_wconf 69' lang='lat' dir='ltr'>‘Haec</span> <span class='ocrx_word' id='word_1_137' title='bbox 1228 2970 1357 3041; x_wconf 88' lang='lat' dir='ltr'>ejus</span> <span class='ocrx_word' id='word_1_138' title='bbox 1391 2987 1599 3043; x_wconf 87' lang='lat' dir='ltr'>opera:</span> <span class='ocrx_word' id='word_1_139' title='bbox 1640 2969 1934 3027; x_wconf 84' lang='lat' dir='ltr'>Commen-</span> 
     </span>
     <span class='ocr_line' id='line_1_30' title="bbox 654 3057 1935 3133; baseline 0.003 -21"><span class='ocrx_word' id='word_1_140' title='bbox 654 3059 811 3113; x_wconf 70' lang='grc' dir='ltr'><em>ταινία</em></span> <span class='ocrx_word' id='word_1_141' title='bbox 832 3057 893 3113; x_wconf 81' lang='lat' dir='ltr'>in</span> <span class='ocrx_word' id='word_1_142' title='bbox 919 3058 955 3112; x_wconf 74' lang='lat'><em>4</em></span> <span class='ocrx_word' id='word_1_143' title='bbox 975 3057 1030 3118; x_wconf 82' lang='lat' dir='ltr'>ll.</span> <span class='ocrx_word' id='word_1_144' title='bbox 1053 3060 1481 3132; x_wconf 75' lang='lat' dir='ltr'>sententiarum,</span> <span class='ocrx_word' id='word_1_145' title='bbox 1517 3076 1668 3131; x_wconf 87' lang='lat' dir='ltr'>quae</span> <span class='ocrx_word' id='word_1_146' title='bbox 1692 3059 1935 3133; x_wconf 83' lang='lat' dir='ltr'>juvenis</span> 
     </span>
     <span class='ocr_line' id='line_1_31' title="bbox 655 3145 1934 3221; baseline 0.002 -19"><span class='ocrx_word' id='word_1_147' title='bbox 655 3145 971 3214; x_wconf 77' lang='lat' dir='ltr'>inchoavit,</span> <span class='ocrx_word' id='word_1_148' title='bbox 1020 3164 1193 3203; x_wconf 85' lang='lat' dir='ltr'>senex</span> <span class='ocrx_word' id='word_1_149' title='bbox 1237 3146 1566 3220; x_wconf 83' lang='lat' dir='ltr'>complevit.</span> <span class='ocrx_word' id='word_1_150' title='bbox 1633 3147 1934 3221; x_wconf 85' lang='lat' dir='ltr'>Duplicem</span> 
     </span>
     <span class='ocr_line' id='line_1_32' title="bbox 655 3234 1933 3312; baseline 0.001 -21"><span class='ocrx_word' id='word_1_151' title='bbox 655 3253 789 3291; x_wconf 89' lang='lat' dir='ltr'>eum</span> <span class='ocrx_word' id='word_1_152' title='bbox 802 3234 1135 3292; x_wconf 87' lang='lat' dir='ltr'>elaborasse</span> <span class='ocrx_word' id='word_1_153' title='bbox 1146 3235 1630 3293; x_wconf 87' lang='lat' dir='ltr'>commentarium</span> <span class='ocrx_word' id='word_1_154' title='bbox 1651 3236 1933 3312; x_wconf 85' lang='lat' dir='ltr'>legimus:</span> 
     </span>
     <span class='ocr_line' id='line_1_33' title="bbox 654 3322 1934 3399; baseline 0.003 -20"><span class='ocrx_word' id='word_1_155' title='bbox 654 3322 981 3381; x_wconf 87' lang='lat' dir='ltr'>breviorem</span> <span class='ocrx_word' id='word_1_156' title='bbox 1001 3324 1182 3398; x_wconf 87' lang='lat' dir='ltr'>prius,</span> <span class='ocrx_word' id='word_1_157' title='bbox 1201 3324 1305 3399; x_wconf 91' lang='lat' dir='ltr'>qui</span> <span class='ocrx_word' id='word_1_158' title='bbox 1337 3329 1540 3383; x_wconf 85' lang='lat' dir='ltr'>eontra</span> <span class='ocrx_word' id='word_1_159' title='bbox 1560 3325 1818 3383; x_wconf 88' lang='lat' dir='ltr'>auctoris</span> <span class='ocrx_word' id='word_1_160' title='bbox 1836 3345 1934 3384; x_wconf 83' lang='lat' dir='ltr'>vo-</span> 
     </span>
     <span class='ocr_line' id='line_1_34' title="bbox 655 3412 1935 3489; baseline 0.002 -20"><span class='ocrx_word' id='word_1_161' title='bbox 655 3412 949 3470; x_wconf 87' lang='lat' dir='ltr'>luntatem</span> <span class='ocrx_word' id='word_1_162' title='bbox 986 3412 1213 3486; x_wconf 82' lang='lat' dir='ltr'>publici</span> <span class='ocrx_word' id='word_1_163' title='bbox 1236 3413 1425 3471; x_wconf 87' lang='lat' dir='ltr'>factus</span> <span class='ocrx_word' id='word_1_164' title='bbox 1458 3417 1551 3471; x_wconf 87' lang='lat' dir='ltr'>est</span> <span class='ocrx_word' id='word_1_165' title='bbox 1574 3414 1750 3489; x_wconf 67' lang='lat' dir='ltr'>juris</span> <span class='ocrx_word' id='word_1_166' title='bbox 1785 3415 1935 3472; x_wconf 89' lang='lat' dir='ltr'>Eum</span> 
     </span>
     <span class='ocr_line' id='line_1_35' title="bbox 655 3502 1938 3577; baseline 0.002 -19"><span class='ocrx_word' id='word_1_167' title='bbox 655 3502 782 3575; x_wconf 86' lang='lat' dir='ltr'>ipse</span> <span class='ocrx_word' id='word_1_168' title='bbox 814 3502 1154 3576; x_wconf 75' lang='lat' dir='ltr'>reprobavit</span> <span class='ocrx_word' id='word_1_169' title='bbox 1188 3502 1493 3577; x_wconf 89' lang='lat' dir='ltr'>aliumque</span> <span class='ocrx_word' id='word_1_170' title='bbox 1515 3503 1596 3560; x_wconf 91' lang='lat' dir='ltr'>illi</span> <span class='ocrx_word' id='word_1_171' title='bbox 1618 3503 1938 3561; x_wconf 85' lang='lat' dir='ltr'>substituit</span> 
     </span>
     <span class='ocr_line' id='line_1_36' title="bbox 654 3590 1933 3666; baseline 0.002 -19"><span class='ocrx_word' id='word_1_172' title='bbox 654 3590 1029 3665; x_wconf 79' lang='lat' dir='ltr'>prolixiorem</span> <span class='ocrx_word' id='word_1_173' title='bbox 1078 3611 1112 3648; x_wconf 90' lang='lat' dir='ltr'>a</span> <span class='ocrx_word' id='word_1_174' title='bbox 1156 3592 1342 3665; x_wconf 87' lang='lat' dir='ltr'>priori</span> <span class='ocrx_word' id='word_1_175' title='bbox 1391 3592 1546 3648; x_wconf 87' lang='lat' dir='ltr'>haud</span> <span class='ocrx_word' id='word_1_176' title='bbox 1581 3611 1789 3666; x_wconf 87' lang='lat' dir='ltr'>parum</span> <span class='ocrx_word' id='word_1_177' title='bbox 1822 3592 1933 3649; x_wconf 84' lang='lat' dir='ltr'>dif-</span> 
     </span>
     <span class='ocr_line' id='line_1_37' title="bbox 654 3680 1936 3754; baseline 0.003 -18"><span class='ocrx_word' id='word_1_178' title='bbox 654 3682 955 3738; x_wconf 85' lang='lat' dir='ltr'>ferentem.</span> <span class='ocrx_word' id='word_1_179' title='bbox 990 3680 1219 3738; x_wconf 89' lang='lat' dir='ltr'>Prodiit</span> <span class='ocrx_word' id='word_1_180' title='bbox 1248 3683 1444 3738; x_wconf 88' lang='lat' dir='ltr'>autem</span> <span class='ocrx_word' id='word_1_181' title='bbox 1480 3682 1609 3754; x_wconf 90' lang='lat' dir='ltr'>ejus</span> <span class='ocrx_word' id='word_1_182' title='bbox 1643 3699 1936 3740; x_wconf 79' lang='lat' dir='ltr'>commen—</span> 
     </span>
     <span class='ocr_line' id='line_1_38' title="bbox 655 3769 1934 3843; baseline 0.002 -18"><span class='ocrx_word' id='word_1_183' title='bbox 655 3770 842 3827; x_wconf 88' lang='lat' dir='ltr'>tarius</span> <span class='ocrx_word' id='word_1_184' title='bbox 876 3787 1049 3843; x_wconf 85' lang='lat' dir='ltr'>saepe</span> <span class='ocrx_word' id='word_1_185' title='bbox 1079 3769 1427 3828; x_wconf 88' lang='lat' dir='ltr'>admodum:</span> <span class='ocrx_word' id='word_1_186' title='bbox 1482 3769 1728 3828; x_wconf 88' lang='lat' dir='ltr'>Parisiis</span> <span class='ocrx_word' id='word_1_187' title='bbox 1769 3780 1934 3834; x_wconf 84' lang='lat'>1508</span> 
     </span>
     <span class='ocr_line' id='line_1_39' title="bbox 658 3858 1936 3927; baseline 0.009 -13"><span class='ocrx_word' id='word_1_188' title='bbox 658 3858 716 3916; x_wconf 86' lang='lat' dir='ltr'>in</span> <span class='ocrx_word' id='word_1_189' title='bbox 779 3860 848 3927; x_wconf 84' lang='lat' dir='ltr'>f.;</span> <span class='ocrx_word' id='word_1_190' title='bbox 926 3868 1121 3926; x_wconf 86' lang='lat'>1515;</span> <span class='ocrx_word' id='word_1_191' title='bbox 1197 3866 1389 3924; x_wconf 81' lang='lat'>1533;</span> <span class='ocrx_word' id='word_1_192' title='bbox 1466 3868 1660 3921; x_wconf 80' lang='lat'>1539:</span> <span class='ocrx_word' id='word_1_193' title='bbox 1732 3870 1936 3926; x_wconf 84' lang='lat'>1547;</span> 
     </span>
     <span class='ocr_line' id='line_1_40' title="bbox 669 3947 1937 4024; baseline -0.001 -18"><span class='ocrx_word' id='word_1_194' title='bbox 669 3958 860 4014; x_wconf 84' lang='lat'>1550;</span> <span class='ocrx_word' id='word_1_195' title='bbox 894 3947 1175 4024; x_wconf 84' lang='lat' dir='ltr'>Lugduni</span> <span class='ocrx_word' id='word_1_196' title='bbox 1218 3957 1412 4016; x_wconf 79' lang='lat'>15333</span> <span class='ocrx_word' id='word_1_197' title='bbox 1455 3957 1650 4018; x_wconf 78' lang='lat'>15693</span> <span class='ocrx_word' id='word_1_198' title='bbox 1683 3951 1937 4007; x_wconf 83' lang='lat' dir='ltr'>Antver-</span> 
     </span>
     <span class='ocr_line' id='line_1_41' title="bbox 656 4036 1940 4110; baseline 0.004 -20"><span class='ocrx_word' id='word_1_199' title='bbox 656 4036 786 4110; x_wconf 82' lang='lat' dir='ltr'>piae</span> <span class='ocrx_word' id='word_1_200' title='bbox 826 4046 1020 4100; x_wconf 79' lang='lat'>1567;</span> <span class='ocrx_word' id='word_1_201' title='bbox 1057 4036 1318 4094; x_wconf 86' lang='lat' dir='ltr'>Venetiis</span> <span class='ocrx_word' id='word_1_202' title='bbox 1357 4047 1555 4107; x_wconf 75' lang='lat'>15713</span> <span class='ocrx_word' id='word_1_203' title='bbox 1609 4047 1792 4100; x_wconf 78' lang='lat'>1586.</span> <span class='ocrx_word' id='word_1_204' title='bbox 1856 4038 1940 4095; x_wconf 87' lang='lat' dir='ltr'>Ea</span> 
     </span>
     <span class='ocr_line' id='line_1_42' title="bbox 657 4124 1936 4200; baseline 0.002 -18"><span class='ocrx_word' id='word_1_205' title='bbox 657 4145 792 4200; x_wconf 83' lang='lat' dir='ltr'>prae</span> <span class='ocrx_word' id='word_1_206' title='bbox 827 4124 1033 4197; x_wconf 87' lang='lat' dir='ltr'>primis</span> <span class='ocrx_word' id='word_1_207' title='bbox 1056 4125 1213 4184; x_wconf 90' lang='lat' dir='ltr'>inter</span> <span class='ocrx_word' id='word_1_208' title='bbox 1227 4126 1344 4184; x_wconf 86' lang='lat' dir='ltr'>alia</span> <span class='ocrx_word' id='word_1_209' title='bbox 1365 4127 1786 4184; x_wconf 83' lang='lat' dir='ltr'>commentaria</span> <span class='ocrx_word' id='word_1_210' title='bbox 1803 4145 1936 4185; x_wconf 89' lang='lat' dir='ltr'>cum</span> 
     </span>
     <span class='ocr_line' id='line_1_43' title="bbox 657 4215 1938 4274; baseline 0.002 -3"><span class='ocrx_word' id='word_1_211' title='bbox 657 4215 1091 4272; x_wconf 82' lang='lat' dir='ltr'>commentariis</span> <span class='ocrx_word' id='word_1_212' title='bbox 1126 4233 1168 4272; x_wconf 92' lang='lat' dir='ltr'>s.</span> <span class='ocrx_word' id='word_1_213' title='bbox 1206 4216 1652 4274; x_wconf 83' lang='lat' dir='ltr'>Bonaventurae</span> <span class='ocrx_word' id='word_1_214' title='bbox 1702 4220 1765 4273; x_wconf 89' lang='lat' dir='ltr'>et</span> <span class='ocrx_word' id='word_1_215' title='bbox 1796 4216 1938 4274; x_wconf 89' lang='lat' dir='ltr'>Gui-</span> 
     </span>
     <span class='ocr_line' id='line_1_44' title="bbox 660 4303 1938 4381; baseline 0.002 -21"><span class='ocrx_word' id='word_1_216' title='bbox 660 4303 821 4360; x_wconf 89' lang='lat' dir='ltr'>lelmi</span> <span class='ocrx_word' id='word_1_217' title='bbox 854 4303 1366 4362; x_wconf 87' lang='lat' dir='ltr'>antissiodorensis</span> <span class='ocrx_word' id='word_1_218' title='bbox 1400 4304 1693 4381; x_wconf 85' lang='lat' dir='ltr'>theologis</span> <span class='ocrx_word' id='word_1_219' title='bbox 1715 4305 1938 4363; x_wconf 84' lang='lat' dir='ltr'>Navar-</span> 
     </span>
     <span class='ocr_line' id='line_1_45' title="bbox 658 4390 1940 4472; baseline 0.002 -24"><span class='ocrx_word' id='word_1_220' title='bbox 658 4392 811 4450; x_wconf 84' lang='lat' dir='ltr'>raeis</span> <span class='ocrx_word' id='word_1_221' title='bbox 875 4393 1324 4452; x_wconf 77' lang='lat' dir='ltr'>commendabat</span> <span class='ocrx_word' id='word_1_222' title='bbox 1385 4390 1783 4472; x_wconf 74' lang='lat' dir='ltr'>Gersoniusl).</span> <span class='ocrx_word' id='word_1_223' title='bbox 1859 4395 1940 4451; x_wconf 91' lang='lat' dir='ltr'>De</span> 
     </span>
    </p>
   </div>
   <div class='ocr_carea' id='block_1_3' title="bbox 786 4551 975 4558">
    <p class='ocr_par' dir='ltr' id='par_1_6' title="bbox 786 4551 975 4558">
     <span class='ocr_line' id='line_1_46' title="bbox 786 4551 975 4558; baseline 0 806"><span class='ocrx_word' id='word_1_224' title='bbox 786 4551 975 4558; x_wconf 95' lang='lat' dir='ltr'> </span> 
     </span>
    </p>
   </div>
   <div class='ocr_carea' id='block_1_4' title="bbox 1104 372 2795 443">
    <p class='ocr_par' dir='ltr' id='par_1_7' title="bbox 1104 372 2795 443">
     <span class='ocr_line' id='line_1_47' title="bbox 1104 372 2795 443; baseline -0.005 -11"><span class='ocrx_word' id='word_1_225' title='bbox 1104 379 1474 432; x_wconf 71' lang='grc'><strong>1326-1350.</strong></span> <span class='ocrx_word' id='word_1_226' title='bbox 1504 373 1819 443; x_wconf 86' lang='lat' dir='ltr'>Theologia</span> <span class='ocrx_word' id='word_1_227' title='bbox 1846 372 2015 427; x_wconf 77' lang='lat' dir='ltr'>schol.</span> <span class='ocrx_word' id='word_1_228' title='bbox 2047 372 2352 425; x_wconf 79' lang='lat' dir='ltr'>Durandus</span> <span class='ocrx_word' id='word_1_229' title='bbox 2379 389 2412 425; x_wconf 87' lang='lat' dir='ltr'>a</span> <span class='ocrx_word' id='word_1_230' title='bbox 2438 391 2478 431; x_wconf 83' lang='lat' dir='ltr'>s,</span> <span class='ocrx_word' id='word_1_231' title='bbox 2509 373 2795 433; x_wconf 76' lang='lat' dir='ltr'>Porciano,</span> 
     </span>
    </p>
   </div>
   <div class='ocr_carea' id='block_1_5' title="bbox 3146 390 3246 441">
    <p class='ocr_par' dir='ltr' id='par_1_8' title="bbox 3146 390 3246 441">
     <span class='ocr_line' id='line_1_48' title="bbox 3146 390 3246 441; baseline -0.01 0"><span class='ocrx_word' id='word_1_232' title='bbox 3146 390 3246 441; x_wconf 74' lang='lat'>5:36</span> 
     </span>
    </p>
   </div>
   <div class='ocr_carea' id='block_1_6' title="bbox 1983 559 3364 636">
    <p class='ocr_par' dir='ltr' id='par_1_9' title="bbox 1983 559 3364 636">
     <span class='ocr_line' id='line_1_49' title="bbox 1983 559 3364 636; baseline -0.002 -18"><span class='ocrx_word' id='word_1_233' title='bbox 1983 559 2212 636; x_wconf 87' lang='lat' dir='ltr'>origine</span> <span class='ocrx_word' id='word_1_234' title='bbox 2251 560 2745 635; x_wconf 86' lang='lat' dir='ltr'>jurisdictionum</span> <span class='ocrx_word' id='word_1_235' title='bbox 2797 561 2928 619; x_wconf 78' lang='lat' dir='ltr'>sive</span> <span class='ocrx_word' id='word_1_236' title='bbox 2981 560 3053 617; x_wconf 80' lang='lat' dir='ltr'>de</span> <span class='ocrx_word' id='word_1_237' title='bbox 3087 560 3252 633; x_wconf 64' lang='lat' dir='ltr'>juris·</span> <span class='ocrx_word' id='word_1_238' title='bbox 3327 582 3364 631; x_wconf 46' lang='lat' dir='ltr'>‚s</span> 
     </span>
    </p>
   </div>
   <div class='ocr_carea' id='block_1_7' title="bbox 1984 644 3257 814">
    <p class='ocr_par' dir='ltr' id='par_1_10' title="bbox 1984 644 3257 814">
     <span class='ocr_line' id='line_1_50' title="bbox 1984 644 3254 728; baseline 0 -21"><span class='ocrx_word' id='word_1_239' title='bbox 1984 651 2227 707; x_wconf 77' lang='lat' dir='ltr'>dictione</span> <span class='ocrx_word' id='word_1_240' title='bbox 2257 647 2634 707; x_wconf 78' lang='lat' dir='ltr'>ecclesiastica</span> <span class='ocrx_word' id='word_1_241' title='bbox 2673 657 2723 707; x_wconf 81' lang='lat' dir='ltr'>et</span> <span class='ocrx_word' id='word_1_242' title='bbox 2753 651 2821 707; x_wconf 82' lang='lat' dir='ltr'>de</span> <span class='ocrx_word' id='word_1_243' title='bbox 2850 649 3082 725; x_wconf 70' lang='lat' dir='ltr'>leqibus</span> <span class='ocrx_word' id='word_1_244' title='bbox 3133 644 3254 728; x_wconf 72' lang='lat' dir='ltr'>(qno</span> 
     </span>
     <span class='ocr_line' id='line_1_51' title="bbox 1984 736 3257 814; baseline 0 -19"><span class='ocrx_word' id='word_1_245' title='bbox 1984 739 2046 796; x_wconf 90' lang='lat' dir='ltr'>in</span> <span class='ocrx_word' id='word_1_246' title='bbox 2095 758 2184 814; x_wconf 88' lang='lat' dir='ltr'>op.</span> <span class='ocrx_word' id='word_1_247' title='bbox 2236 739 2549 806; x_wconf 71' lang='lat' dir='ltr'>succincte,</span> <span class='ocrx_word' id='word_1_248' title='bbox 2612 738 2764 796; x_wconf 87' lang='lat' dir='ltr'>clare</span> <span class='ocrx_word' id='word_1_249' title='bbox 2813 743 2877 796; x_wconf 86' lang='lat' dir='ltr'>et</span> <span class='ocrx_word' id='word_1_250' title='bbox 2943 736 3257 796; x_wconf 69' lang='lat' dir='ltr'>methodius</span> 
     </span>
    </p>
   </div>
   <div class='ocr_carea' id='block_1_8' title="bbox 1985 824 3340 904">
    <p class='ocr_par' dir='ltr' id='par_1_11' title="bbox 1985 824 3340 904">
     <span class='ocr_line' id='line_1_52' title="bbox 1985 824 3340 904; baseline -0.001 -19"><span class='ocrx_word' id='word_1_251' title='bbox 1985 827 2111 903; x_wconf 84' lang='lat' dir='ltr'>agit</span> <span class='ocrx_word' id='word_1_252' title='bbox 2140 828 2212 886; x_wconf 89' lang='lat' dir='ltr'>de</span> <span class='ocrx_word' id='word_1_253' title='bbox 2237 830 2374 903; x_wconf 86' lang='lat' dir='ltr'>jure</span> <span class='ocrx_word' id='word_1_254' title='bbox 2394 832 2661 893; x_wconf 82' lang='lat' dir='ltr'>naturae,</span> <span class='ocrx_word' id='word_1_255' title='bbox 2682 828 2962 903; x_wconf 83' lang='lat' dir='ltr'>gentium</span> <span class='ocrx_word' id='word_1_256' title='bbox 2986 831 3051 885; x_wconf 91' lang='lat' dir='ltr'>et</span> <span class='ocrx_word' id='word_1_257' title='bbox 3068 824 3257 904; x_wconf 74' lang='lat' dir='ltr'>civili).</span> <span class='ocrx_word' id='word_1_258' title='bbox 3335 878 3340 891; x_wconf 81' lang='lat'><em>‚</em></span> 
     </span>
    </p>
   </div>
   <div class='ocr_carea' id='block_1_9' title="bbox 1985 917 3258 992">
    <p class='ocr_par' dir='ltr' id='par_1_12' title="bbox 1985 917 3258 992">
     <span class='ocr_line' id='line_1_53' title="bbox 1985 917 3258 992; baseline -0.001 -18"><span class='ocrx_word' id='word_1_259' title='bbox 1985 917 2226 975; x_wconf 89' lang='lat' dir='ltr'>Parisiis</span> <span class='ocrx_word' id='word_1_260' title='bbox 2267 928 2426 979; x_wconf 83' lang='lat'>1506</span> <span class='ocrx_word' id='word_1_261' title='bbox 2465 935 2600 975; x_wconf 89' lang='lat' dir='ltr'>cum</span> <span class='ocrx_word' id='word_1_262' title='bbox 2634 917 2766 976; x_wconf 89' lang='lat' dir='ltr'>aliis</span> <span class='ocrx_word' id='word_1_263' title='bbox 2796 917 3090 992; x_wconf 86' lang='lat' dir='ltr'>operibus</span> <span class='ocrx_word' id='word_1_264' title='bbox 3120 918 3258 991; x_wconf 78' lang='lat' dir='ltr'>ejus·</span> 
     </span>
    </p>
   </div>
   <div class='ocr_carea' id='block_1_10' title="bbox 1985 1005 3344 1083">
    <p class='ocr_par' dir='ltr' id='par_1_13' title="bbox 1985 1005 3344 1083">
     <span class='ocr_line' id='line_1_54' title="bbox 1985 1005 3344 1083; baseline 0 -20"><span class='ocrx_word' id='word_1_265' title='bbox 1985 1008 2117 1064; x_wconf 84' lang='lat' dir='ltr'>dem</span> <span class='ocrx_word' id='word_1_266' title='bbox 2166 1007 2506 1083; x_wconf 83' lang='lat' dir='ltr'>argumenti</span> <span class='ocrx_word' id='word_1_267' title='bbox 2556 1007 2717 1065; x_wconf 90' lang='lat' dir='ltr'>Petri</span> <span class='ocrx_word' id='word_1_268' title='bbox 2768 1006 2841 1064; x_wconf 92' lang='lat' dir='ltr'>de</span> <span class='ocrx_word' id='word_1_269' title='bbox 2887 1006 3140 1067; x_wconf 79' lang='lat' dir='ltr'>Palude.</span> <span class='ocrx_word' id='word_1_270' title='bbox 3186 1005 3261 1063; x_wconf 63' lang='grc' dir='ltr'>δα</span> <span class='ocrx_word' id='word_1_271' title='bbox 3339 1040 3344 1051; x_wconf 89' lang='grc'>-</span> 
     </span>
    </p>
   </div>
   <div class='ocr_carea' id='block_1_11' title="bbox 1985 1095 3266 1884">
    <p class='ocr_par' dir='ltr' id='par_1_14' title="bbox 1985 1095 3266 1884">
     <span class='ocr_line' id='line_1_55' title="bbox 1985 1095 3263 1163; baseline -0.002 -10"><span class='ocrx_word' id='word_1_272' title='bbox 1985 1095 2353 1163; x_wconf 88' lang='lat' dir='ltr'>Parisiensis,</span> <span class='ocrx_word' id='word_1_273' title='bbox 2407 1096 2624 1153; x_wconf 80' lang='lat' dir='ltr'>Hervei</span> <span class='ocrx_word' id='word_1_274' title='bbox 2675 1096 2932 1154; x_wconf 81' lang='lat' dir='ltr'>Natalis,</span> <span class='ocrx_word' id='word_1_275' title='bbox 2979 1096 3263 1152; x_wconf 81' lang='lat' dir='ltr'>Adversus</span> 
     </span>
     <span class='ocr_line' id='line_1_56' title="bbox 1989 1184 3265 1259; baseline -0.002 -17"><span class='ocrx_word' id='word_1_276' title='bbox 1989 1185 2341 1259; x_wconf 89' lang='lat' dir='ltr'>opinionem,</span> <span class='ocrx_word' id='word_1_277' title='bbox 2376 1184 2601 1242; x_wconf 84' lang='lat' dir='ltr'>animas</span> <span class='ocrx_word' id='word_1_278' title='bbox 2620 1189 2758 1242; x_wconf 87' lang='lat' dir='ltr'>ante</span> <span class='ocrx_word' id='word_1_279' title='bbox 2777 1184 3265 1243; x_wconf 82' lang='lat' dir='ltr'>resurrectionem</span> 
     </span>
     <span class='ocr_line' id='line_1_57' title="bbox 1986 1273 3266 1339; baseline 0 -9"><span class='ocrx_word' id='word_1_280' title='bbox 1986 1292 2106 1333; x_wconf 91' lang='lat' dir='ltr'>non</span> <span class='ocrx_word' id='word_1_281' title='bbox 2136 1274 2336 1332; x_wconf 84' lang='lat' dir='ltr'>videre</span> <span class='ocrx_word' id='word_1_282' title='bbox 2369 1274 2523 1332; x_wconf 84' lang='lat' dir='ltr'>clare</span> <span class='ocrx_word' id='word_1_283' title='bbox 2555 1273 2815 1331; x_wconf 83' lang='lat' dir='ltr'>divinam</span> <span class='ocrx_word' id='word_1_284' title='bbox 2842 1274 3188 1339; x_wconf 80' lang='lat' dir='ltr'>essentiam,</span> <span class='ocrx_word' id='word_1_285' title='bbox 3214 1273 3266 1330; x_wconf 88' lang='lat' dir='ltr'>in</span> 
     </span>
     <span class='ocr_line' id='line_1_58' title="bbox 1987 1361 3266 1439; baseline 0 -18"><span class='ocrx_word' id='word_1_286' title='bbox 1987 1382 2166 1436; x_wconf 91' lang='lat' dir='ltr'>quam</span> <span class='ocrx_word' id='word_1_287' title='bbox 2242 1362 2278 1420; x_wconf 87' lang='lat' dir='ltr'><strong>J</strong></span> <span class='ocrx_word' id='word_1_288' title='bbox 2282 1381 2500 1420; x_wconf 88' lang='lat' dir='ltr'>oannes</span> <span class='ocrx_word' id='word_1_289' title='bbox 2575 1362 2753 1420; x_wconf 81' lang='lat' dir='ltr'>XXII.</span> <span class='ocrx_word' id='word_1_290' title='bbox 2844 1361 3266 1439; x_wconf 61' lang='lat' dir='ltr'>propendebat</span> 
     </span>
     <span class='ocr_line' id='line_1_59' title="bbox 1990 1452 3266 1527; baseline -0.001 -18"><span class='ocrx_word' id='word_1_291' title='bbox 1990 1452 2227 1527; x_wconf 80' lang='lat' dir='ltr'>scripsit</span> <span class='ocrx_word' id='word_1_292' title='bbox 2257 1455 2330 1509; x_wconf 90' lang='lat' dir='ltr'>tr.</span> <span class='ocrx_word' id='word_1_293' title='bbox 2383 1453 2452 1510; x_wconf 77' lang='lat' dir='ltr'>de</span> <span class='ocrx_word' id='word_1_294' title='bbox 2481 1459 2638 1510; x_wconf 74' lang='lat' dir='ltr'>statu</span> <span class='ocrx_word' id='word_1_295' title='bbox 2668 1454 3022 1510; x_wconf 80' lang='lat' dir='ltr'>animarum</span> <span class='ocrx_word' id='word_1_296' title='bbox 3056 1459 3266 1509; x_wconf 77' lang='lat' dir='ltr'>sanda-</span> 
     </span>
     <span class='ocr_line' id='line_1_60' title="bbox 1987 1542 3266 1617; baseline -0.003 -18"><span class='ocrx_word' id='word_1_297' title='bbox 1987 1561 2140 1617; x_wconf 79' lang='lat' dir='ltr'>rum,</span> <span class='ocrx_word' id='word_1_298' title='bbox 2176 1544 2492 1616; x_wconf 82' lang='lat' dir='ltr'>postquam</span> <span class='ocrx_word' id='word_1_299' title='bbox 2537 1542 2833 1599; x_wconf 78' lang='lat' dir='ltr'>resolutae</span> <span class='ocrx_word' id='word_1_300' title='bbox 2881 1544 3039 1599; x_wconf 89' lang='lat' dir='ltr'>sunt</span> <span class='ocrx_word' id='word_1_301' title='bbox 3084 1562 3118 1598; x_wconf 92' lang='lat' dir='ltr'>a</span> <span class='ocrx_word' id='word_1_302' title='bbox 3156 1558 3266 1599; x_wconf 87' lang='lat' dir='ltr'>cor·</span> 
     </span>
     <span class='ocr_line' id='line_1_61' title="bbox 1989 1630 3265 1706; baseline -0.003 -17"><span class='ocrx_word' id='word_1_303' title='bbox 1989 1650 2150 1705; x_wconf 81' lang='lat' dir='ltr'>pore,</span> <span class='ocrx_word' id='word_1_304' title='bbox 2186 1631 2292 1705; x_wconf 88' lang='lat' dir='ltr'>qui</span> <span class='ocrx_word' id='word_1_305' title='bbox 2324 1630 2850 1699; x_wconf 84' lang='lat' dir='ltr'>mansitineditus,</span> <span class='ocrx_word' id='word_1_306' title='bbox 2886 1632 3265 1706; x_wconf 83' lang='lat' dir='ltr'>cujustamen</span> 
     </span>
     <span class='ocr_line' id='line_1_62' title="bbox 1989 1719 3266 1796; baseline -0.002 -19"><span class='ocrx_word' id='word_1_307' title='bbox 1989 1720 2390 1796; x_wconf 85' lang='lat' dir='ltr'>fragmentum</span> <span class='ocrx_word' id='word_1_308' title='bbox 2411 1719 2650 1777; x_wconf 82' lang='lat' dir='ltr'>exhibet</span> <span class='ocrx_word' id='word_1_309' title='bbox 2665 1721 2714 1777; x_wconf 80' lang='lat' dir='ltr'>R</span> <span class='ocrx_word' id='word_1_310' title='bbox 2728 1739 2814 1796; x_wconf 84' lang='lat' dir='ltr'>ay</span> <span class='ocrx_word' id='word_1_311' title='bbox 2830 1739 2871 1777; x_wconf 90' lang='lat' dir='ltr'>n</span> <span class='ocrx_word' id='word_1_312' title='bbox 2890 1720 2963 1777; x_wconf 90' lang='lat' dir='ltr'>al</span> <span class='ocrx_word' id='word_1_313' title='bbox 2982 1720 3023 1777; x_wconf 93' lang='lat' dir='ltr'>d</span> <span class='ocrx_word' id='word_1_314' title='bbox 3040 1738 3082 1777; x_wconf 93' lang='lat' dir='ltr'>u</span> <span class='ocrx_word' id='word_1_315' title='bbox 3101 1738 3129 1777; x_wconf 84' lang='lat' dir='ltr'>s</span> <span class='ocrx_word' id='word_1_316' title='bbox 3160 1720 3266 1776; x_wconf 81' lang='lat' dir='ltr'>An·</span> 
     </span>
     <span class='ocr_line' id='line_1_63' title="bbox 1988 1807 3265 1884; baseline -0.002 -17"><span class='ocrx_word' id='word_1_317' title='bbox 1988 1810 2105 1871; x_wconf 91' lang='lat' dir='ltr'>nal.</span> <span class='ocrx_word' id='word_1_318' title='bbox 2137 1829 2184 1866; x_wconf 86' lang='lat' dir='ltr'>a.</span> <span class='ocrx_word' id='word_1_319' title='bbox 2230 1818 2391 1872; x_wconf 87' lang='grc'><strong>1333</strong></span> <span class='ocrx_word' id='word_1_320' title='bbox 2426 1828 2481 1866; x_wconf 93' lang='lat' dir='ltr'>n.</span> <span class='ocrx_word' id='word_1_321' title='bbox 2519 1818 2619 1869; x_wconf 83' lang='lat'>49.</span> <span class='ocrx_word' id='word_1_322' title='bbox 2685 1809 3089 1884; x_wconf 86' lang='lat' dir='ltr'>Displieuisse</span> <span class='ocrx_word' id='word_1_323' title='bbox 3120 1807 3265 1865; x_wconf 85' lang='lat' dir='ltr'>vide-</span> 
     </span>
    </p>
   </div>
   <div class='ocr_carea' id='block_1_12' title="bbox 1990 1868 3362 1965">
    <p class='ocr_par' dir='ltr' id='par_1_15' title="bbox 1990 1868 3362 1965">
     <span class='ocr_line' id='line_1_64' title="bbox 1990 1868 3362 1965; baseline -0.002 -9"><span class='ocrx_word' id='word_1_324' title='bbox 1990 1903 2091 1956; x_wconf 65' lang='lat' dir='ltr'>tur</span> <span class='ocrx_word' id='word_1_325' title='bbox 2122 1898 2217 1956; x_wconf 81' lang='lat' dir='ltr'>hic</span> <span class='ocrx_word' id='word_1_326' title='bbox 2248 1901 2320 1955; x_wconf 74' lang='lat' dir='ltr'>tr.</span> <span class='ocrx_word' id='word_1_327' title='bbox 2353 1895 2579 1955; x_wconf 75' lang='lat' dir='ltr'>Joanni</span> <span class='ocrx_word' id='word_1_328' title='bbox 2611 1896 2804 1965; x_wconf 77' lang='lat' dir='ltr'>xx11;</span> <span class='ocrx_word' id='word_1_329' title='bbox 2855 1899 3004 1956; x_wconf 74' lang='lat' dir='ltr'>hinc</span> <span class='ocrx_word' id='word_1_330' title='bbox 3054 1897 3265 1954; x_wconf 57' lang='lat' dir='ltr'>theou»</span> <span class='ocrx_word' id='word_1_331' title='bbox 3357 1868 3362 1953; x_wconf 78' lang='lat'><em>7</em></span> 
     </span>
    </p>
   </div>
   <div class='ocr_carea' id='block_1_13' title="bbox 1989 1986 3266 2063">
    <p class='ocr_par' dir='ltr' id='par_1_16' title="bbox 1989 1986 3266 2063">
     <span class='ocr_line' id='line_1_65' title="bbox 1989 1986 3266 2063; baseline -0.005 -16"><span class='ocrx_word' id='word_1_332' title='bbox 1989 2007 2201 2063; x_wconf 86' lang='lat' dir='ltr'>gerum</span> <span class='ocrx_word' id='word_1_333' title='bbox 2249 1986 2504 2044; x_wconf 84' lang='lat' dir='ltr'>examini</span> <span class='ocrx_word' id='word_1_334' title='bbox 2549 1987 2667 2044; x_wconf 87' lang='lat' dir='ltr'>fuit</span> <span class='ocrx_word' id='word_1_335' title='bbox 2711 1987 3047 2061; x_wconf 77' lang='lat' dir='ltr'>subjectuS‚</span> <span class='ocrx_word' id='word_1_336' title='bbox 3081 1986 3266 2062; x_wconf 78' lang='lat' dir='ltr'>quiet</span> 
     </span>
    </p>
   </div>
   <div class='ocr_carea' id='block_1_14' title="bbox 1989 2074 3370 2509">
    <p class='ocr_par' dir='ltr' id='par_1_17' title="bbox 1989 2074 3370 2509">
     <span class='ocr_line' id='line_1_66' title="bbox 1991 2074 3366 2137; baseline 0.002 -3"><span class='ocrx_word' id='word_1_337' title='bbox 1991 2077 2068 2134; x_wconf 86' lang='lat' dir='ltr'>Xl</span> <span class='ocrx_word' id='word_1_338' title='bbox 2120 2095 2188 2134; x_wconf 86' lang='lat' dir='ltr'>ex</span> <span class='ocrx_word' id='word_1_339' title='bbox 2238 2095 2304 2134; x_wconf 92' lang='lat' dir='ltr'>eo</span> <span class='ocrx_word' id='word_1_340' title='bbox 2354 2079 2643 2134; x_wconf 82' lang='lat' dir='ltr'>notarunt</span> <span class='ocrx_word' id='word_1_341' title='bbox 2691 2077 2984 2135; x_wconf 85' lang='lat' dir='ltr'>articulos</span> <span class='ocrx_word' id='word_1_342' title='bbox 3037 2093 3266 2134; x_wconf 79' lang='lat' dir='ltr'>eensurs</span> <span class='ocrx_word' id='word_1_343' title='bbox 3361 2074 3366 2137; x_wconf 71' lang='grc' dir='ltr'>ζ</span> 
     </span>
     <span class='ocr_line' id='line_1_67' title="bbox 1991 2161 3367 2245; baseline -0.001 -22"><span class='ocrx_word' id='word_1_344' title='bbox 1991 2166 2203 2242; x_wconf 80' lang='lat' dir='ltr'>dignos</span> <span class='ocrx_word' id='word_1_345' title='bbox 2220 2161 2284 2245; x_wconf 86' lang='lat'>¹).</span> <span class='ocrx_word' id='word_1_346' title='bbox 2349 2164 2585 2223; x_wconf 90' lang='lat' dir='ltr'>Inedita</span> <span class='ocrx_word' id='word_1_347' title='bbox 2632 2170 2988 2224; x_wconf 88' lang='lat' dir='ltr'>manserunt</span> <span class='ocrx_word' id='word_1_348' title='bbox 3042 2165 3266 2223; x_wconf 70' lang='lat' dir='ltr'>Summa</span> <span class='ocrx_word' id='word_1_349' title='bbox 3357 2190 3367 2233; x_wconf 89' lang='grc'><em>;</em></span> 
     </span>
     <span class='ocr_line' id='line_1_68' title="bbox 1990 2251 3366 2333; baseline -0.002 -20"><span class='ocrx_word' id='word_1_350' title='bbox 1990 2254 2288 2324; x_wconf 86' lang='lat' dir='ltr'>notabilis,</span> <span class='ocrx_word' id='word_1_351' title='bbox 2336 2253 2684 2328; x_wconf 88' lang='lat' dir='ltr'>quodlibeta</span> <span class='ocrx_word' id='word_1_352' title='bbox 2730 2251 2844 2333; x_wconf 83' lang='lat'>(4),</span> <span class='ocrx_word' id='word_1_353' title='bbox 2898 2254 3263 2329; x_wconf 82' lang='lat' dir='ltr'>quaestiones</span> <span class='ocrx_word' id='word_1_354' title='bbox 3361 2286 3366 2301; x_wconf 70' lang='lat'>1</span> 
     </span>
     <span class='ocr_line' id='line_1_69' title="bbox 1989 2338 3370 2423; baseline -0.001 -22"><span class='ocrx_word' id='word_1_355' title='bbox 1989 2344 2356 2420; x_wconf 85' lang='lat' dir='ltr'>theologicae</span> <span class='ocrx_word' id='word_1_356' title='bbox 2391 2338 2526 2423; x_wconf 87' lang='grc'>(16)</span> <span class='ocrx_word' id='word_1_357' title='bbox 2561 2344 2706 2401; x_wconf 83' lang='lat' dir='ltr'>varii</span> <span class='ocrx_word' id='word_1_358' title='bbox 2740 2343 3112 2420; x_wconf 83' lang='lat' dir='ltr'>argumenti,</span> <span class='ocrx_word' id='word_1_359' title='bbox 3147 2360 3262 2418; x_wconf 79' lang='lat' dir='ltr'>pos·</span> <span class='ocrx_word' id='word_1_360' title='bbox 3363 2380 3370 2419; x_wconf 57' lang='lat' dir='ltr'>t</span> 
     </span>
     <span class='ocr_line' id='line_1_70' title="bbox 1990 2431 3370 2509; baseline -0.004 -18"><span class='ocrx_word' id='word_1_361' title='bbox 1990 2434 2123 2491; x_wconf 85' lang='lat' dir='ltr'>tilla</span> <span class='ocrx_word' id='word_1_362' title='bbox 2171 2433 2235 2491; x_wconf 91' lang='lat' dir='ltr'>in</span> <span class='ocrx_word' id='word_1_363' title='bbox 2267 2432 2658 2508; x_wconf 84' lang='lat' dir='ltr'>Evangelium</span> <span class='ocrx_word' id='word_1_364' title='bbox 2692 2435 2800 2491; x_wconf 89' lang='lat' dir='ltr'>etc.</span> <span class='ocrx_word' id='word_1_365' title='bbox 2863 2434 3016 2508; x_wconf 87' lang='lat' dir='ltr'>Ejus</span> <span class='ocrx_word' id='word_1_366' title='bbox 3049 2431 3263 2490; x_wconf 76' lang='lat' dir='ltr'>Statuts</span> <span class='ocrx_word' id='word_1_367' title='bbox 3363 2434 3370 2509; x_wconf 52' lang='grc' dir='ltr'>ς’</span> 
     </span>
    </p>
   </div>
   <div class='ocr_carea' id='block_1_15' title="bbox 1990 2522 3260 2688">
    <p class='ocr_par' dir='ltr' id='par_1_18' title="bbox 1990 2522 3260 2688">
     <span class='ocr_line' id='line_1_71' title="bbox 1990 2522 3259 2599; baseline -0.002 -19"><span class='ocrx_word' id='word_1_368' title='bbox 1990 2522 2200 2599; x_wconf 83' lang='lat' dir='ltr'>synodi</span> <span class='ocrx_word' id='word_1_369' title='bbox 2237 2522 2619 2581; x_wconf 84' lang='lat' dir='ltr'>dioecesanae</span> <span class='ocrx_word' id='word_1_370' title='bbox 2651 2522 2969 2580; x_wconf 87' lang='lat' dir='ltr'>aniciensis</span> <span class='ocrx_word' id='word_1_371' title='bbox 3022 2543 3074 2579; x_wconf 80' lang='lat' dir='ltr'>a.</span> <span class='ocrx_word' id='word_1_372' title='bbox 3119 2527 3259 2583; x_wconf 82' lang='lat'>132⁰</span> 
     </span>
     <span class='ocr_line' id='line_1_72' title="bbox 1990 2608 3260 2688; baseline -0.003 -18"><span class='ocrx_word' id='word_1_373' title='bbox 1990 2612 2319 2670; x_wconf 83' lang='lat' dir='ltr'>celebratae</span> <span class='ocrx_word' id='word_1_374' title='bbox 2352 2612 2639 2688; x_wconf 84' lang='lat' dir='ltr'>leguntur</span> <span class='ocrx_word' id='word_1_375' title='bbox 2668 2610 2828 2687; x_wconf 87' lang='lat' dir='ltr'>apud</span> <span class='ocrx_word' id='word_1_376' title='bbox 2863 2611 2930 2669; x_wconf 91' lang='grc' dir='ltr'>Ο.</span> <span class='ocrx_word' id='word_1_377' title='bbox 2951 2612 3163 2686; x_wconf 82' lang='lat' dir='ltr'>Gissey</span> <span class='ocrx_word' id='word_1_378' title='bbox 3181 2608 3260 2666; x_wconf 74' lang='lat' dir='ltr'>SJ-</span> 
     </span>
    </p>
   </div>
   <div class='ocr_carea' id='block_1_16' title="bbox 3313 408 3372 443">
    <p class='ocr_par' dir='ltr' id='par_1_19' title="bbox 3313 408 3372 443">
     <span class='ocr_line' id='line_1_73' title="bbox 3313 408 3372 443; baseline 0 0"><span class='ocrx_word' id='word_1_379' title='bbox 3313 408 3328 433; x_wconf 66' lang='lat'>¹</span> <span class='ocrx_word' id='word_1_380' title='bbox 3369 414 3372 443; x_wconf 58' lang='lat' dir='ltr'>l</span> 
     </span>
    </p>
   </div>
   <div class='ocr_carea' id='block_1_17' title="bbox 3321 460 3371 537">
    <p class='ocr_par' dir='ltr' id='par_1_20' title="bbox 3321 460 3371 537">
     <span class='ocr_line' id='line_1_74' title="bbox 3321 460 3371 537; baseline 0 -35"><span class='ocrx_word' id='word_1_381' title='bbox 3321 460 3334 537; x_wconf 38' lang='grc' dir='ltr'><strong>ᾗ</strong></span> <span class='ocrx_word' id='word_1_382' title='bbox 3368 499 3371 502; x_wconf 75' lang='grc'><em>,</em></span> 
     </span>
    </p>
   </div>
   <div class='ocr_carea' id='block_1_18' title="bbox 1991 2701 3376 2866">
    <p class='ocr_par' dir='ltr' id='par_1_21' title="bbox 1991 2701 3376 2866">
     <span class='ocr_line' id='line_1_75' title="bbox 1995 2701 3376 2780; baseline -0.004 -21"><span class='ocrx_word' id='word_1_383' title='bbox 1995 2702 2269 2759; x_wconf 86' lang='lat' dir='ltr'>Discours</span> <span class='ocrx_word' id='word_1_384' title='bbox 2314 2701 2675 2775; x_wconf 89' lang='lat' dir='ltr'>historiques</span> <span class='ocrx_word' id='word_1_385' title='bbox 2727 2702 2798 2758; x_wconf 87' lang='lat' dir='ltr'>de</span> <span class='ocrx_word' id='word_1_386' title='bbox 2832 2702 2888 2758; x_wconf 91' lang='lat' dir='ltr'>la</span> <span class='ocrx_word' id='word_1_387' title='bbox 2936 2701 3210 2760; x_wconf 83' lang='lat' dir='ltr'>devotion</span> <span class='ocrx_word' id='word_1_388' title='bbox 3236 2705 3262 2753; x_wconf 70' lang='lat' dir='ltr'>a</span> <span class='ocrx_word' id='word_1_389' title='bbox 3369 2743 3376 2780; x_wconf 42' lang='grc' dir='ltr'><strong>ἱ</strong></span> 
     </span>
     <span class='ocr_line' id='line_1_76' title="bbox 1991 2790 3376 2866; baseline 0 -18"><span class='ocrx_word' id='word_1_390' title='bbox 1991 2793 2060 2848; x_wconf 90' lang='lat' dir='ltr'>N.</span> <span class='ocrx_word' id='word_1_391' title='bbox 2081 2791 2148 2848; x_wconf 89' lang='lat' dir='ltr'>D.</span> <span class='ocrx_word' id='word_1_392' title='bbox 2182 2790 2265 2848; x_wconf 90' lang='lat' dir='ltr'>du</span> <span class='ocrx_word' id='word_1_393' title='bbox 2284 2790 2750 2866; x_wconf 80' lang='lat' dir='ltr'>Puy-en·Velay,</span> <span class='ocrx_word' id='word_1_394' title='bbox 2785 2791 3070 2866; x_wconf 83' lang='lat' dir='ltr'>Lugduni</span> <span class='ocrx_word' id='word_1_395' title='bbox 3101 2797 3259 2851; x_wconf 81' lang='lat'><strong>1620.</strong></span> <span class='ocrx_word' id='word_1_396' title='bbox 3365 2823 3376 2836; x_wconf 90' lang='lat'><em>-</em></span> 
     </span>
    </p>
   </div>
   <div class='ocr_carea' id='block_1_19' title="bbox 2031 2983 2308 2990">
    <p class='ocr_par' dir='ltr' id='par_1_22' title="bbox 2031 2983 2308 2990">
     <span class='ocr_line' id='line_1_77' title="bbox 2031 2983 2308 2990; baseline 0 2374"><span class='ocrx_word' id='word_1_397' title='bbox 2031 2983 2308 2990; x_wconf 95' lang='lat' dir='ltr'> </span> 
     </span>
    </p>
   </div>
   <div class='ocr_carea' id='block_1_20' title="bbox 1990 3079 3265 4642">
    <p class='ocr_par' dir='ltr' id='par_1_23' title="bbox 1990 3079 3265 4642">
     <span class='ocr_line' id='line_1_78' title="bbox 1991 3079 3265 3151; baseline -0.002 -18"><span class='ocrx_word' id='word_1_398' title='bbox 1991 3080 2262 3135; x_wconf 79' lang='lat' dir='ltr'>videlicet</span> <span class='ocrx_word' id='word_1_399' title='bbox 2274 3082 2572 3150; x_wconf 75' lang='lat' dir='ltr'>religionis</span> <span class='ocrx_word' id='word_1_400' title='bbox 2590 3082 2765 3135; x_wconf 78' lang='lat' dir='ltr'>veluti</span> <span class='ocrx_word' id='word_1_401' title='bbox 2779 3082 2939 3135; x_wconf 79' lang='lat' dir='ltr'>rivus</span> <span class='ocrx_word' id='word_1_402' title='bbox 2958 3079 3265 3151; x_wconf 70' lang='lat' dir='ltr'>limpidissi-</span> 
     </span>
     <span class='ocr_line' id='line_1_79' title="bbox 1990 3153 3265 3223; baseline -0.002 -18"><span class='ocrx_word' id='word_1_403' title='bbox 1990 3171 2119 3206; x_wconf 88' lang='lat' dir='ltr'>mus</span> <span class='ocrx_word' id='word_1_404' title='bbox 2147 3153 2316 3221; x_wconf 81' lang='lat' dir='ltr'>pleno</span> <span class='ocrx_word' id='word_1_405' title='bbox 2356 3154 2478 3222; x_wconf 83' lang='lat' dir='ltr'>jam</span> <span class='ocrx_word' id='word_1_406' title='bbox 2525 3154 2687 3207; x_wconf 82' lang='lat' dir='ltr'>alveo</span> <span class='ocrx_word' id='word_1_407' title='bbox 2734 3153 2917 3206; x_wconf 83' lang='lat' dir='ltr'>fluens</span> <span class='ocrx_word' id='word_1_408' title='bbox 2961 3154 3177 3223; x_wconf 85' lang='lat' dir='ltr'>proluit</span> <span class='ocrx_word' id='word_1_409' title='bbox 3199 3167 3265 3203; x_wconf 81' lang='lat' dir='ltr'>sa-</span> 
     </span>
     <span class='ocr_line' id='line_1_80' title="bbox 1992 3223 3257 3293; baseline -0.002 -16"><span class='ocrx_word' id='word_1_410' title='bbox 1992 3224 2101 3277; x_wconf 63' lang='lat' dir='ltr'>cris</span> <span class='ocrx_word' id='word_1_411' title='bbox 2131 3227 2315 3278; x_wconf 87' lang='lat' dir='ltr'>totum</span> <span class='ocrx_word' id='word_1_412' title='bbox 2345 3225 2712 3293; x_wconf 70' lang='lat' dir='ltr'>dogmatibus</span> <span class='ocrx_word' id='word_1_413' title='bbox 2752 3226 2967 3279; x_wconf 86' lang='lat' dir='ltr'>orbem.</span> <span class='ocrx_word' id='word_1_414' title='bbox 3025 3227 3108 3279; x_wconf 83' lang='lat' dir='ltr'>Ita</span> <span class='ocrx_word' id='word_1_415' title='bbox 3133 3223 3257 3276; x_wconf 83' lang='lat' dir='ltr'>enim</span> 
     </span>
     <span class='ocr_line' id='line_1_81' title="bbox 1992 3296 3262 3366; baseline -0.001 -19"><span class='ocrx_word' id='word_1_416' title='bbox 1992 3296 2404 3349; x_wconf 84' lang='lat' dir='ltr'>sententiarum</span> <span class='ocrx_word' id='word_1_417' title='bbox 2450 3296 2707 3350; x_wconf 81' lang='lat' dir='ltr'>ubertate</span> <span class='ocrx_word' id='word_1_418' title='bbox 2752 3296 3034 3350; x_wconf 81' lang='lat' dir='ltr'>fiuviatur</span> <span class='ocrx_word' id='word_1_419' title='bbox 3073 3309 3262 3366; x_wconf 74' lang='lat' dir='ltr'>presso—</span> 
     </span>
     <span class='ocr_line' id='line_1_82' title="bbox 1994 3367 3256 3436; baseline -0.002 -18"><span class='ocrx_word' id='word_1_420' title='bbox 1994 3385 2104 3434; x_wconf 87' lang='lat' dir='ltr'>que</span> <span class='ocrx_word' id='word_1_421' title='bbox 2133 3367 2265 3420; x_wconf 90' lang='lat' dir='ltr'>stilo</span> <span class='ocrx_word' id='word_1_422' title='bbox 2312 3367 2530 3436; x_wconf 81' lang='lat' dir='ltr'>gaudet</span> <span class='ocrx_word' id='word_1_423' title='bbox 2567 3385 2630 3421; x_wconf 84' lang='lat' dir='ltr'>ac</span> <span class='ocrx_word' id='word_1_424' title='bbox 2673 3367 2856 3420; x_wconf 79' lang='lat' dir='ltr'>divite</span> <span class='ocrx_word' id='word_1_425' title='bbox 2884 3386 3052 3429; x_wconf 76' lang='lat' dir='ltr'>vena,</span> <span class='ocrx_word' id='word_1_426' title='bbox 3094 3371 3154 3420; x_wconf 83' lang='lat' dir='ltr'>ut</span> <span class='ocrx_word' id='word_1_427' title='bbox 3179 3383 3256 3417; x_wconf 87' lang='lat' dir='ltr'>un-</span> 
     </span>
     <span class='ocr_line' id='line_1_83' title="bbox 1992 3438 3256 3506; baseline -0.002 -16"><span class='ocrx_word' id='word_1_428' title='bbox 1992 3439 2168 3506; x_wconf 84' lang='lat' dir='ltr'>dique</span> <span class='ocrx_word' id='word_1_429' title='bbox 2194 3439 2256 3490; x_wconf 91' lang='lat' dir='ltr'>in</span> <span class='ocrx_word' id='word_1_430' title='bbox 2283 3456 2340 3491; x_wconf 83' lang='lat' dir='ltr'>se</span> <span class='ocrx_word' id='word_1_431' title='bbox 2368 3440 2588 3492; x_wconf 80' lang='lat' dir='ltr'>animos</span> <span class='ocrx_word' id='word_1_432' title='bbox 2616 3438 2784 3492; x_wconf 84' lang='lat' dir='ltr'>simul</span> <span class='ocrx_word' id='word_1_433' title='bbox 2831 3442 2891 3492; x_wconf 87' lang='lat' dir='ltr'>et</span> <span class='ocrx_word' id='word_1_434' title='bbox 2935 3440 3130 3493; x_wconf 63' lang='lat' dir='ltr'>oculos</span> <span class='ocrx_word' id='word_1_435' title='bbox 3154 3453 3256 3490; x_wconf 89' lang='lat' dir='ltr'>con-</span> 
     </span>
     <span class='ocr_line' id='line_1_84' title="bbox 1993 3509 3258 3580; baseline 0.002 -20"><span class='ocrx_word' id='word_1_436' title='bbox 1993 3512 2229 3562; x_wconf 53' lang='lat' dir='ltr'>vertat*</span> <span class='ocrx_word' id='word_1_437' title='bbox 2287 3509 2368 3564; x_wconf 84' lang='lat' dir='ltr'>cf.</span> <span class='ocrx_word' id='word_1_438' title='bbox 2417 3510 2588 3563; x_wconf 87' lang='lat' dir='ltr'>Mich.</span> <span class='ocrx_word' id='word_1_439' title='bbox 2627 3527 2661 3562; x_wconf 85' lang='lat' dir='ltr'>a</span> <span class='ocrx_word' id='word_1_440' title='bbox 2696 3528 2737 3563; x_wconf 94' lang='lat' dir='ltr'>s.</span> <span class='ocrx_word' id='word_1_441' title='bbox 2765 3510 2982 3580; x_wconf 84' lang='lat' dir='ltr'>Joseph</span> <span class='ocrx_word' id='word_1_442' title='bbox 3015 3509 3258 3573; x_wconf 71' lang='lat' dir='ltr'>Bibliogr.</span> 
     </span>
     <span class='ocr_line' id='line_1_85' title="bbox 1993 3579 3256 3642; baseline -0.003 -10"><span class='ocrx_word' id='word_1_443' title='bbox 1993 3581 2120 3635; x_wconf 90' lang='lat' dir='ltr'>crit.</span> <span class='ocrx_word' id='word_1_444' title='bbox 2148 3582 2216 3642; x_wconf 83' lang='grc' dir='ltr'>Π,</span> <span class='ocrx_word' id='word_1_445' title='bbox 2244 3585 2349 3637; x_wconf 78' lang='grc'>206</span> <span class='ocrx_word' id='word_1_446' title='bbox 2378 3600 2477 3636; x_wconf 81' lang='lat' dir='ltr'>ss,:</span> <span class='ocrx_word' id='word_1_447' title='bbox 2531 3581 2682 3635; x_wconf 86' lang='lat' dir='ltr'>Fritz</span> <span class='ocrx_word' id='word_1_448' title='bbox 2723 3581 2863 3634; x_wconf 57' lang='lat' dir='ltr'>KLn</span> <span class='ocrx_word' id='word_1_449' title='bbox 2895 3582 2989 3642; x_wconf 80' lang='lat' dir='ltr'>IV,</span> <span class='ocrx_word' id='word_1_450' title='bbox 3018 3587 3122 3639; x_wconf 78' lang='lat'>43:</span> <span class='ocrx_word' id='word_1_451' title='bbox 3169 3579 3256 3631; x_wconf 81' lang='lat' dir='ltr'>Der</span> 
     </span>
     <span class='ocr_line' id='line_1_86' title="bbox 1995 3649 3258 3723; baseline -0.002 -19"><span class='ocrx_word' id='word_1_452' title='bbox 1995 3653 2274 3716; x_wconf 83' lang='lat' dir='ltr'>Vorwurf‚</span> <span class='ocrx_word' id='word_1_453' title='bbox 2345 3652 2449 3705; x_wconf 78' lang='lat' dir='ltr'>dass</span> <span class='ocrx_word' id='word_1_454' title='bbox 2503 3671 2561 3706; x_wconf 89' lang='lat' dir='ltr'>er</span> <span class='ocrx_word' id='word_1_455' title='bbox 2613 3653 2706 3706; x_wconf 86' lang='lat' dir='ltr'>die</span> <span class='ocrx_word' id='word_1_456' title='bbox 2758 3652 3128 3723; x_wconf 80' lang='lat' dir='ltr'>philosophie</span> <span class='ocrx_word' id='word_1_457' title='bbox 3176 3649 3258 3704; x_wconf 86' lang='lat' dir='ltr'>mit</span> 
     </span>
     <span class='ocr_line' id='line_1_87' title="bbox 1993 3719 3252 3794; baseline -0.005 -17"><span class='ocrx_word' id='word_1_458' title='bbox 1993 3724 2250 3777; x_wconf 81' lang='lat' dir='ltr'>dunkelu</span> <span class='ocrx_word' id='word_1_459' title='bbox 2295 3724 2412 3776; x_wconf 85' lang='lat' dir='ltr'>und</span> <span class='ocrx_word' id='word_1_460' title='bbox 2456 3724 2858 3794; x_wconf 81' lang='lat' dir='ltr'>spitzfindigen</span> <span class='ocrx_word' id='word_1_461' title='bbox 2903 3725 3124 3792; x_wconf 76' lang='lat' dir='ltr'>Fr.¹gen</span> <span class='ocrx_word' id='word_1_462' title='bbox 3159 3719 3252 3774; x_wconf 89' lang='lat' dir='ltr'>und</span> 
     </span>
     <span class='ocr_line' id='line_1_88' title="bbox 1992 3795 3250 3858; baseline -0.004 -10"><span class='ocrx_word' id='word_1_463' title='bbox 1992 3795 2409 3849; x_wconf 84' lang='lat' dir='ltr'>Distinctionen</span> <span class='ocrx_word' id='word_1_464' title='bbox 2461 3795 2771 3850; x_wconf 83' lang='lat' dir='ltr'>verdorben</span> <span class='ocrx_word' id='word_1_465' title='bbox 2822 3796 2986 3858; x_wconf 81' lang='lat' dir='ltr'>habe,</span> <span class='ocrx_word' id='word_1_466' title='bbox 3030 3798 3100 3849; x_wconf 83' lang='lat' dir='ltr'>ist</span> <span class='ocrx_word' id='word_1_467' title='bbox 3147 3809 3250 3846; x_wconf 88' lang='lat' dir='ltr'>zum</span> 
     </span>
     <span class='ocr_line' id='line_1_89' title="bbox 1997 3864 3250 3937; baseline -0.002 -18"><span class='ocrx_word' id='word_1_468' title='bbox 1997 3867 2308 3935; x_wconf 83' lang='lat' dir='ltr'>wenigsteu</span> <span class='ocrx_word' id='word_1_469' title='bbox 2351 3868 2695 3936; x_wconf 52' lang='lat' dir='ltr'>ungeret-hm</span> <span class='ocrx_word' id='word_1_470' title='bbox 2737 3868 2892 3920; x_wconf 85' lang='lat' dir='ltr'>seine</span> <span class='ocrx_word' id='word_1_471' title='bbox 2930 3864 3250 3937; x_wconf 84' lang='lat' dir='ltr'>philosophi-</span> 
     </span>
     <span class='ocr_line' id='line_1_90' title="bbox 1995 3937 3251 4007; baseline -0.002 -16"><span class='ocrx_word' id='word_1_472' title='bbox 1995 3940 2165 3991; x_wconf 77' lang='lat' dir='ltr'>sehen</span> <span class='ocrx_word' id='word_1_473' title='bbox 2196 3938 2716 4002; x_wconf 63' lang='lat' dir='ltr'>Untersuchuugen</span> <span class='ocrx_word' id='word_1_474' title='bbox 2757 3942 2961 4007; x_wconf 81' lang='lat' dir='ltr'>tragen</span> <span class='ocrx_word' id='word_1_475' title='bbox 3012 3937 3251 3993; x_wconf 70' lang='lat' dir='ltr'>vielmehr</span> 
     </span>
     <span class='ocr_line' id='line_1_91' title="bbox 1992 4009 3247 4064; baseline 0 -4"><span class='ocrx_word' id='word_1_476' title='bbox 1992 4009 2085 4063; x_wconf 85' lang='lat' dir='ltr'>bei</span> <span class='ocrx_word' id='word_1_477' title='bbox 2114 4010 2255 4062; x_wconf 85' lang='lat' dir='ltr'>aller</span> <span class='ocrx_word' id='word_1_478' title='bbox 2284 4009 2466 4062; x_wconf 78' lang='lat' dir='ltr'>Ki&#39;irze</span> <span class='ocrx_word' id='word_1_479' title='bbox 2510 4010 2627 4063; x_wconf 88' lang='lat' dir='ltr'>und</span> <span class='ocrx_word' id='word_1_480' title='bbox 2659 4009 2948 4063; x_wconf 56' lang='lat' dir='ltr'>Piriicision</span> <span class='ocrx_word' id='word_1_481' title='bbox 2991 4012 3100 4064; x_wconf 89' lang='lat' dir='ltr'>den</span> <span class='ocrx_word' id='word_1_482' title='bbox 3137 4011 3247 4061; x_wconf 77' lang='lat' dir='ltr'>Aus-</span> 
     </span>
     <span class='ocr_line' id='line_1_92' title="bbox 1994 4076 3252 4150; baseline -0.006 -16"><span class='ocrx_word' id='word_1_483' title='bbox 1994 4081 2194 4144; x_wconf 85' lang='lat' dir='ltr'>druek,</span> <span class='ocrx_word' id='word_1_484' title='bbox 2236 4081 2336 4133; x_wconf 83' lang='lat' dir='ltr'>das</span> <span class='ocrx_word' id='word_1_485' title='bbox 2365 4083 2622 4150; x_wconf 66' lang='lat' dir='ltr'>Geprage</span> <span class='ocrx_word' id='word_1_486' title='bbox 2663 4086 2861 4150; x_wconf 75' lang='lat' dir='ltr'>gro&#39;er</span> <span class='ocrx_word' id='word_1_487' title='bbox 2890 4076 3252 4136; x_wconf 71' lang='lat' dir='ltr'>Deutlichkeit</span> 
     </span>
     <span class='ocr_line' id='line_1_93' title="bbox 1995 4152 3246 4220; baseline -0.002 -15"><span class='ocrx_word' id='word_1_488' title='bbox 1995 4153 2112 4205; x_wconf 89' lang='lat' dir='ltr'>und</span> <span class='ocrx_word' id='word_1_489' title='bbox 2167 4153 2586 4206; x_wconf 80' lang='lat' dir='ltr'>Hestimmtheit</span> <span class='ocrx_word' id='word_1_490' title='bbox 2634 4170 2708 4205; x_wconf 84' lang='lat' dir='ltr'>an</span> <span class='ocrx_word' id='word_1_491' title='bbox 2761 4153 2882 4205; x_wconf 87' lang='lat' dir='ltr'>sich</span> <span class='ocrx_word' id='word_1_492' title='bbox 2913 4198 2926 4211; x_wconf 87' lang='lat'>.</span> <span class='ocrx_word' id='word_1_493' title='bbox 2956 4197 2966 4207; x_wconf 92' lang='lat'><strong>.</strong></span> <span class='ocrx_word' id='word_1_494' title='bbox 2998 4196 3010 4206; x_wconf 93' lang='lat'><strong>.</strong></span> <span class='ocrx_word' id='word_1_495' title='bbox 3063 4152 3246 4220; x_wconf 75' lang='lat' dir='ltr'>wegen</span> 
     </span>
     <span class='ocr_line' id='line_1_94' title="bbox 1995 4219 3247 4294; baseline 0.002 -17"><span class='ocrx_word' id='word_1_496' title='bbox 1995 4224 2177 4277; x_wconf 81' lang='lat' dir='ltr'>dieser</span> <span class='ocrx_word' id='word_1_497' title='bbox 2239 4224 2770 4278; x_wconf 84' lang='lat' dir='ltr'>nominalistischen</span> <span class='ocrx_word' id='word_1_498' title='bbox 2823 4225 3130 4294; x_wconf 77' lang='lat' dir='ltr'>Richtung.</span> <span class='ocrx_word' id='word_1_499' title='bbox 3174 4219 3247 4273; x_wconf 68' lang='lat' dir='ltr'>die</span> 
     </span>
     <span class='ocr_line' id='line_1_95' title="bbox 1993 4289 3248 4365; baseline -0.001 -18"><span class='ocrx_word' id='word_1_500' title='bbox 1993 4296 2196 4365; x_wconf 85' lang='lat' dir='ltr'>jedoch</span> <span class='ocrx_word' id='word_1_501' title='bbox 2225 4298 2378 4349; x_wconf 85' lang='lat' dir='ltr'>seine</span> <span class='ocrx_word' id='word_1_502' title='bbox 2425 4295 2735 4365; x_wconf 82' lang='lat' dir='ltr'>Theologie</span> <span class='ocrx_word' id='word_1_503' title='bbox 2781 4297 2930 4350; x_wconf 86' lang='lat' dir='ltr'>noch</span> <span class='ocrx_word' id='word_1_504' title='bbox 2979 4297 3134 4350; x_wconf 78' lang='lat' dir='ltr'>nicht</span> <span class='ocrx_word' id='word_1_505' title='bbox 3167 4289 3248 4344; x_wconf 72' lang='lat' dir='ltr'>mit</span> 
     </span>
     <span class='ocr_line' id='line_1_96' title="bbox 1996 4364 3246 4434; baseline -0.002 -15"><span class='ocrx_word' id='word_1_506' title='bbox 1996 4367 2144 4421; x_wconf 85' lang='lat' dir='ltr'>allen</span> <span class='ocrx_word' id='word_1_507' title='bbox 2191 4366 2352 4420; x_wconf 84' lang='lat' dir='ltr'>ibren</span> <span class='ocrx_word' id='word_1_508' title='bbox 2398 4369 2837 4434; x_wconf 80' lang='lat' dir='ltr'>Consequenzen</span> <span class='ocrx_word' id='word_1_509' title='bbox 2882 4364 3246 4431; x_wconf 65' lang='lat' dir='ltr'>durchdringt,</span> 
     </span>
     <span class='ocr_line' id='line_1_97' title="bbox 1996 4437 3245 4507; baseline -0.006 -16"><span class='ocrx_word' id='word_1_510' title='bbox 1996 4439 2053 4491; x_wconf 67' lang='lat' dir='ltr'>la</span> <span class='ocrx_word' id='word_1_511' title='bbox 2077 4447 2109 4488; x_wconf 70' lang='lat' dir='ltr'>‘t</span> <span class='ocrx_word' id='word_1_512' title='bbox 2138 4455 2270 4490; x_wconf 80' lang='lat' dir='ltr'>man</span> <span class='ocrx_word' id='word_1_513' title='bbox 2298 4438 2660 4507; x_wconf 72' lang='lat' dir='ltr'>gewohnlich</span> <span class='ocrx_word' id='word_1_514' title='bbox 2678 4439 2785 4493; x_wconf 89' lang='lat' dir='ltr'>mit</span> <span class='ocrx_word' id='word_1_515' title='bbox 2801 4438 3107 4492; x_wconf 85' lang='lat' dir='ltr'>Durandus</span> <span class='ocrx_word' id='word_1_516' title='bbox 3121 4437 3196 4490; x_wconf 85' lang='lat' dir='ltr'>die</span> <span class='ocrx_word' id='word_1_517' title='bbox 3208 4437 3245 4484; x_wconf 78' lang='lat'>3.</span> 
     </span>
     <span class='ocr_line' id='line_1_98' title="bbox 1997 4502 3248 4580; baseline 0 -20"><span class='ocrx_word' id='word_1_518' title='bbox 1997 4509 2232 4563; x_wconf 84' lang='lat' dir='ltr'>Periode</span> <span class='ocrx_word' id='word_1_519' title='bbox 2274 4511 2372 4563; x_wconf 87' lang='lat' dir='ltr'>der</span> <span class='ocrx_word' id='word_1_520' title='bbox 2412 4510 2735 4563; x_wconf 78' lang='lat' dir='ltr'>Scholastik</span> <span class='ocrx_word' id='word_1_521' title='bbox 2772 4509 3077 4580; x_wconf 75' lang='lat' dir='ltr'>beginnen.</span> <span class='ocrx_word' id='word_1_522' title='bbox 3125 4508 3169 4561; x_wconf 90' lang='lat' dir='ltr'>S.</span> <span class='ocrx_word' id='word_1_523' title='bbox 3192 4502 3248 4556; x_wconf 74' lang='lat' dir='ltr'>M·</span> 
     </span>
     <span class='ocr_line' id='line_1_99' title="bbox 2001 4574 3245 4642; baseline -0.002 -8"><span class='ocrx_word' id='word_1_524' title='bbox 2001 4581 2249 4634; x_wconf 78' lang='lat' dir='ltr'>Deutsch</span> <span class='ocrx_word' id='word_1_525' title='bbox 2280 4581 2540 4635; x_wconf 82' lang='lat' dir='ltr'>Realenc.</span> <span class='ocrx_word' id='word_1_526' title='bbox 2573 4580 2636 4642; x_wconf 86' lang='lat' dir='ltr'>V,</span> <span class='ocrx_word' id='word_1_527' title='bbox 2664 4586 2946 4638; x_wconf 69' lang='lat'>95-1042</span> <span class='ocrx_word' id='word_1_528' title='bbox 3003 4581 3154 4636; x_wconf 77' lang='lat' dir='ltr'>Feret</span> <span class='ocrx_word' id='word_1_529' title='bbox 3177 4574 3245 4628; x_wconf 81' lang='lat' dir='ltr'>lll-</span> 
     </span>
    </p>
   </div>
   <div class='ocr_carea' id='block_1_21' title="bbox 658 4652 3248 4864">
    <p class='ocr_par' dir='ltr' id='par_1_24' title="bbox 658 4652 3248 4864">
     <span class='ocr_line' id='line_1_100' title="bbox 739 4652 3246 4721; baseline 0.001 -17"><span class='ocrx_word' id='word_1_530' title='bbox 739 4661 769 4710; x_wconf 66' lang='grc' dir='ltr'><strong>ἰ</strong></span> <span class='ocrx_word' id='word_1_531' title='bbox 830 4654 864 4715; x_wconf 87' lang='lat' dir='ltr'>l,</span> <span class='ocrx_word' id='word_1_532' title='bbox 917 4657 1036 4706; x_wconf 69' lang='lat'>586.</span> <span class='ocrx_word' id='word_1_533' title='bbox 1092 4652 1277 4704; x_wconf 75' lang='lat' dir='ltr'>Etiam</span> <span class='ocrx_word' id='word_1_534' title='bbox 1332 4654 1401 4704; x_wconf 80' lang='lat' dir='ltr'>ab</span> <span class='ocrx_word' id='word_1_535' title='bbox 1453 4652 1581 4705; x_wconf 85' lang='lat' dir='ltr'>aliis</span> <span class='ocrx_word' id='word_1_536' title='bbox 1640 4653 1940 4706; x_wconf 77' lang='lat' dir='ltr'>buraudus</span> <span class='ocrx_word' id='word_1_537' title='bbox 1993 4657 2236 4714; x_wconf 72' lang='lat'>401-82</span> <span class='ocrx_word' id='word_1_538' title='bbox 2277 4655 2399 4705; x_wconf 77' lang='lat' dir='ltr'>fuse</span> <span class='ocrx_word' id='word_1_539' title='bbox 2440 4652 2507 4706; x_wconf 87' lang='lat' dir='ltr'>de</span> <span class='ocrx_word' id='word_1_540' title='bbox 2549 4654 2670 4721; x_wconf 83' lang='lat' dir='ltr'>ejus</span> <span class='ocrx_word' id='word_1_541' title='bbox 2698 4652 2962 4706; x_wconf 83' lang='lat' dir='ltr'>doctrina</span> <span class='ocrx_word' id='word_1_542' title='bbox 3002 4657 3246 4721; x_wconf 71' lang='lat' dir='ltr'>quatenus</span> 
     </span>
     <span class='ocr_line' id='line_1_101' title="bbox 658 4723 3248 4778; baseline -0.003 0"><span class='ocrx_word' id='word_1_543' title='bbox 658 4725 1104 4778; x_wconf 62' lang='lat' dir='ltr'>commendatur.</span> <span class='ocrx_word' id='word_1_544' title='bbox 1162 4726 1241 4775; x_wconf 79' lang='lat' dir='ltr'>lta</span> <span class='ocrx_word' id='word_1_545' title='bbox 1294 4724 1612 4778; x_wconf 79' lang='lat' dir='ltr'>Guilelmus</span> <span class='ocrx_word' id='word_1_546' title='bbox 1658 4723 1942 4777; x_wconf 78' lang='lat' dir='ltr'>Parvus</span> <span class='ocrx_word' id='word_1_547' title='bbox 1997 4723 2188 4776; x_wconf 79' lang='lat' dir='ltr'>differt</span> <span class='ocrx_word' id='word_1_548' title='bbox 2228 4726 2299 4777; x_wconf 82' lang='lat' dir='ltr'>ab</span> <span class='ocrx_word' id='word_1_549' title='bbox 2328 4743 2392 4777; x_wconf 80' lang='lat' dir='ltr'>ea</span> <span class='ocrx_word' id='word_1_550' title='bbox 2419 4743 2460 4778; x_wconf 89' lang='lat' dir='ltr'>s.</span> <span class='ocrx_word' id='word_1_551' title='bbox 2488 4724 2737 4776; x_wconf 79' lang='lat' dir='ltr'>Thomae</span> <span class='ocrx_word' id='word_1_552' title='bbox 2778 4723 3012 4778; x_wconf 85' lang='lat' dir='ltr'>disserit</span> <span class='ocrx_word' id='word_1_553' title='bbox 3053 4723 3248 4776; x_wconf 73' lang='lat' dir='ltr'>werner</span> 
     </span>
     <span class='ocr_line' id='line_1_102' title="bbox 658 4794 2323 4864; baseline -0.001 -16"><span class='ocrx_word' id='word_1_554' title='bbox 658 4797 726 4848; x_wconf 75' lang='lat' dir='ltr'>de</span> <span class='ocrx_word' id='word_1_555' title='bbox 743 4813 806 4849; x_wconf 85' lang='lat' dir='ltr'>eo</span> <span class='ocrx_word' id='word_1_556' title='bbox 826 4796 1049 4849; x_wconf 86' lang='lat' dir='ltr'>scribit:</span> <span class='ocrx_word' id='word_1_557' title='bbox 1092 4794 1430 4854; x_wconf 76' lang='lat' dir='ltr'>..Durandus</span> <span class='ocrx_word' id='word_1_558' title='bbox 1448 4798 1579 4864; x_wconf 86' lang='lat' dir='ltr'>post</span> <span class='ocrx_word' id='word_1_559' title='bbox 1594 4794 1941 4849; x_wconf 80' lang='lat' dir='ltr'>‹LThomam</span> <span class='ocrx_word' id='word_1_560' title='bbox 2005 4796 2096 4858; x_wconf 76' lang='lat' dir='ltr'>lll,</span> <span class='ocrx_word' id='word_1_561' title='bbox 2127 4801 2227 4852; x_wconf 74' lang='lat'>156</span> <span class='ocrx_word' id='word_1_562' title='bbox 2255 4813 2323 4847; x_wconf 78' lang='lat' dir='ltr'>ss„</span> 
     </span>
    </p>
   </div>
   <div class='ocr_carea' id='block_1_22' title="bbox 662 4867 1942 4936">
    <p class='ocr_par' dir='ltr' id='par_1_25' title="bbox 662 4867 1942 4936">
     <span class='ocr_line' id='line_1_103' title="bbox 662 4867 1942 4936; baseline 0.002 -19"><span class='ocrx_word' id='word_1_563' title='bbox 662 4873 763 4935; x_wconf 70' lang='lat' dir='ltr'>Aq.</span> <span class='ocrx_word' id='word_1_564' title='bbox 793 4870 1010 4936; x_wconf 85' lang='lat' dir='ltr'>primus</span> <span class='ocrx_word' id='word_1_565' title='bbox 1053 4868 1200 4935; x_wconf 83' lang='lat' dir='ltr'>petit</span> <span class='ocrx_word' id='word_1_566' title='bbox 1239 4884 1522 4935; x_wconf 84' lang='lat' dir='ltr'>campum,</span> <span class='ocrx_word' id='word_1_567' title='bbox 1561 4867 1659 4934; x_wconf 88' lang='lat' dir='ltr'>qui</span> <span class='ocrx_word' id='word_1_568' title='bbox 1690 4884 1756 4918; x_wconf 84' lang='lat' dir='ltr'>ex</span> <span class='ocrx_word' id='word_1_569' title='bbox 1786 4868 1942 4919; x_wconf 84' lang='lat' dir='ltr'>fonte</span> 
     </span>
    </p>
   </div>
   <div class='ocr_carea' id='block_1_23' title="bbox 2081 4857 3244 4932">
    <p class='ocr_par' dir='ltr' id='par_1_26' title="bbox 2081 4857 3244 4932">
     <span class='ocr_line' id='line_1_104' title="bbox 2081 4857 3244 4932; baseline -0.004 -12"><span class='ocrx_word' id='word_1_570' title='bbox 2081 4874 2088 4904; x_wconf 90' lang='lat'>¹</span> <span class='ocrx_word' id='word_1_571' title='bbox 2099 4883 2112 4932; x_wconf 74' lang='lat' dir='ltr'><strong>j</strong></span> <span class='ocrx_word' id='word_1_572' title='bbox 2144 4867 2226 4920; x_wconf 79' lang='lat' dir='ltr'>Cf.</span> <span class='ocrx_word' id='word_1_573' title='bbox 2256 4867 2662 4920; x_wconf 81' lang='lat' dir='ltr'>documentum</span> <span class='ocrx_word' id='word_1_574' title='bbox 2706 4866 3103 4920; x_wconf 77' lang='lat' dir='ltr'>authenticum</span> <span class='ocrx_word' id='word_1_575' title='bbox 3127 4857 3244 4932; x_wconf 77' lang='lat' dir='ltr'>apud</span> 
     </span>
    </p>
   </div>
   <div class='ocr_carea' id='block_1_24' title="bbox 660 4937 3193 5008">
    <p class='ocr_par' dir='ltr' id='par_1_27' title="bbox 660 4937 3193 5008">
     <span class='ocr_line' id='line_1_105' title="bbox 660 4937 3193 5008; baseline 0.002 -19"><span class='ocrx_word' id='word_1_576' title='bbox 660 4943 773 4991; x_wconf 81' lang='lat' dir='ltr'>tam</span> <span class='ocrx_word' id='word_1_577' title='bbox 818 4941 981 4992; x_wconf 80' lang='lat' dir='ltr'>beato</span> <span class='ocrx_word' id='word_1_578' title='bbox 1024 4943 1255 5005; x_wconf 81' lang='lat' dir='ltr'>tamque</span> <span class='ocrx_word' id='word_1_579' title='bbox 1297 4939 1454 5008; x_wconf 79' lang='lat' dir='ltr'>largo</span> <span class='ocrx_word' id='word_1_580' title='bbox 1494 4938 1942 5006; x_wconf 80' lang='lat' dir='ltr'>praedicatoriae</span> <span class='ocrx_word' id='word_1_581' title='bbox 2006 4938 2223 4991; x_wconf 81' lang='lat' dir='ltr'>Denisse</span> <span class='ocrx_word' id='word_1_582' title='bbox 2252 4938 2506 4992; x_wconf 83' lang='lat' dir='ltr'>Chartul.</span> <span class='ocrx_word' id='word_1_583' title='bbox 2536 4955 2655 5006; x_wconf 80' lang='lat' dir='ltr'>par.</span> <span class='ocrx_word' id='word_1_584' title='bbox 2685 4937 2750 5001; x_wconf 88' lang='lat' dir='ltr'>Il,</span> <span class='ocrx_word' id='word_1_585' title='bbox 2781 4944 2828 4993; x_wconf 89' lang='lat'>1.</span> <span class='ocrx_word' id='word_1_586' title='bbox 2859 4955 2990 5008; x_wconf 79' lang='lat' dir='ltr'>pag.</span> <span class='ocrx_word' id='word_1_587' title='bbox 3018 4942 3118 4995; x_wconf 72' lang='lat'>418</span> <span class='ocrx_word' id='word_1_588' title='bbox 3139 4953 3193 4988; x_wconf 74' lang='lat'>8³-</span> 
     </span>
    </p>
   </div>
  </div>
 </body>
</html>
