3475 5364
512 360 673 413 1059
1065 344 1434 398 1476—1500.
1464 339 1893 410 Hagiographia
1919 341 1977 393 et
2002 336 2253 394 Historia
2278 338 2547 400 literaria,
2955 356 3117 409 1050

500 526 573 585 de
604 526 789 603 Rupe,
844 544 1041 600 ,quae
1090 526 1153 583 in
1200 525 1528 593 historiam,
1579 525 1781 601 inquit
1836 524 2200 595 Coranus,
2232 524 2578 583 Coriolanus
2612 544 2648 583 a
2674 525 2868 600 patria
2885 543 3117 584 nuncu·

501 614 710 684 Quetif
732 615 778 685 1,
815 624 960 685 882,
995 614 1182 674 inseri
1215 632 1522 690 nunquam
1555 613 1778 673 debue-
1834 616 2030 689 patus,
2065 614 2131 672 Ο.
2163 613 2220 672 S.
2251 616 2423 691 Aug„
2456 613 2789 691 theologiae
2818 615 3117 691 magister.

502 711 705 764 runt<
731 740 806 751 -
825 704 886 762 F.
906 704 960 762 J.
994 703 1330 779 Baphael
1361 702 1426 763 Ο.
1445 704 1535 761 Pr.
1552 703 1779 774 Gallus,
1836 701 2172 762 studiorum
2202 721 2433 780 regens,
2477 703 2814 779 provinciae
2845 722 3118 763 romanae

500 795 565 852 iu
625 794 960 853 ministerio
1005 793 1216 852 Renati
1274 794 1435 870 regis
1495 792 1780 851 Hierusa-
1835 792 2226 867 praepositae,
2282 791 2521 850 demum
2552 792 2617 850 in
2649 792 2907 851 comitiis
2939 811 3116 869 gene-

502 884 618 942 lem
667 886 728 941 et
772 882 1004 942 Siciliae
1044 882 1505 958 Provinciaeque
1550 881 1782 940 comitis
1834 880 2063 941 talibus
2094 881 2310 939 Romae
2330 881 2648 941 celebratis
2679 882 2843 956 prior
2873 899 3119 958 genera·

503 970 564 1051 (†
602 972 797 1050 1480)
831 976 893 1033 et
921 971 1219 1031 Ludovico
1251 970 1378 1030 XII.
1410 971 1632 1030 Galliae
1652 971 1782 1047 regi
1837 970 1914 1027 lis
1959 970 2185 1030 electus
2233 990 2284 1029 a.
2338 979 2525 1033 1476.
2587 970 2807 1029 Verum
2847 990 2899 1029 a.
2952 980 3114 1035 1485

500 1064 798 1137 acceptus,
833 1061 1211 1121 concinnavit
1255 1079 1324 1119 ex
1370 1060 1782 1136 inquisitionis
1838 1058 1998 1135 apud
2043 1059 2459 1119 Innocentium
2492 1058 2646 1118 VIII.
2687 1064 2997 1120 accusatus
3040 1061 3119 1119 ob

500 1150 648 1209 actis
678 1153 811 1209 tum
841 1169 910 1209 ex
942 1149 1234 1210 chronicis
1278 1152 1340 1208 et
1382 1150 1646 1225 antiquis
1677 1149 1783 1208 do·
1823 1147 2037 1217 verba,
2070 1153 2143 1207 ut
2172 1147 2392 1218 ferunt,
2426 1149 2856 1209 contumeliosa
2883 1149 2951 1207 in
2969 1167 3116 1226 pon-

500 1240 795 1298 cumentis
844 1239 939 1297 La
987 1241 1073 1297 vie
1119 1240 1190 1297 de
1235 1238 1406 1298 Mons
1453 1257 1500 1297 s.
1533 1239 1784 1297 Aulzias
1836 1237 2058 1296 tificem
2118 1238 2353 1313 prolata
2365 1234 2432 1317 ¹),
2494 1237 2559 1295 in
2608 1256 2899 1298 carcerem
2947 1238 3121 1297 molis

501 1323 802 1409 (Elzearii)
865 1329 937 1387 de
1001 1327 1224 1387 Sabi-an
1285 1331 1477 1387 comte
1530 1327 1784 1386 d'Arian
1838 1326 2170 1385 Hadrianae
2201 1328 2505 1404 conjectus
2536 1329 2645 1393 est.
2697 1329 2831 1403 post
2861 1345 3119 1386 mensem

500 1417 769 1494 glorieux
800 1417 1136 1477 confesseur
1166 1420 1229 1475 et
1258 1416 1459 1493 vierge
1481 1413 1542 1497 (†
1573 1424 1685 1479 132
1697 1413 1782 1497 3),
1837 1414 1975 1473 inde
2005 1416 2289 1474 dimissus
2320 1417 2386 1475 'm
2414 1416 2841 1475 monesterium
2873 1434 2980 1493 pro
2995 1434 3121 1475 ear-

500 1506 744 1565 Parisiis
790 1524 835 1566 s.
865 1527 916 1565 a.
948 1507 1014 1564 in
1048 1516 1104 1567 4.
1139 1539 1224 1549 —-
1254 1506 1473 1566 Eodem
1519 1520 1786 1581 tempore
1840 1522 1970 1564 cere
2000 1504 2118 1563 fuit
2145 1505 2466 1582 relegat-us,
2519 1504 2677 1580 quod
2710 1523 2845 1563 eum
2876 1505 2964 1563 ita
2992 1523 3120 1565 cor-

502 1596 780 1654 Petrus
855 1594 1388 1654 Eberardinus
1452 1595 1517 1654 0.
1580 1595 1783 1653 Praed.
1839 1611 1980 1668 pore
2012 1597 2074 1652 et
2105 1594 2302 1652 animo
2334 1595 2662 1669 dejecitut
2688 1595 2938 1670 1121183,
2961 1595 3120 1670 ejus·

501 1684 707 1743 Gallus
739 1684 975 1759 scripsit
1008 1685 1364 1742 Laciadela
1382 1684 1595 1742 benoiee
1615 1684 1785 1742 Dau-
1839 1682 1975 1741 dem
2007 1683 2149 1741 anni
2178 1687 2365 1742 morte
2398 1683 2582 1742 fuerit
2602 1683 2977 1759 absumptus,
3012 1685 3120 1742 Re·

495 1774 672 1848 phine
735 1774 803 1832 de
864 1772 1177 1832 Puimichel
1227 1776 1492 1832 contesse
1541 1773 1785 1831 d'Arian
1839 1771 2020 1847 liquit
2054 1773 2417 1847 Chronicam,
2449 1773 2555 1831 ubi
2586 1772 2659 1830 de
2690 1772 2833 1831 viris
2866 1772 3119 1831 illustri-

503 1862 714 1922 femme
777 1866 840 1921 et
901 1880 1114 1938 epouse
1165 1862 1238 1920 de
1293 1879 1339 1919 s.
1390 1862 1641 1920 Aulzias.
1696 1895 1781 1906 —
1838 1860 1952 1919 bus
1984 1862 2296 1920 sanctitate
2328 1880 2394 1920 ac
2424 1862 2710 1931 doctrina,
2745 1865 2807 1920 et
2837 1861 2909 1920 de
2940 1880 3119 1937 gene-

500 1952 844 2010 Joanues
895 1951 1176 2010 Brehal
1217 1951 1282 2009 Ο.
1313 1950 1516 2010 Praed.
1566 1951 1781 2028 gallus,
1838 1948 2061 2007 talibus
2104 1968 2336 2010 necnon
2381 1950 2453 2009 de
2501 1950 2834 2027 privilegiis
2894 1951 3121 2009 ordinis

499 2040 833 2117 theologiae
866 2040 1087 2109 doctor,
1121 2039 1286 2115 prior
1317 2043 1645 2099 conventus
1678 2059 1783 2115 pa·
1839 2039 2214 2115 agit,Romae
2237 2048 2394 2102 1481
2422 2039 2816 2117 :Argentinae
2847 2049 3029 2102 1490.
3052 2065 3119 2073 -

500 2129 767 2189 risiensis
801 2148 844 2188 s.
877 2127 1100 2197 Jacobi‚
1136 2129 1458 2203 inquisitor
1487 2130 1783 2205 generalis
1839 2128 2229 2187 Arnoldus
2306 2129 2630 2189 Boetius
2698 2126 2797 2207 (de
2860 2128 3116 2187 Vaerne-

500 2219 565 2276 in
595 2236 782 2296 regno
813 2218 1105 2289 Franciae,
1142 2219 1406 2276 instante
1439 2218 1644 2277 Carolo
1671 2216 1783 2275 VII
1838 2212 2016 2298 wick)
2051 2217 2115 2276 O.
2137 2218 2323 2277 Carm.
2344 2218 2546 2295 Belga,
2566 2218 2898 2293 theologiae
2918 2218 3121 2277 doctor

502 2327 644 2385 rege
674 2307 980 2385 delegatus
1012 2306 1132 2365 fuit
1161 2326 1197 2365 a
1225 2325 1370 2365 rom.
1401 2307 1678 2382 pontifice
1710 2306 1783 2365 ad
1840 2301 1902 2386 (†
1937 2315 1993 2365 4.
2026 2308 2168 2382 Apr.
2211 2303 2401 2386 1499)
2455 2306 2785 2383 composuit
2816 2307 3120 2382 Speculum

503 2396 1030 2474 recognoscendam
1093 2414 1324 2454 causam
1384 2396 1783 2455 damnationis
1838 2396 2136 2454 historiale
2183 2399 2544 2455 sectatorum
2577 2413 2652 2455 ss.
2696 2395 3120 2472 prophetarum

501 2486 752 2545 «Ioannis
786 2486 979 2553 d’Arc,
1014 2485 1261 2544 celebris
1284 2485 1404 2543 scil.
1423 2485 1658 2561 puellae
1679 2503 1784 2543 au·
1838 2482 2000 2543 Eliae
2032 2487 2097 2542 et
2128 2484 2360 2551 Elisaei,
2410 2486 2473 2543 in
2518 2503 2637 2561 quo
2686 2485 2813 2561 agit
2843 2485 2914 2543 de
2946 2486 3122 2544 insti-

500 2575 872 2643 relianensis,
889 2578 1011 2632 tam
1027 2574 1177 2632 male
1191 2573 1363 2632 initio
1379 2578 1588 2632 actam:
1602 2591 1779 2649 quam
1838 2572 2076 2631 tutione
2108 2576 2171 2631 et
2202 2574 2601 2650 peculiaribus
2632 2575 2817 2651 gestis
2867 2592 2933 2632 ac
2978 2575 3123 2633 viris

502 2666 781 2740 injustam
816 2667 878 2722 et
907 2662 1173 2739 iniquam
1206 2663 1553 2723 solemniter
1585 2662 1782 2722 decla·
1838 2661 2178 2722 illustribus
2241 2682 2285 2722 s.
2337 2663 2473 2722 Ord.
2524 2663 2621 2722 bb.
2669 2663 2736 2726 V.
2782 2664 3000 2722 Mariae
3051 2663 3125 2723 de

501 2754 658 2812 ravit
694 2764 747 2815 7.
778 2753 900 2811 Jul.
942 2762 1127 2816 1466.
1188 2753 1333 2828 Ejus
1362 2754 1473 2811 hac
1503 2752 1576 2811 de
1607 2771 1784 2811 causa
1840 2753 2038 2810 Monte
2056 2753 2242 2812 Carm.
2276 2753 2338 2816 ll.
2376 2765 2431 2821 9,
2466 2755 2637 2828 cujus
2654 2757 2925 2828 excerpta
2941 2773 3123 2829 quae-

504 2842 890 2902 summarium
924 2844 985 2899 et
1013 2842 1484 2901 recollectionem
1503 2841 1786 2900 exhibent
1838 2840 1975 2898 dam
2008 2859 2142 2899 cum
2174 2842 2511 2900 summariis
2556 2843 2619 2901 ll.
2665 2845 2726 2901 et
2757 2860 2837 2901 cc.
2887 2843 3124 2917 prodie-

503 2933 627 2991 Jos.
660 2932 847 2989 Belon
879 2935 940 2989 et
970 2930 1173 2989 Franc.
1206 2931 1405 2990 Balme
1437 2932 1500 2988 in
1520 2932 1784 3006 op..lean
1837 2933 1984 2988 runt
2016 2931 2078 2988 in
2110 2931 2341 3005 Speculi
2387 2934 2751 2990 carmelitani
2780 2932 2826 3001 1,
2866 2941 2989 2994 274
3026 2949 3121 2998 ss„

504 3021 752 3079 Brasshal.
773 3066 787 3080 .
807 3068 820 3082 .
853 3024 915 3077 et
935 3020 993 3078 la
1008 3020 1450 3079 rehabilitation
1466 3019 1538 3078 de
1556 3019 1783 3079 Jeanne
1840 3019 2202 3094 Antverpiae
2264 3030 2462 3090 16803
2509 3021 2578 3078 de
2625 3021 2950 3080 illustribus
2980 3022 3125 3079 viris

502 3109 759 3178 d'Arc¹).
837 3109 1077 3167 Parisiis
1185 3119 1346 3173 1893
1440 3110 1501 3166 in
1592 3119 1646 3168 4.
1723 3112 1785 3167 et
1844 3109 1908 3167 O.
1940 3109 2026 3167 bb.
2075 3108 2136 3171 V.
2171 3109 2250 3169 Μ.
2282 3110 2561 3167 deMmue
2580 3109 3121 3183 G.,ib.11‚ssess.;

503 3199 835 3258 versionem
897 3200 1232 3257 accuratam
1294 3198 1783 3257 annotationibus
1838 3198 1908 3254 de
1938 3199 2261 3256 illustribus
2291 3199 2434 3257 viris
2470 3199 2536 3258 Ο.
2577 3200 2799 3274 Carth„
2853 3199 3123 3258 Coloniae

503 3289 868 3347 illustratam
899 3288 1148 3363 Ayroles
1182 3287 1235 3345 S.
1257 3288 1312 3345 J.
1345 3288 1409 3346 in
1430 3306 1523 3364 op.
1544 3282 1603 3344 la
1623 3290 1784 3346 nmio
1852 3297 2012 3348 1609
2048 3305 2194 3346 cura
2224 3287 2513 3346 Theodori
2530 3289 2766 3362 Petreji,
2802 3306 2921 3363 quo
2950 3306 3125 3363 opere

503 3378 724 3435 Jecmm
749 3376 953 3453 d’Arc,
984 3388 1009 3438 1
1027 3387 1169 3440 790.
1203 3377 1525 3454 Resignato
1542 3396 1784 3436 munere
1838 3375 2051 3434 Petrus
2103 3379 2280 3436 Sutor
2330 3394 2501 3452 saepe
2550 3377 2747 3436 utitur
2796 3378 2859 3435 in
2892 3377 3021 3436 suis
3050 3377 3123 3435 de

502 3466 1368 3542 inquisitorisinebroicensem
1386 3467 1630 3525 secessit
1641 3484 1780 3525 con·
1839 3466 1962 3523 vita
2022 3466 2506 3524 Cartusianorum
2586 3466 2784 3536 libris;
2861 3465 3125 3526 Brevilo-

502 3559 766 3625 ventum,
783 3556 890 3615 ubi
909 3559 1152 3615 strenue
1173 3555 1523 3631 disciplinae
1537 3556 1778 3629 religio·
1838 3555 2048 3630 quium
2088 3555 2456 3630 tripartitum
2503 3557 2573 3614 de
2621 3557 2992 3626 institutione,
3026 3558 3121 3614 in-

505 3664 604 3704 sae
636 3645 1132 3705 restaurationem
1166 3645 1463 3720 promovit
1495 3642 1784 3718 (11479).
1837 3638 2157 3702 titulatione
2185 3662 2256 3702 ac
2284 3645 2714 3716 confirmatione
2749 3644 3124 3720 O.Deipar‹ee

501 3768 588 3780 —
619 3736 959 3794 Joannes
1022 3734 1541 3809 Hispalensis,
1593 3735 1698 3810 qui
1751 3754 1785 3791 a
1852 3731 1916 3790 V.
1953 3734 2035 3793 Μ.
2066 3733 2135 3790 de
2167 3733 2357 3790 Monte
2392 3733 2475 3809 C„
2523 3734 2584 3791 in
2617 3734 2805 3793 Vinea
2849 3733 3119 3800 Carmeli,

502 3825 631 3883 Nic.
664 3825 1005 3883 Antonio
1037 3824 1112 3892 II,
1151 3833 1268 3886 351
1309 3823 1783 3898 Augustiniano·
1838 3821 2200 3897 Antverpiae
2226 3822 3123 3884 1662in4.cumannotationi-

501 3933 635 3973 rum
712 3912 1013 3972 sodalibus
1091 3910 1468 3980 adscribitur,
1545 3912 1787 3988 scripsit
1840 3910 1953 3969 bus
1986 3911 2252 3969 Danielis
2286 3931 2320 3969 a
2354 3911 2420 3969 V.
2454 3913 2639 3970 Maria
2671 3913 2736 3971 Ο.
2768 3912 2987 3982 Carm.;
3050 3911 3124 3970 de

501 4003 802 4080 hispanice
833 4006 894 4060 et
923 4002 1322 4077 epistolariter
1340 4004 1510 4060 vitam
1532 4021 1577 4060 s.
1598 4002 1782 4060 Jocm-
1838 4000 2218 4060 immaculata
2278 4001 2657 4077 conceptione
2710 4001 2775 4059 V.
2839 4000 3123 4077 Deiparae

503 4094 595 4151 nis
615 4111 714 4150 ms.
737 4092 1012 4150 Fammdo
1036 4092 1098 4150 O.
1121 4091 1226 4150 Er.
1244 4091 1304 4149 S.
1321 4092 1474 4166 Any.
1497 4089 1558 4166 (Ῠ
1585 4086 1781 4170 1479)
1840 4092 2041 4148 contra
2072 4089 2237 4148 Vinc.
2290 4109 2326 4148 a
2370 4091 2536 4149 Novo
2585 4092 2774 4148 castro
2809 4091 2875 4148 Ο.
2909 4091 3002 4148 Pr.
3043 4124 3118 4135 —

502 4182 786 4240 insertam
850 4182 1035 4241 latine
1099 4180 1394 4239 redditam
1471 4181 1619 4238 actis
1683 4180 1783 4238 SS.
1841 4179 2086 4237 Silentio
2116 4179 2439 4254 praeterire
2488 4180 2767 4238 nolumus
2800 4179 3124 4238 Michae-

513 4269 887 4338 12.Jnn.11‚
927 4280 1250 4332 619-30,
1838 4268 2444 4326 lemFabritium
2475 4268 3124 4345 O.Carm.Regiensem

1840 4357 1904 4415 in
1936 4357 2186 4416 Aemilia
2232 4353 2294 4439 (†
2349 4365 2514 4420 1492
2550 4358 2645 4416 vel
2683 4354 2877 4434 1497)
2926 4358 3121 4416 virum

595 4458 739 4512 508.
772 4449 863 4506 Ad
913 4451 1217 4508 historiam
1263 4450 1587 4506 literarium
1621 4466 1783 4523 sym·
1836 4446 1899 4504 in
1932 4446 2310 4505 enucleandis
2341 4447 2598 4505 romanis
2637 4446 3124 4523 inscriptionibus

501 4539 699 4599 bolam
761 4539 1019 4599 contulit
1079 4538 1537 4597 Ambrosius
1601 4539 1782 4595 Mas-
1839 4540 2162 4610 expertem.
2224 4535 2479 4612 Collegit
2510 4538 2950 4613 Antiquarium,
3003 4553 3123 4612 quo

503 4629 710 4689 saria
773 4625 870 4710 (de
926 4624 1223 4706 Massaris)
1288 4626 1359 4685 de
1422 4627 1580 4692 Cora,
1645 4627 1784 4685 hinc
1841 4679 1891 4684 a
1950 4681 1999 4684 -

1707 4838 1712 4841 ἱ
1917 4767 1953 4832 ¹)
1984 4761 2065 4815 Cf.
2106 4761 2376 4830 Ussinger
2415 4781 2468 4885 p.
2511 4766 2617 4817 ⁸260
2644 4779 2744 4820 ss.;
2797 4760 3121 4842 Lanterill,

584 4841 618 4908 ¹)
647 4836 889 4889 Michael
917 4835 1180 4889 Zeitschr.
1212 4834 1301 4886 fiir
1331 4833 1383 4888 k.
1414 4833 1605 4888 Theol.
1630 4839 1782 4896 1895,
1838 4839 1907 4888 ‘24
1932 4850 2016 4896 se„
2047 4833 2146 4901 qui
2169 4834 2341 4886 etiam
2359 4833 2413 4886 di
2444 4836 2667 4903 igenter
2690 4835 3123 4900 recensenteJus

505 4913 769 4966 136-41.
1842 4904 2053 4974 scripta
2080 4904 2316 4957 inedita.
