3475 5364
491 376 514 430 1
537 377 612 430 57
627 378 658 430 5
728 359 1103 415 1541—1563.
1128 355 1361 409 Ascetae
1389 356 1448 408 et
1472 350 1913 419 concionatores.
1955 346 2294 412 Hemertius,
2337 364 2380 400 s.
2406 346 2652 400 Thomas
2679 363 2714 399 a
2740 342 2868 411 vil„
2945 341 2972 416 1‘
2986 363 3118 417 575

483 545 555 604 de
585 544 654 602 W
669 544 690 601 i
704 546 733 601 t
747 546 774 602 t
791 562 822 602 e
856 543 911 605 S.
932 542 986 604 J.
1011 540 1470 616 Antverpianus,
1503 558 1624 599 non
1654 539 1764 596 mi·
1827 535 2075 595 Richard
2098 534 2167 592 W
2183 535 2221 592 h
2238 535 2259 592 i
2274 535 2390 592 tfo
2409 552 2437 590 r
2453 533 2510 603 d,
2542 534 2788 592 Erasmo
2809 536 2871 591 et
2891 533 2946 593 b.
2966 533 3125 594 Tho-

484 653 598 693 nus
608 652 672 691 re
684 651 862 708 quam
873 631 1111 690 nomine
1126 629 1412 689 candidus
1431 626 1491 711 (†
1511 623 1770 709 1558)-
1827 644 1953 683 mae
2015 625 2178 684 Moro
2241 622 2552 682 familiaris
2568 667 2581 692 ,
2636 641 2787 697 quae
2853 626 3123 682 recenset

486 721 962 798 Seraphinus
1012 721 1157 778 Ace
1176 719 1240 778 ti
1285 719 1505 778 Porti
1549 719 1770 776 Firma·
1829 715 2035 773 Gillow
2067 713 2135 783 V,
2175 722 2290 775 581
2335 708 2664 795 (111535).

487 832 601 870 nus
635 830 758 871 can.
777 830 897 886 reg.
920 810 1167 868 lateran.
1202 810 1430 868 zelosus
1464 808 1770 867 conciona-

488 905 583 961 tor
605 896 664 982 (†
691 894 905 979 1540),
940 899 1112 974 cujus
1132 899 1419 974 opuscula
1442 896 1775 973 spiritualia

490 991 735 1049 collecta
767 1007 941 1064 saepe
972 988 1321 1063 prodierunt
1333 983 1400 1069 ¹),
1437 987 1633 1045 italice
1664 985 1773 1044 Ve-

485 1079 664 1139 netiis
705 1088 902 1146 15413
955 1086 1115 1139 1562
1141 1098 1154 1145 3
1202 1077 1534 1135 Placentiae
1576 1084 1773 1145 15703

488 1169 791 1245 hispanice
821 1166 1208 1226 salmanticae
1239 1175 1430 1237 15523
1474 1173 1667 1233 1554;
1690 1164 1774 1221 la-

485 1258 611 1317 tine
632 1256 964 1315 Placentiae
993 1265 1066 1317 15
1080 1263 1153 1315 70
1174 1278 1187 1326 ;
1208 1254 1567 1329 Antverpiae
1589 1265 1615 1316 1
1633 1262 1745 1315 581
1764 1297 1775 1308 .

489 1380 577 1392 -
596 1345 894 1405 Antonius
916 1364 1031 1403 van
1049 1345 1101 1402 H
1119 1363 1150 1402 e
1165 1364 1222 1402 m
1239 1363 1271 1402 e
1288 1364 1318 1401 r
1332 1347 1358 1400 t
1380 1335 1775 1424 (Hemertius)

487 1458 520 1496 a
552 1454 703 1512 pago
736 1438 808 1493 ut
837 1434 1077 1493 videtur
1097 1433 1454 1492 Hemertano
1488 1430 1774 1491 territorii

495 1523 955 1585 silvaeducensis
987 1523 1072 1581 ita
1104 1523 1316 1592 dictus,
1353 1540 1478 1581 can.
1511 1516 1712 1602 reg,(†
1729 1538 1775 1577 c.

508 1608 721 1694 1560),
761 1613 866 1688 qui
899 1611 1137 1687 scripsit
1157 1613 1503 1687 paraenesin
1524 1610 1776 1669 afflictae

502 1703 721 1763 mentis
798 1702 920 1760 sive
999 1702 1067 1758 de
1138 1703 1422 1776 patientia
1489 1700 1775 1758 servanda

377 1766 381 1770 .
498 1794 553 1853 ll.
622 1791 738 1865 IV,
809 1790 1172 1864 Antverpiae
1270 1799 1468 1859 15493
1533 1790 1777 1862 insuper

490 1882 792 1957 Speculum
803 1880 1196 1955 perfectionis,
1209 1879 1568 1954 Antverpiae
1589 1887 1610 1938 1
1630 1887 1661 1940 5
1673 1888 1706 1938 4
1719 1887 1774 1947 7;

489 1970 871 2030 Monasticam
931 1968 1362 2044 philosophiam
1418 1960 1774 2049 (ineditam),

488 2078 607 2136 qua
625 2059 844 2127 docuit,
878 2057 1088 2133 quovis
1121 2058 1320 2115 seculo
1352 2057 1663 2117 monachos
1685 2074 1776 2115 ce-

490 2148 631 2208 teris
657 2149 776 2206 fere
798 2146 1087 2206 doctiores
1105 2146 1168 2203 in
1191 2147 1376 2204 sacris
1396 2146 1604 2215 literis,
1639 2163 1774 2204 con-

491 2236 760 2298 cionibus
793 2256 858 2295 ac
876 2234 1401 2311 disputationibus,
1436 2241 1615 2311 atque
1636 2233 1778 2292 adeo

491 2329 555 2388 in
588 2326 851 2385 conciliis
883 2324 1194 2393 exstitisse,
1229 2342 1294 2383 ac
1326 2325 1479 2384 solos
1511 2343 1660 2400 pene
1683 2323 1779 2381 sui

493 2416 776 2490 temporis
809 2414 1117 2473 historiam
1164 2414 1597 2489 conscripsisse,
1644 2412 1776 2482 etsi,

493 2511 564 2564 ut
610 2506 715 2563 illa
759 2509 888 2563 tum
921 2503 1194 2562 ferebant
1223 2506 1509 2579 tempora,
1559 2502 1778 2561 rustice

490 2594 783 2663 nonnihil,
818 2611 925 2651 nec
958 2592 1104 2651 satis
1125 2590 1324 2661 latine,
1360 2611 1427 2651 ex
1448 2592 1560 2650 fide
1579 2595 1779 2650 tamen

492 2686 664 2744 bona.
717 2682 852 2742 Non
884 2686 1042 2742 recte
1074 2680 1275 2756 itaque
1323 2682 1395 2740 ab
1427 2681 1780 2740 adversariis

487 2752 702 2851 jactari
736 2772 1045 2840 efficiebat,
1079 2771 1385 2829 indoctum
1418 2790 1543 2829 esse
1576 2789 1779 2828 mona-

493 2858 1571 2943 chum2).-PetrusGodefridi
1602 2859 1780 2917 mini-

495 2954 617 3011 ster
648 2950 941 3026 generalis
969 2949 1132 3007 tertii
1165 2949 1286 3007 ord.
1309 2967 1352 3007 s.
1374 2949 1597 3018 Franc.,
1632 2967 1781 3023 quos

493 3040 793 3117 Bogardos
825 3041 1056 3107 vocant,
1102 3038 1195 3097 vir
1238 3039 1462 3114 pietate
1505 3038 1781 3112 vitaeque

493 3129 839 3205 integritate
873 3127 1146 3186 omnibus
1181 3127 1589 3202 suspiciendus
1621 3126 1778 3185 infu-

496 3220 584 3277 las
619 3237 833 3294 magna
880 3216 1062 3276 animi
1095 3216 1452 3275 demissione
1483 3216 1782 3275 recusavit

500 3304 562 3389 (†
621 3302 832 3388 1558).
912 3306 1166 3382 Scripsit
1227 3307 1510 3382 opuscula
1574 3305 1783 3382 lingua

491 3396 811 3456 vernacula
839 3397 1122 3473 pietatem
1153 3396 1377 3471 ubique
1398 3396 1691 3471 spirantia
1708 3394 1778 3471 ⁸),

494 3492 564 3545 ut
607 3487 908 3546 desertum
954 3486 1076 3544 sive
1122 3504 1371 3543 eremum-
1417 3482 1657 3544 Domini
1708 3485 1779 3543 de

496 3588 576 3639 40
612 3575 1020 3636 mansionibus
1053 3576 1116 3634 in
1148 3575 1488 3644 solitudine,
1522 3576 1777 3633 Antver-

492 3666 626 3741 piae
656 3674 809 3728 1551
841 3666 904 3723 in
930 3673 999 3735 83
1038 3665 1390 3723 Chlamidem
1413 3664 1624 3737 Sponsi
1655 3663 1779 3722 sive

491 3755 563 3814 de
609 3755 844 3813 interna
888 3754 1220 3813 imitatione
1270 3754 1426 3812 vitae
1478 3758 1538 3811 et
1589 3751 1779 3810 crucis

492 3845 730 3914 Christi,
753 3844 828 3901 ib.
863 3855 881 3904 1
901 3853 932 3904 5
945 3854 977 3904 6
991 3853 1023 3906 3
1041 3863 1054 3910 ;
1073 3843 1286 3901 Panem
1305 3844 1635 3918 ‹mqelorum
1655 3841 1778 3899 sive

493 3935 565 3992 de
595 3952 674 3997 ss,
703 3936 1072 3992 sacramento
1103 3932 1323 4000 altaris,
1343 3931 1586 3991 Lovanii
1613 3939 1774 3994 1552

492 4024 557 4081 in
602 4034 636 4086 8
673 4026 780 4082 etc.
819 4054 902 4063 -—-
954 4021 1131 4079 Plura
1184 4016 1494 4101 ascetica4)
1537 4020 1779 4095 reliquit

573 4213 610 4280 ¹)
639 4209 721 4264 Cf.
749 4208 942 4263 Morus
969 4208 1242 4264 Biblioth.
1269 4208 1472 4278 picena
1499 4209 1539 4273 1,
1566 4212 1652 4264 33.

570 4289 613 4424 ἶ)
641 4280 1113 4433 ἓῗὲξῧὲἐὶιῖῗί,
1140 4355 1262 4409 978.

566 4428 609 4492 ⁴)
638 4423 717 4477 Ex
737 4423 912 4493 pnori
935 4423 1167 4494 periodo
1197 4427 1589 4488 (1521-1540)
1621 4438 1779 4493 prae-

1924 847 2066 901 724.
2130 840 2296 897 Inter
2346 840 2810 913 concionatores,
2864 857 3125 914 quorum

1832 930 1945 1004 jam
1980 930 2181 1005 plures
2214 928 2594 987 laudavimus
2625 928 2783 986 inter
2814 928 3122 1004 theologos

1832 1019 2145 1094 polemicos
2192 1020 2252 1076 et
2286 1037 2330 1076 s.
2367 1017 2706 1093 Scripturas
2743 1017 3124 1093 interpreteS,

1833 1107 2023 1184 primo
2056 1108 2184 1166 loco
2217 1106 2653 1165 nominabimus
2689 1125 2733 1164 s.
2769 1106 3123 1165 'rhomam

1833 1218 1866 1254 a
1900 1198 1978 1255 Vi
2001 1197 2108 1255 lla
2138 1216 2349 1267 nova,
2396 1215 2551 1270 quae
2587 1199 2679 1253 est
2711 1196 2877 1254 locus
2910 1196 3128 1254 natalis

1833 1287 2163 1344 dioeceseos
2196 1286 2508 1345 toletanae.
2588 1284 2782 1343 Natus
2815 1289 2904 1343 est
2936 1290 3006 1343 ut
3039 1284 3125 1342 fe-

1834 1378 1980 1434 runt
2011 1395 2059 1433 a.
2103 1384 2285 1437 1488.
2334 1375 2587 1433 Emenso
2620 1374 2919 1450 Compluti
2951 1374 3124 1433 theo-

1835 1465 2026 1540 logiae
2088 1464 2380 1523 curriculo
2399 1508 2412 1533 ,
2474 1461 2839 1541 :professoris
2903 1462 3125 1520 ibidem

1839 1556 2074 1612 functus
2109 1557 2198 1611 est
2219 1571 2481 1621 munere,
2518 1553 2721 1627 ibique
2753 1552 2914 1611 inter
2944 1552 3123 1611 disci-

1834 1644 2009 1719 pulos
2046 1642 2256 1700 habuit
2284 1644 2444 1701 Dom.
2481 1643 2660 1701 Soto
2692 1642 2885 1700 virum
2919 1645 3128 1717 postea

1834 1732 1974 1790 adeo
2008 1731 2309 1789 celebrem.
2345 1735 2516 1789 Anno
2541 1740 2639 1793 28.
2673 1732 2835 1789 vitae
2867 1750 3008 1790 suae
3029 1731 3123 1789 in-

1833 1840 2068 1898 gressus
2116 1824 2207 1878 est
2256 1821 2318 1879 O.
2368 1820 2422 1877 S.
2456 1821 2607 1896 Aug.
2655 1825 2716 1891 et
2760 1820 2941 1895 paulo
2987 1824 3126 1895 post

1834 1911 2053 1969 electus
2097 1910 2158 1966 in
2206 1910 2468 1968 aulicum
2516 1909 2681 1967 verbi
2725 1909 2910 1968 divini
2951 1928 3123 1984 prae-

1834 2019 2052 2067 conem,
2088 2018 2121 2055 a
2153 1999 2455 2058 sodalibus
2502 2017 2639 2055 vero
2686 1998 2751 2056 in
2789 1999 3122 2073 provinciae

1838 2089 2252 2165 praepositum.
2313 2088 2584 2146 Deiectus
2635 2106 2872 2163 quoque
2923 2087 3039 2146 fuit
3088 2110 3121 2145 a

1835 2178 2168 2254 praeposito
2189 2177 2448 2254 generali
2482 2176 2819 2253 SeripandO,
2855 2176 2957 2252 qui
2985 2196 3123 2235 eum

1835 2267 1907 2326 ob
1940 2266 2191 2325 virtutes
2236 2270 2297 2324 et
2329 2266 2708 2341 prudentiam
2759 2267 2994 2324 maximi
3027 2285 3125 2324 ae-

1836 2356 2130 2425 stimabat,
2166 2360 2237 2415 ut
2269 2375 2401 2414 cum
2436 2358 2695 2430 quatuor
2736 2355 2983 2414 aliarum
3017 2375 3126 2413 na-

1833 2446 2068 2504 tionum
2101 2445 2371 2520 patribus
2393 2445 2756 2521 gravissimis
2777 2447 2838 2502 et
2858 2444 3120 2520 pruden-

1836 2535 2078 2592 tissimis
2110 2534 2334 2592 librum
2366 2534 2862 2592 constitutionum
2893 2533 3121 2592 ordinis

1837 2625 2219 2694 examinaret,
2254 2627 2314 2681 et
2345 2623 2702 2681 removenda
2734 2623 2826 2681 vel
2854 2621 3125 2681 addenda

1840 2730 1943 2788 pro
1976 2717 2308 2788 temporum
2342 2713 2791 2789 opportunitate
2833 2714 2905 2771 ad
2938 2714 3123 2788 majo-

1838 2822 1961 2860 rem
1994 2802 2217 2860 ordinis
2239 2802 2562 2860 utilitatem
2584 2803 2646 2860 in
2675 2820 2744 2860 eo
2764 2802 3117 2879 designaret.

1839 2892 2190 2967 Eloquentia
2223 2910 2330 2950 sua
2362 2891 2632 2966 simplici,
2670 2891 3005 2950 inaffectata
3056 2895 3121 2949 et

1838 2980 2079 3040 cordiali
2109 2982 2409 3057 ingentem
2461 2981 2743 3039 excitavit
2786 2980 3121 3040 animorum

1838 3069 2289 3129 commotionem
2334 3073 2396 3128 et
2426 3070 2961 3129 fructuosissimam
2995 3083 3123 3128 mo-

1838 3179 1969 3217 rum
2004 3159 2459 3229 conversionem,
2493 3162 2857 3234 quapropter
2894 3159 3120 3217 saluta-

1838 3253 1937 3306 tus
1972 3251 2064 3306 est
2082 3249 2400 3324 Hispaniae
2421 3249 2741 3323 apostolus.
2774 3249 2826 3306 A
2846 3247 3120 3307 Carolov.

1839 3338 2074 3397 maximi
2106 3339 2298 3396 factus
2320 3340 2560 3396 vocatus
2592 3341 2685 3396 est
2705 3336 2776 3395 ad
2800 3336 2997 3395 sedem
3018 3356 3120 3395 va-

1838 3427 2141 3496 lentinam,
2190 3429 2507 3503 postquam
2551 3426 3119 3502 archiepiscopatum

1836 3525 2250 3593 granatensem
2305 3517 2418 3574 sibi
2464 3515 2729 3574 oblatum
2778 3519 3122 3575 constanter

1836 3609 2177 3665 recusasset.
2212 3606 2459 3663 Frustra
2478 3604 2730 3676 obstitit,
2765 3605 3119 3681 urgentibus

2102 3731 2154 3742 *vv*

1876 3777 2206 3845 lnriumque
2243 3792 2479 3845 operum
2519 3773 2747 3829 curavit
2786 3773 3114 3837 editionem,

1836 3796 1950 3902 Fuit
1975 3848 2127 3911 enim
2155 3847 2243 3901 vir
2262 3848 2438 3916 probe
2460 3847 2675 3902 doctus.
2702 3844 3120 3900 Praetermissis

1836 3921 2102 3991 operibus
2130 3917 2563 3985 mathematicis,
2592 3935 2741 3986 quae
2768 3917 3011 3972 maxime
3037 3933 3120 3970 ce-

1838 3991 2049 4046 lebrem
2092 4007 2221 4044 eum
2261 3990 2651 4054 reddiderunt,
2696 3992 2923 4057 Ruperti
2959 3988 3121 4042 ducis

1837 4062 2127 4133 bingensis
2146 4065 2410 4131 legendam
2427 4061 2749 4130 germanice
2767 4059 2949 4114 edidit
2961 4065 3118 4125 1524,

1836 4136 2176 4205 opusculum
2203 4150 2337 4187 sane
2367 4132 2601 4188 bellum.
2650 4132 2709 4186 ln
2737 4131 3121 4186 controversia

1836 4205 2089 4260 literaria
2124 4205 2192 4258 de
2225 4203 2594 4275 conceptione
2635 4202 2848 4256 Mariae
2888 4202 2951 4256 V.
2995 4202 3120 4273 ipse

1837 4276 1989 4346 typis
2017 4275 2176 4331 dedit
2200 4275 2423 4330 libellos
2448 4274 2724 4345 Wigandi
2752 4273 2901 4327 Wir
2918 4274 2995 4328 th
3021 4273 3116 4328 ad-

1836 4366 2029 4403 versus
2059 4347 2438 4402 Trithemium
2460 4347 2717 4415 aliosque
2735 4344 2835 4414 qui
2851 4363 2954 4415 pro
2975 4347 3121 4414 ejus·

1835 4421 1963 4474 dem
2004 4421 2255 4490 puritate
2295 4419 2592 4474 steterunt.
2650 4421 2868 4473 Tatsche
2894 4421 3120 4472 cronica

494 4496 897 4550 termittendus
932 4514 1045 4550 non
1086 4497 1172 4549 est
1210 4495 1455 4548 Jacobus
1499 4494 1779 4549 Koebel
1838 4509 1943 4546 von
1991 4492 2223 4560 Anfang
2267 4491 2367 4544 der
2414 4489 2569 4544 Welt
2613 4507 2754 4543 uncz
2804 4489 2892 4541 uff
2935 4487 3121 4542 keiser

493 4567 682 4636 patria
709 4567 1216 4637 Heidelbergensis‚
1239 4567 1410 4620 solers
1432 4569 1490 4620 et
1507 4583 1779 4634 operosus
1836 4563 2124 4616 Friderich
2151 4564 2379 4616 auctore
2408 4562 2442 4615 S
2460 4561 2722 4615 teinho
2740 4577 2790 4613 w
2807 4560 2873 4614 el
2901 4559 3118 4613 medico

492 4639 824 4710 bibliopola,
869 4639 968 4709 qui
1007 4638 1174 4692 initio
1216 4638 1447 4705 quidem
1492 4637 1777 4707 genuinae
1836 4634 2079 4688 ulmensi
2109 4636 2249 4690 1474
2274 4633 2489 4708 iterum¹
2510 4632 2693 4686 edidit
2723 4647 2964 4699 eamque
2990 4648 3119 4684 con-

493 4710 914 4765 reformationis
976 4709 1308 4778 disciplinae
1370 4708 1777 4762 ecclesiastic-ae
1835 4705 2091 4760 tinuavit
2128 4722 2309 4772 usque
2350 4704 2421 4758 ad
2464 4703 2730 4758 Cat-olum
2759 4702 2823 4759 V.
2876 4700 3118 4767 Quando

496 4800 686 4907 ‘mim
727 4781 1143 4906 ¹³39p³¹¹d³32⁵¹¹-
1179 4780 1409 4904 323ss
1463 4780 1776 4903 ⁰Pss¹3³⁰3>⁹⁸’
1834 4777 2050 4901 {³53⁶}
2078 4776 2378 4902 ¹ii⁵35³1¹1¹²¹¹13
2419 4777 2701 4901 ὣξῖῗῖἷῗθ
2737 4774 2816 4899 ἓῗ
2858 4773 3117 4899 ῗὲἒῗὲῗί

493 4869 1778 4992 ἓξιῑίἷᾌοιέᾆῑῗ(ῧρρῖζῗιθῖἶηῑῗιξὲἓὲιῖιῖωιῗὲ
1835 4857 2362 4984 (1878)‚216:g›‘—4)76.
2542 4866 2617 4916 'p
2682 4889 2694 4901 ’
2810 4889 2821 4899 ’
