3475 5364
327 351 451 404 869
873 331 1106 385 Ascesis.
1133 331 1304 394 Rode,
1335 328 1584 397 Institor,
1613 331 1806 394 Geuss,
1834 329 2024 392 Moira,
2051 328 2256 383 Mende
2282 332 2386 384 etc.
2808 347 2930 400 370

324 525 440 577 tur.
503 519 717 578 Factus
746 517 959 577 deinde
1003 518 1282 577 metensis
1330 518 1604 578 ecclesiae
1656 515 2384 585 canonicus‚con0ionator
2403 515 2617 575 ardens
2640 513 2701 597 (1·
2716 519 2933 596 7.Aug.

325 608 644 671 canonicus
673 610 737 667 et
766 626 811 670 s.
831 607 1125 669 Simeonis
1146 607 1402 667 decenus
1422 613 1603 683 atque
1665 601 1859 686 1440)
1911 603 2197 664 disseruit
2239 607 2308 664 de
2353 607 2506 664 vitiis
2535 607 2781 682 linquae,
2814 605 2934 666 No-

325 697 524 758 curiae
553 697 913 757 treverensis
947 696 1249 768 officialis,
1282 697 1479 756 omnia
1493 717 1601 773 pro
1657 694 1984 771 rimbergae
2038 703 2201 756 1479
2249 695 2314 754 in
2361 706 2417 757 4.
2464 729 2551 739 —-
2596 694 2634 755 J
2650 713 2936 755 oannes

325 787 541 846 Christi
588 804 783 846 amore
828 786 1187 863 contempsit
1229 789 1291 845 et
1333 787 1599 846 ordinem
1656 784 1883 843 Moira
1931 784 2311 852 coloniensis,
2349 784 2421 844 de
2452 803 2573 860 quo
2604 784 2759 843 nihil
2788 786 2937 845 certi

324 876 793 935 carthusiensem
834 879 1003 933 'extra
1031 875 1327 935 Treverim
1370 876 1601 935 cunctis
1656 874 1878 933 scimus
1932 867 2013 954 (fl.
2048 892 2092 932 c.
2138 869 2348 955 1426),
2403 877 2611 933 auctor
2658 878 2752 932 est
2798 873 2936 933 libri

325 965 684 1024 mirantibus
734 965 984 1023 intravit
1045 968 1106 1023 et
1153 965 1321 1040 prius
1373 965 1602 1041 aliquot
1654 963 1877 1039 populo
1940 961 2255 1021 admodum
2317 962 2493 1040 grati,
2555 964 2728 1038 cnjus
2787 963 2935 1023 Fau<

323 1073 511 1114 annos
530 1055 831 1129 prioratus
852 1052 1113 1112 officium
1144 1052 1312 1134 (licet
1342 1073 1600 1114 renuens
1656 1050 1939 1127 hist-pol.
1960 1052 2047 1110 Bl.
2077 1060 2217 1120 108,
2257 1061 2602 1115 212-—219
2645 1057 2935 1127 quatuor-

324 1148 386 1201 et
445 1137 697 1224 invitus)
749 1143 1028 1218 suscepit.
1091 1143 1346 1203 Gemens
1399 1148 1597 1203 autem
1656 1141 1844 1201 decim
1921 1140 2209 1200 editiones
2272 1142 2432 1201 intra
2503 1150 2933 1206 1474--1523

323 1232 464 1291 Otto
497 1232 969 1308 archiepiscopus
1001 1233 1358 1292 treverensis
1404 1232 1599 1293 virum
1653 1233 1934 1300 recenset,
1953 1230 2310 1305 inscriptum
2325 1231 2679 1307 Scelmtrost,
2713 1233 2819 1306 qui
2833 1251 2935 1294 ex-

322 1323 493 1379 illum
509 1319 1230 1398 essedoctum,expertum
1245 1325 1308 1381 et
1321 1324 1596 1392 mosum,
1654 1320 1819 1378 hibet
1849 1319 2114 1395 exempla
2145 1319 2217 1378 ad
2248 1319 2670 1380 illustrandum
2704 1321 2933 1381 decalo—

323 1411 675 1470 auctoritate
738 1410 955 1470 summi
1000 1411 1295 1487 pontificis
1342 1411 1415 1470 de
1462 1411 1595 1470 Car·
1652 1429 1816 1487 gum:
1833 1409 2368 1485 praeclarissimum
2385 1409 2739 1485 opusculum
2756 1410 2936 1485 hujus

321 1500 521 1558 thusia
536 1502 869 1560 extractum
885 1500 950 1558 iu
963 1500 1225 1575 praefato
1240 1501 1597 1560 monasterio
1654 1499 1843 1558 seculi
1875 1498 2083 1574 lingua
2113 1498 2348 1575 vulgari
2378 1499 2812 1558 concinnatum.
2850 1534 2927 1544 -

321 1584 394 1669 (s,
416 1589 697 1648 Matthiae
714 1608 805 1665 ap.
821 1592 990 1647 extra
1005 1608 1205 1648 muros
1227 1594 1597 1650 treverenses
1654 1585 2074 1647 Praetermisso
2122 1588 2346 1646 Petro
2391 1587 2466 1646 ad
2506 1589 2603 1647 Bo
2624 1607 2747 1648 ves
2793 1585 2933 1671 (aux

326 1676 506 1755 OSB.)
558 1679 828 1737 abbatem
879 1678 1195 1740 constituit
1225 1683 1285 1739 et
1314 1698 1422 1756 per
1460 1698 1597 1738 eum
1652 1674 1889 1754 boeufs)
1913 1674 1978 1735 Ο.
1998 1677 2138 1734 Min.
2159 1677 2478 1753 genevensi
2497 1678 2773 1755 theologo
2793 1678 2932 1737 uni-

323 1768 517 1826 mnlta
545 1768 823 1827 coenobia
865 1767 928 1826 in
973 1786 1084 1827 sua
1131 1768 1382 1828 dioecesi
1415 1769 1596 1827 refor-
1653 1767 1956 1825 versitatis
1990 1766 2332 1842 parisiensis
2381 1772 2442 1824 et
2484 1767 2699 1825 eximio
2747 1768 2932 1826 eccle-

323 1858 510 1915 mavit
540 1901 551 1913 .
588 1902 599 1914 .
635 1902 646 1914 .
711 1857 964 1932 Scripsit
1014 1859 1210 1918 autem
1258 1877 1367 1933 pro
1411 1858 1597 1917 refor-
1654 1856 1835 1914 siaste
1866 1856 1947 1936 (fl.
1992 1853 2412 1925 1390-1430),
2448 1857 2619 1930 cujas
2648 1876 2936 1916 sermones

324 1946 578 2005 matione
656 1947 1076 2005 monachorum
1158 1946 1599 2006 Constitutiones
1652 1944 2005 2020 prodierunt
2063 1944 2345 2021 Lugduni
2411 1954 2612 2014 1520;
2691 1946 2932 2005 Parisiis

324 2035 516 2105 utiles,
568 2039 628 2094 et
678 2035 711 2092 l.
762 2037 832 2093 de
871 2037 989 2094 vita
1033 2054 1102 2094 ac
1151 2036 1293 2096 bono
1323 2038 1599 2112 reqimine
1663 2043 1864 2104 1521;
1917 2035 2280 2111 Antverpiae
2315 2044 2477 2096 1643
2514 2035 2576 2092 in
2612 2045 2680 2096 4:
2744 2035 2931 2094 Hen-

323 2124 566 2199 abbatis‚
586 2143 760 2200 quem
783 2125 1010 2200 primus
1031 2123 1220 2184 edidit
1239 2126 1349 2184 Pez
1369 2125 1432 2184 in
1454 2125 1594 2183 bibl.
1651 2123 1867 2182 ricus
1899 2123 1971 2182 de
2003 2126 2051 2181 B
2068 2124 2213 2182 alm
2231 2143 2266 2181 a
2301 2123 2364 2182 O.
2399 2123 2536 2184 Min.
2558 2123 2930 2192 Genevensis‚

322 2231 432 2272 asc.
463 2212 510 2283 I,
556 2223 914 2277 159—204.
977 2214 1111 2289 Ipse
1157 2214 1475 2273 defunctus
1505 2216 1601 2272 est
1652 2213 1705 2270 b.
1742 2213 1975 2272 Coletae
2024 2232 2058 2270 a
2106 2212 2587 2281 confessionibus,
2635 2213 2727 2272 vir
2769 2233 2932 2289 mag-

330 2314 380 2364 1.
416 2304 546 2363 Dec.
578 2322 626 2360 a.
667 2312 852 2365 1439.
883 2337 969 2346 —
1003 2303 1056 2360 H
1072 2322 1480 2362 ermannus
1528 2304 1598 2362 de
1653 2319 1763 2360 nae
1825 2302 2151 2378 religionis,
2215 2301 2454 2376 pietatis
2516 2321 2583 2360 ac
2629 2302 2932 2362 doctrinae

323 2391 551 2451 Petra
581 2392 723 2470 (van
743 2393 857 2454 den
874 2388 1077 2472 Steen)
1094 2387 1306 2475 (Petri)
1324 2393 1388 2455 O.
1407 2392 1596 2452 Carth.
1653 2387 1716 2470 (1·
1753 2399 1850 2453 23.
1872 2391 2036 2449 Febr.
2079 2386 2287 2471 1439),
2321 2390 2564 2466 scripsit
2592 2392 2662 2448 de
2691 2393 2932 2468 mystica

321 2481 727 2556 SantdorpiuS,
793 2481 990 2558 Belga.
1066 2483 1161 2542 vir
1237 2482 1301 2542 in
1376 2481 1597 2542 divinis
1652 2479 1928 2556 theologia
1961 2498 2070 2538 seu
2099 2479 2171 2537 de
2203 2479 2426 2555 triplici
2465 2480 2563 2539 via
2594 2480 2666 2537 ad
2698 2481 2932 2556 sapien-

323 2569 647 2646 Scripturis
680 2570 995 2632 admodum
1030 2574 1298 2634 versatus
1344 2590 1410 2630 ac
1443 2570 1598 2630 vitae
1654 2568 1818 2638 tiam,
1854 2569 2075 2645 passim
2097 2587 2141 2627 s.
2163 2570 2617 2629 Bonaventurae
2634 2569 2932 2628 tributum

322 2658 667 2736 integritate
699 2659 908 2729 clarus,
931 2661 1264 2725 carthusiae
1284 2660 1598 2739 burgensis
1653 2662 1714 2717 et
1746 2675 1881 2718 cum
1915 2660 2045 2734 ejus
2077 2657 2383 2734 opusculis
2423 2658 2670 2727 editum,
2717 2661 2789 2717 ut
2819 2660 2930 2718 Ar-

324 2748 680 2808 monialibus
702 2769 805 2826 per
824 2769 874 2808 a.
898 2760 978 2815 34
998 2749 1259 2828 praefuit
1294 2747 1355 2831 (1·
1379 2743 1596 2830 1428),
1653 2748 1934 2825 gentinae
2009 2757 2203 2817 1495;
2267 2748 2690 2807 Amstelodami
2765 2757 2928 2811 1647

325 2857 685 2917 proquarum
698 2838 994 2919 spirituali
1007 2838 1594 2915 profectuhabuit50
1653 2838 1718 2896 in
1744 2846 1851 2905 123
1886 2838 2168 2897 Stimulae
2181 2839 2401 2896 amoris
2414 2839 2603 2895 divini
2623 2837 2933 2897 adChristi

327 2945 625 2991 sermones
655 2930 725 2988 de
770 2931 1027 2991 oratione
1072 2929 1385 2998 dominica,
1422 2927 1598 2989 Alde-
1653 2927 1993 3002 passionem
2015 2926 2127 2985 sub
2148 2945 2191 2985 s.
2216 2927 2664 2985 Bonaventurae
2696 2926 2933 2985 nomine

322 3016 541 3077 nardae
565 3026 765 3088 148ος
799 3017 1042 3078 Lovanii
1089 3028 1264 3082 1484.
1285 3017 1597 3080 ——Joan-
1655 3015 2564 3092 saepissimeeditus‚sedjudice
2595 3015 2935 3073 Sbaralea

323 3106 785 3166 nesKraeme
804 3126 834 3167 r
867 3106 929 3167 O.
949 3106 1140 3167 Carth.
1155 3105 1598 3167 buxheimensis
1653 3108 1727 3163 tr.
1760 3107 2028 3182 abjectus
2078 3124 2216 3164 sane
2248 3108 2309 3163 et
2339 3104 2577 3165 doctore
2627 3104 2933 3180 seraphico

324 3196 681 3265 monasterii,
732 3194 1077 3258 Institor
1107 3195 1324 3265 dictus,
1359 3197 1475 3255 duo
1508 3215 1599 3253 re·
1652 3194 1957 3271 indignus,
1993 3194 2344 3269 compilatus
2365 3213 2435 3253 ex
2454 3193 2621 3252 illins
2653 3193 2933 3251 aliorum-

323 3283 506 3358 liquit
555 3285 868 3365 opuscula:
935 3286 1370 3364 Breviloquium
1419 3284 1601 3343 animi
1654 3303 1771 3360 qne
1805 3283 2103 3359 opusculis
2152 3289 2214 3342 et
2242 3283 2317 3341 ab
2351 3283 2487 3341 aliis
2521 3282 2933 3357 interpolatus,

324 3373 649 3448 cujuslibet
699 3374 962 3450 religiosi
1011 3372 1473 3441 reformativum,
1537 3373 1600 3431 in
1656 3372 1902 3430 Parisiis
1947 3382 2142 3441 149ος
2203 3381 2399 3441 1507;
2464 3371 2727 3430 Venetiis
2770 3381 2933 3433 1535

324 3480 443 3536 quo
518 3463 744 3523 monita
817 3481 936 3525 non
992 3461 1425 3523 contemnenda
1486 3462 1598 3520 sub
1654 3462 1717 3519 in
1757 3471 1870 3529 163
1927 3470 2087 3524 1537
2140 3463 2248 3519 etc.
2299 3494 2387 3503 --
2435 3460 2753 3534 Praecipue
2797 3478 2936 3518 vero

324 3548 721 3626 descriptione
774 3562 853 3615 20
907 3553 1106 3613 avium
1158 3550 1598 3615 immundarum
1654 3550 1956 3609 mentione
1976 3549 2195 3626 dignus
2231 3552 2321 3609 est
2349 3548 2641 3606 Heni-icus
2672 3547 2936 3605 Mande

325 3639 546 3712 tradit;
595 3643 663 3700 de
708 3642 972 3703 evitanda
1007 3643 1160 3705 mala
1191 3642 1309 3714 ira,
1342 3639 1501 3717 apud
1532 3640 1597 3696 B.
1655 3634 1922 3718 (erronee
1968 3633 2206 3717 Maude)
2262 3637 2720 3696 Dortrechtanus
2781 3655 2838 3693 n.
2887 3656 2934 3696 c.

326 3728 436 3787 Pez
467 3728 530 3790 in
564 3749 673 3793 sua
702 3730 844 3793 bibl.
867 3730 1116 3793 ascetica
1138 3728 1262 3800 VII,
1293 3736 1597 3800 115—388,
1664 3739 1847 3797 1360,
1884 3728 2053 3804 prius
2083 3727 2274 3785 scriba
2290 3726 2570 3784 Guilelmi
2587 3724 2679 3783 v1.
2703 3725 2934 3784 comitis

327 3820 388 3875 et
435 3836 690 3895 quorum
740 3819 1001 3897 primum
1052 3819 1310 3879 multum
1362 3819 1505 3877 olim
1535 3818 1599 3876 in
1653 3817 2021 3886 Hollandiae‚
2086 3817 2192 3891 qui
2254 3814 2634 3874 concionibus
2683 3814 2937 3890 piissimi

324 3908 698 3969 monasteriis
741 3908 880 3970 licet
923 3927 1131 3985 aspero
1177 3910 1238 3966 et
1275 3908 1413 3966 rudi
1458 3907 1598 3967 stilo
1655 3907 1769 3965 viri
1819 3907 2033 3966 Groote
2073 3898 2172 3987 (cf.
2205 3926 2258 3981 p.
2298 3900 2448 3985 718)
2496 3906 2694 3963 motus
2740 3908 2935 3963 totum

326 3997 723 4075 conscriptum
773 3997 1154 4059 lectitabatur
1199 3995 1254 4074 (†
1299 4017 1342 4056 c.
1390 3992 1598 4075 1440).
1656 3998 1777 4055 Deo
1810 4015 1872 4055 se
1903 3994 2069 4054 dedit
2097 3998 2161 4053 et
2187 3994 2325 4055 aula
2353 3993 2561 4053 relicta
2604 3987 2833 4075 (1391)
2864 3993 2939 4051 ad

325 4085 470 4163 Ejus
502 4085 718 4146 sodalis
734 4086 976 4147 Gerardi
1004 4086 1074 4145 de
1090 4086 1395 4145 Schiedam
1412 4081 1602 4167 (Stre-
1655 4085 2021 4144 Florentium
2058 4080 2141 4166 (p.
2180 4079 2334 4161 720)
2385 4101 2448 4141 se
2494 4082 2769 4151 contulit,
2802 4081 2939 4141 inde

323 4170 488 4256 dam)
554 4174 876 4237 laudantur
934 4176 1110 4251 plura
1165 4176 1450 4253 opuscula
1509 4193 1601 4233 as·
1657 4175 1899 4235 transiit
1961 4172 2476 4233 windeshemium
2502 4172 2707 4246 ibique
2751 4171 2939 4229 vitam

325 4264 525 4336 cetica,
620 4264 722 4324 sed
796 4264 1021 4323 inedita
1096 4260 1158 4345 (†
1243 4263 1435 4340 1443)
1517 4297 1606 4308 —
1656 4264 1972 4341 transegit,
1996 4264 2143 4338 quin
2163 4262 2479 4321 canonicus
2511 4261 2593 4319 sit
2620 4260 2812 4320 factus
2844 4279 2938 4318 sa-

325 4352 366 4411 J
381 4372 667 4413 oannes
713 4354 954 4412 Geuss
991 4348 1177 4435 (Geiz)
1210 4373 1240 4412 e
1270 4353 1607 4430 palatinatu
1660 4372 1908 4429 crosque
1956 4353 2029 4411 ad
2091 4353 2326 4412 ordines
2389 4350 2565 4410 certis
2625 4350 2699 4408 de
2746 4350 2939 4408 causis

328 4443 621 4518 superiori
651 4443 872 4505 artium
895 4442 1177 4519 magister
1195 4446 1258 4501 et
1275 4443 1608 4519 theologiae
1661 4444 1930 4519 potuerit
1960 4441 2310 4516 promoveri.
2369 4442 2656 4515 ,Magnae
2685 4438 2804 4498 fuit
2834 4438 2937 4496 de-

328 4532 531 4591 doctor
546 4527 592 4612 ¹)
643 4532 707 4590 in
750 4531 1145 4590 universitate
1192 4531 1503 4591 viennensi
1548 4532 1610 4588 et
1663 4531 1940 4601 votionis,
1974 4534 2175 4589 narrat
2205 4529 2404 4588 Busch
2434 4529 2499 4587 in
2529 4546 2636 4586 suo
2668 4527 2939 4587 chronico

1664 4620 2061 4690 windeshem.,
2108 4622 2168 4677 et
2210 4619 2530 4677 exstaticae
2574 4616 2937 4693 contempla-

406 4760 441 4827 Ι)
468 4757 542 4812 Of
597 4757 996 4825 Linsenmayer
1033 4756 1064 4809 J
1114 4756 1292 4810 Gange
1354 4755 1445 4809 ein
1486 4754 1611 4809 Pte.
1664 4709 1863 4778 tiouis,
1897 4711 1968 4766 nt
1998 4727 2303 4783 nunquam
2336 4727 2371 4765 a
2402 4706 2659 4765 lacrimis
2699 4706 2939 4765 missam

325 4828 380 4882 d'
426 4845 487 4882 er
510 4800 608 4883 des
635 4799 1226 4888 15.Jahrh,Passauer
1243 4798 1611 4881 M'onatsschr.
1666 4797 1957 4898 ‘mdiffiffdo
2008 4816 2068 4856 ΒΘ
2117 4799 2473 4897 ,ΟΟΠῘῙΠΘΥθῑῖ
2522 4795 2703 4854 fl⁹bat
2744 4797 2937 4852 “utun

327 4901 378 4953 11
433 4904 631 4967 (18931,
659 4904 764 4957 825
792 4918 861 4954 ss.
1666 4887 1963 4945 uberrime
2028 4887 2134 4944 Dei
2197 4886 2555 4959 liquefactus
2617 4900 2813 4941 amore
2878 4885 2942 4939 et

2516 4984 2618 5038 28*
