3475 5364
374 357 496 414 983
612 344 980 398 1376—1400.
1008 339 1201 395 Theol.
1231 342 1344 411 pol.
1363 343 1627 398 Controv.
1647 341 1715 395 de
1732 341 2104 411 conceptione
2121 341 2186 395 V.
2204 342 2237 395 J
2241 360 2292 397 o.
2310 343 2378 395 de
2395 342 2747 415 MontesonO.
2863 363 2984 414 534

370 527 567 585 Bonae
612 526 744 602 Spei
795 523 1121 606 (Nomencl.
1154 528 1264 598 112,
1303 526 1413 612 49)
1448 531 1648 608 Maym‘
1701 528 1940 586 nionem
1960 529 2287 588 multorum
2309 529 2829 587 christifidelium.
2868 531 2985 587 Ita-

362 616 677 690 prophetae
691 615 1100 676 Eliaevisiode
1114 617 1493 678 immaculata
1510 620 1643 678 Dei·
1702 634 1819 692 que
1867 617 2227 688 universitas
2262 623 2323 675 et
2358 618 2669 694 episcopus
2716 620 2893 693 paris
2928 619 2987 677 in

366 722 544 779 parae
593 705 991 780 conceptione,
1046 708 1403 784 Antverpiae
1459 718 1644 770 1665.
1702 725 1831 764 eam
1894 701 2107 765 invehi
2146 707 2502 766 debuerunt.
2566 707 2733 776 Quod
2783 709 2833 766 si
2884 708 2988 766 Jo-

369 792 600 851 Prodiit
630 793 742 852 sub
767 795 1006 853 nomine
1030 795 1367 870 compendii
1385 800 1649 856 veritatis
1702 813 1921 853 annea.
1959 840 1970 851 .
2006 841 2016 852 .
2052 796 2489 870 propositiones
2507 815 2645 855 suas
2660 797 2989 856 monitione

368 883 439 940 de
499 883 878 941 immaculata
923 885 1302 959 conceptione
1354 888 1406 944 b.
1456 887 1521 945 V.
1584 887 1647 944 in
1701 885 2026 961 praemissa
2055 888 2402 954 revocasset,
2454 886 2723 961 quaestio
2775 886 2989 945 fuisset

366 971 724 1030 bibliotheca
770 973 1033 1031 Mariana
1078 973 1241 1032 Petri
1282 976 1357 1033 de
1391 977 1539 1034 Alva
1586 979 1649 1034 et
1701 973 1886 1032 finita.
1937 977 2016 1031 At
2046 979 2254 1033 contra
2285 993 2347 1033 se
2379 975 2676 1052 purgabat
2708 993 2986 1051 arrogan-

368 1061 638 1136 Astorga,
716 1062 945 1120 Matriti
1036 1074 1215 1128 1648.
1309 1064 1417 1123 Hic
1490 1064 1643 1123 idem
1700 1066 1795 1121 ter
1825 1067 2152 1138 posteaque
2182 1064 2421 1141 aufugit
2452 1064 2782 1140 provocatis
2817 1064 2891 1122 ad
2926 1084 2987 1123 se

367 1149 565 1224 praelo
596 1149 892 1208 commisit
924 1152 1329 1225 Defensor-ium
1362 1172 1470 1212 seu
1504 1173 1644 1229 apo·
1701 1152 2096 1226 adjuvandum
2116 1153 2342 1211 ordinis
2354 1154 2759 1229 superioribus
2773 1151 2984 1234 ¹)‘etc.

366 1238 579 1315 logiam
630 1257 737 1314 pro
788 1240 1167 1300 immunitate
1222 1242 1283 1300 V.
1334 1243 1552 1301 Mariae
1613 1263 1647 1301 a
1701 1241 1973 1299 Faculias
2006 1242 2338 1319 theologica
2383 1261 2516 1300 eum
2565 1241 2730 1318 prius
2761 1248 2984 1301 secreto

365 1331 601 1402 peccato
648 1328 927 1404 originali
971 1332 1034 1388 in
1068 1331 1128 1388 ll.
1167 1341 1199 1392 5
1235 1330 1496 1391 divisum
1526 1332 1565 1390 J
1582 1351 1640 1390 o·
1699 1330 1950 1396 monuit,
1984 1334 2120 1389 tum
2157 1335 2218 1389 et
2247 1331 2503 1408 publice,
2537 1336 2609 1390 ut
2627 1349 2727 1389 eas
2748 1350 2983 1391 revoca-

365 1416 586 1475 annis
677 1416 966 1477 Vitalis
1046 1420 1292 1496 Hispani
1388 1422 1646 1480 doctoris
1699 1422 1808 1488 ret,
1875 1418 1991 1477 sed¹
2038 1422 2291 1479 frustra:
2357 1420 2492 1479 hinc
2552 1424 2616 1480 et
2675 1422 2986 1497 episcopus

365 1506 705 1579 parisiensis
752 1511 813 1564 et
843 1508 1104 1567 ministri
1146 1510 1499 1585 provinciae,
1533 1511 1644 1568 Lo·
1701 1507 1873 1583 paris
1908 1509 2119 1568 Petrus
2164 1509 2237 1567 de
2270 1511 2592 1586 Orgemont
2636 1510 2700 1568 in
2730 1514 2983 1569 asserto-

363 1595 526 1653 vanii
567 1604 749 1666 1665,
802 1597 958 1671 quod
992 1602 1080 1656 est
1119 1601 1322 1656 contra
1352 1599 1643 1658 Joannem
1699 1616 1794 1655 res
1826 1597 2064 1656 illarum
2110 1600 2581 1674 propositionum
2631 1599 2982 1657 sententiam

364 1682 437 1742 de
468 1685 813 1744 Montesono
831 1679 1136 1767 (Moncon)
1160 1688 1222 1744 Ο.
1248 1687 1451 1747 Praed.
1485 1690 1644 1765 ejus·
1699 1686 2103 1761 promulgavit
2146 1688 2801 1758 excommunicationis3
2850 1689 2983 1746 uni·

364 1791 480 1847 que
510 1775 777 1832 asseclas.
811 1774 1145 1850 Hic-patria
1177 1780 1304 1834 erat
1335 1779 1644 1855 Aragonns
1700 1776 1952 1833 versitas
2001 1795 2139 1835 vero
2184 1777 2258 1835 ad
2298 1795 2503 1836 omnes
2535 1777 2752 1836 Christi
2783 1776 2983 1835 fideles

362 1860 435 1920 de
467 1862 728 1932 Mouzon‚
767 1863 1063 1923 valentiae
1105 1865 1444 1924 cathedram
1475 1868 1642 1927 theo·
1699 1863 1980 1922 adversus
2014 1885 2241 1925 errores
2281 1870 2342 1925 et
2374 1867 2610 1925 modum
2646 1866 2856 1943 agendi
2890 1866 2981 1924 Jo.

362 1950 553 2026 logiae
585 1951 1000 2012 moderabatur
1029 1954 1091 2012 in
1107 1974 1297 2030 eaque
1330 1974 1405 2013 aa.
1439 1956 1642 2015 literas
1697 1951 1770 2011 de
1833 1954 2177 2013 Montesono
2239 1955 2407 2014 dedit
2458 1956 2681 2024 literas,
2729 1974 2981 2030 quarum

361 2040 893 2116 interpretabatur:
940 2042 1078 2101 inde
1122 2044 1378 2103 Parisios
1426 2045 1642 2103 missus
1697 2047 1997 2101 auctorem
2030 2063 2061 2101 e
2093 2043 2325 2103 dicendi
2356 2062 2571 2121 genere
2593 2044 2834 2119 conjicit
2855 2045 2979 2102 De-

362 2133 454 2186 est
496 2128 569 2187 ad
617 2131 940 2189 sententias
986 2132 1265 2208 legendas
1309 2136 1488 2209 atque
1517 2153 1640 2192 ma·
1697 2131 1899 2190 nifle
1944 2151 2074 2191 esse
2120 2133 2426 2192 Petrum
2472 2134 2545 2191 de
2579 2134 2824 2201 AlliacO,
2876 2134 2980 2206 qui

360 2218 593 2294 gisterii
639 2219 903 2278 lauream
949 2221 1414 2297 promerendam,
1461 2241 1641 2297 qnam
1700 2222 1900 2288 ,sicut
1918 2240 2162 2297 semper,
2199 2223 2423 2281 evomit
2454 2223 2622 2281 virus
2642 2222 2980 2281 acerbitatis

360 2310 420 2364 et
452 2307 714 2366 obtinuit
752 2317 935 2372 1387.
1002 2310 1176 2377 ,Jam
1218 2330 1359 2370 vero
1407 2312 1468 2370 in
1516 2312 1641 2370 suis
1696 2328 1837 2369 suae
1867 2313 2403 2386 temperamentum
2433 2313 2764 2370 nesciens.‘
2796 2310 2980 2370 Joan-

358 2396 645 2471 vesperiis
679 2397 987 2473 primaque
1031 2400 1278 2459 lectione
1310 2401 1641 2477 magistrali
1694 2417 1801 2457 nes
1834 2399 2075 2457 interim
2123 2400 2478 2478 confugerat
2508 2401 2867 2459 Avenionem
2905 2401 2977 2459 ad

359 2486 855 2559 pronunciaverat
927 2499 1000 2550 14
1081 2489 1424 2560 sententias,
1490 2509 1640 2565 quae
1696 2488 2055 2547 Clementem
2089 2488 2234 2560 V11.‚
2282 2490 2388 2565 qui
2419 2495 2480 2549 et
2522 2490 2978 2549 universitatem

357 2574 735 2634 universitati
789 2577 1098 2651 parisiensi
1135 2579 1275 2652 jure
1317 2578 1637 2655 displicue·
1693 2576 1767 2635 ad
1789 2595 1966 2635 suum
1985 2578 2194 2636 citavit
2226 2579 2509 2638 tribunal.
2534 2579 2699 2638 Hinc
2729 2579 2837 2638 illa
2866 2579 2977 2636 mi-

357 2666 518 2723 runt.
553 2666 716 2724 Inter
747 2684 894 2740 quas
929 2671 1185 2742 quatuor
1216 2668 1278 2726 in
1298 2669 1491 2744 prima
1521 2669 1637 2727 lec·
1694 2666 1774 2725 sit
1804 2665 1879 2725 ad
1911 2666 2268 2727 Clementem
2303 2667 2429 2727 VII.
2465 2668 2838 2746 legationem,
2873 2686 2975 2727 cu-

356 2753 519 2811 tione
552 2755 879 2830 magistrali
917 2757 1336 2830 pronunciatae
1378 2758 1638 2833 pertine-
1684 2757 1788 2830 jus
1821 2759 2001 2832 caput
2030 2760 2159 2815 erat
2190 2757 2403 2816 Petrus
2423 2758 2496 2817 de
2515 2758 2756 2818 Alliaco.
2790 2758 2977 2816 Causa

357 2842 503 2900 bant
533 2842 606 2900 ad
638 2845 1075 2919 conceptionem
1097 2846 1152 2904 b.
1176 2847 1391 2904 Mariae
1412 2847 1477 2905 V.
1510 2848 1636 2906 Imo
1692 2864 1799 2919 per
1830 2864 2052 2904 annum
2084 2849 2147 2904 et
2180 2847 2341 2905 ultra
2390 2866 2644 2923 expensa
2674 2847 2975 2906 decretum

357 2930 428 2989 de
477 2932 585 2989 illa
632 2933 1013 3008 conceptione
1058 2934 1149 2994 Jo.
1184 2936 1255 2993 de
1289 2936 1636 2995 Montesono
1692 2935 2018 3009 parisiense
2050 2934 2167 2993 fuit
2198 2936 2619 2995 confirmatum*
2658 2940 2719 2994 et
2748 2954 2974 2995 excom-

356 3039 581 3079 errores
613 3021 838 3081 similes
882 3024 1286 3100 promulgavit
1318 3026 1633 3096 erroribus,
1689 3023 2108 3082 municationis
2161 3025 2462 3084 sententia
2519 3027 2639 3084 lata
2691 3034 2791 3088 27.
2841 3024 2973 3083 Jan.

355 3129 503 3185 qnos
535 3110 854 3169 emiserant
896 3116 1033 3170 ante
1064 3133 1112 3170 a.
1150 3122 1230 3176 25
1273 3113 1392 3171 duo
1425 3115 1635 3173 fratres
1701 3121 1861 3176 1389
1917 3113 1978 3170 in
2024 3113 2335 3183 «Ioannem,
2388 3114 2492 3190 qui
2539 3115 2780 3173 interim
2823 3117 2974 3172 Ave-

355 3198 624 3275 ejusdem
638 3199 761 3257 ord.
783 3201 1305 3275 Prosequentelite
1320 3201 1447 3265 de4
1467 3222 1632 3280 prop.
1691 3202 1869 3260 nione
1931 3203 2243 3279 aufugerat
2302 3204 2366 3261 in
2415 3205 2792 3279 Aragoniam,
2856 3203 2974 3262 imo

357 3289 1012 3366 praesertimagebatur.
1033 3291 1091 3348 Si
1103 3290 1143 3349 J
1146 3311 1194 3349 o.
1208 3291 1281 3350 de
1293 3293 1633 3355 Montesono
1691 3291 2025 3349 securitatis
2057 3293 2255 3369 gratia
2287 3293 2380 3350 vel
2412 3293 2477 3351 in
2509 3293 2795 3353 Siciliam:
2838 3311 2973 3350 nam

353 3378 604 3453 ejusque
623 3378 888 3437 fautores
917 3380 980 3437 in
1001 3380 1205 3439 ordine
1226 3383 1467 3439 tantum
1501 3401 1633 3457 pro·
1688 3380 1896 3439 relicta
1945 3380 2281 3439 obedientia
2329 3382 2646 3440 Clementis
2697 3382 2821 3440 VII.
2872 3381 2972 3439 ad·
3061 3418 3065 3422 -

353 3466 493 3526 fessi
514 3470 715 3526 essent
733 3468 788 3525 b.
811 3467 1115 3545 Virginem
1138 3474 1484 3545 conceptam
1505 3490 1634 3530 esse
1689 3469 1881 3527 haesit
1923 3470 2157 3529 Urbano
2191 3470 2285 3529 VI.
2352 3471 2601 3546 Propter
2650 3472 2801 3529 hanc
2844 3471 2972 3545 ejus

353 3556 414 3613 in
464 3559 703 3633 peccato
753 3557 1043 3634 originali,
1107 3560 1254 3617 tunc
1305 3560 1632 3635 propositio
1690 3576 2054 3633 suorumque
2115 3560 2474 3618 asseclarum
2525 3560 2861 3636 opinionem
2912 3564 2973 3617 et

349 3645 644 3704 indemnis
676 3645 937 3717 abiisset,
972 3667 1106 3706 cum
1127 3649 1231 3707 alii
1265 3650 1540 3723 aequales
1573 3653 1635 3708 et
1688 3647 1751 3704 in
1785 3666 1856 3705 ea
1886 3648 2315 3707 contumaciam
2365 3648 2650 3726 gravibus
2684 3649 2972 3707 molestiis

348 3738 748 3794 antecessores
779 3736 936 3794 idem
957 3738 1373 3805 sustinuerint,
1408 3742 1470 3797 et
1488 3744 1633 3797 tunc
1687 3737 1882 3794 vexati
1915 3742 2060 3795 sunt
2091 3738 2320 3796 sodales
2353 3738 2576 3796 ordinis
2609 3738 2970 3812 praedicato.-

348 3824 636 3900 temporis
682 3844 802 3884 non
849 3826 1030 3884 fuerit
1074 3826 1227 3885 illud
1259 3826 1332 3885 de
1363 3828 1631 3887 articulis
1686 3844 1820 3883 rum
1852 3844 1959 3901 per
1991 3827 2309 3896 Franciam,
2347 3827 2492 3886 adeo
2527 3831 2597 3884 ut
2625 3827 2700 3885 ab
2729 3827 2970 3885 univer-

349 3913 502 3983 fidei,
537 3919 606 3971 ut
638 3913 950 3972 induceret
970 3933 1332 3990 quemquam
1352 3915 1425 3973 ad
1447 3937 1630 3976 unam
1686 3914 1866 3973 sitate
1899 3915 2356 3974 excluderentur
2386 3924 2447 3974 et
2467 3916 2725 3991 populus
2755 3915 2973 3974 vitaret

346 4007 577 4078 partem
611 4003 804 4079 magis
824 4022 1004 4078 quam
1021 4004 1096 4062 ad
1117 4006 1295 4064 aliam
1316 4005 1628 4065 declinare.
1686 4021 1888 4062 eorum
1906 4004 2194 4063 ecclesias.
2229 4005 2481 4063 Nonnisi
2499 4025 2546 4062 a.
2573 4014 2735 4069 1403
2756 4008 2970 4081 agente

348 4093 429 4149 At
446 4091 708 4150 Joannes
729 4097 789 4149 et
807 4093 1047 4166 quidam
1087 4095 1341 4154 asseclae
1363 4114 1630 4154 asserue-
1686 4093 1965 4152 Gereonio
2027 4113 2137 4168 pax
2201 4096 2360 4152 inter
2404 4094 2848 4154 universitatem
2911 4100 2970 4153 et

347 4184 492 4239 runt
521 4181 1000 4240 enunciationem
1034 4182 1131 4250 ,b.
1167 4184 1472 4260 Virginem
1504 4203 1630 4243 esse
1685 4181 2100 4241 Dominicanos
2135 4182 2250 4242 fuit
2281 4180 2684 4264 composita2).
2737 4187 2845 4243 Pro
2877 4185 2966 4242 Jo.

346 4274 688 4345 conceptam
720 4270 847 4328 sine
878 4275 1113 4347 peccato
1147 4272 1465 4347 originali‘
1502 4292 1628 4332 esse
1896 4344 1935 4348 -

346 4377 620 4435 expresse
667 4363 870 4418 contra
916 4360 1107 4430 fldem’
1156 4361 1313 4436 quod
1345 4361 1499 4419 idem
1535 4368 1628 4420 est
1766 4412 1798 4459 'l
1834 4407 1915 4459 [ta
1943 4346 2160 4460 lleuiflc
2189 4409 2440 4462 Chartul.
2472 4408 2640 4478 paria.
2668 4411 2763 4471 111,
2789 4415 2965 4466 485-

345 4468 409 4507 80
442 4449 665 4507 dicere:
700 4448 846 4548 »9¹²5
869 4450 1075 4519 credit,
1101 4451 1151 4514 b·
1176 4451 1474 4527 Virginem
1500 4470 1627 4510 ⁸3⁸0
1681 4482 1803 4540 533,
1845 4477 1949 4546 qui
1990 4478 2297 4548 diligenter
2342 4495 2394 4532 e>
2408 4480 2570 4534 hibet
2607 4481 2801 4533 omnia.
2840 4485 2963 4535 acta

345 4541 689 4613 conceptam
719 4557 844 4596 sine
877 4543 1112 4614 peccato
1159 4540 1431 4616 originali
1465 4516 1753 4649 errat'ad
1780 4550 1928 4602 hanc
1968 4567 2196 4603 causam
2238 4552 2572 4618 spectant-ia.
2625 4550 2705 4605 Cf.
2750 4553 2819 4606 de
2860 4554 2963 4606 hac

343 4628 405 4685 in
437 4627 552 4686 fide
584 4633 645 4686 et,
675 4634 878 4704 peccat
908 4628 1254 4687 mortaliter,
1272 4637 1299 4666 ‹
1334 4629 1417 4686 Ea
1438 4633 1621 4688 teme-
1680 4637 1851 4673 causa
1878 4622 2045 4674 etiam
2078 4623 2279 4686 Quetif
2303 4624 2339 4685 1,
2366 4627 2465 4679 691
2492 4641 2593 4682 aaa
2622 4623 2708 4677 Fe
2729 4641 2801 4677 re
2819 4629 2843 4677 t
2871 4625 2964 4688 ΙΙΙ,

343 4716 499 4775 raria
514 4718 810 4776 sententia
834 4717 1168 4775 offendebat
1193 4720 1469 4789 majorem
1487 4738 1620 4794 par·
1681 4696 2094 4832 ¹533}11151?pfler
2119 4764 2231 4818 KL⁰
2260 4772 2310 4829 ὅ,
2335 4772 2489 4822 1721·
2517 4764 2779 4820 Ceterum
2809 4766 2962 4820 Mon,

341 4810 463 4865 ῗθῐῦ
498 4807 929 4873 univefflitaffisv
979 4806 1043 4863 51¹
1088 4825 1210 4880 <1¹1⁸
1250 4826 1374 4881 ,lam
1407 4807 1624 4866 feStum
1676 4838 1909 4889 tesonus
1946 4836 2019 4888 ad
2060 4854 2109 4888 a.
2139 4841 2276 4893 1412
2319 4853 2498 4905 usque
2540 4838 2716 4890 vitam
2758 4838 2963 4906 produ·

342 4898 740 4974 conceptionis
787 4895 1237 4954 celebrabatur.
1275 4942 1284 4951 .
1323 4940 1333 4953 .
1382 4900 1443 4954 et
1494 4898 1819 4981 opi-lxisse
1846 4906 2075 4976 legitur.
2126 4907 2417 4973 Quaedam
2463 4925 2529 4961 ex
2570 4911 2692 4978 ejus
2737 4909 2963 4978 scriptis
