3475 5364
193 344 340 398 229
564 328 622 384 S.
648 328 940 382 Martinus
957 328 1208 400 Legion.,
1236 328 1439 385 Petrus
1466 331 1535 385 de
1563 330 1725 401 Riga,
1752 330 2113 397 Maniacoria‚
2142 329 2397 385 Malchot
2421 332 2525 387 etc.
2733 342 2858 404 230

191 516 263 573 Ο.
291 515 355 572 S.
384 516 571 592 Aug,
605 514 921 573 sanctitate
953 515 1290 591 praeclarus
1307 511 1350 595 ¹)
1384 515 1519 573 doc·
1545 508 1553 614 Ι
1577 518 1906 576 terminum
1924 517 2086 575 nocti
2106 517 2364 593 imponit
2380 517 2859 593 principiumque

188 605 509 678 trinaque
554 610 628 662 ut
671 604 873 661 ferunt
916 622 1037 663 non
1080 604 1371 679 acquisita
1415 603 1518 661 sed
1576 605 1698 664 diei
1732 605 1965 665 adesse:
2002 606 2087 664 sic
2107 609 2167 664 et
2183 605 2424 664 libellus
2446 607 2563 665 iste
2581 605 2858 665 tenebras

191 693 424 752 infusa
478 692 774 750 mirabilis
827 688 888 773 (†
941 704 1035 754 11.
1084 692 1249 752 Febr.
1307 688 1515 775 1203),
1576 695 1922 753 umbrarum
1955 698 2015 753 et
2045 695 2263 753 veteris
2296 695 2444 772 legis
2463 695 2859 754 obscuritates

190 784 467 858 praeter
527 799 818 840 sermones
878 781 1136 840 subinde
1198 780 1519 841 admodum
1576 783 1907 843 discutiens
1940 784 2211 842 veritatis
2258 783 2487 861 fulgore
2532 787 2593 842 et
2637 783 2858 860 allego-

189 872 483 948 prolixos
523 870 770 947 scripsit
799 870 1229 946 expositionem
1260 873 1325 928 in
1355 889 1440 946 ep.
1471 889 1516 928 8.
1573 874 1799 931 riarum
1860 872 2207 931 scintillulis
2270 872 2629 932 micantibus
2690 875 2857 931 totus

193 961 475 1034 Jacobi;
506 962 571 1017 in
609 963 663 1017 1.
698 978 783 1034 ep.
816 960 863 1016 b.
897 958 1056 1017 Petri
1078 961 1193 1034 Ap.
1210 980 1239 1033 ;
1271 957 1333 1018 in
1354 979 1437 1035 ep.
1464 963 1516 1021 1.
1544 978 1548 1075 i
1574 961 1870 1038 refulgeat
1901 964 2073 1031 etc.‘‚
2108 966 2179 1020 ut
2210 961 2337 1037 ipse
2368 962 2576 1021 scribit
2594 962 2656 1019 in
2674 962 2855 1037 praef.

192 1050 247 1108 b.
282 1050 566 1108 Joanm's
580 1070 610 1119 ,·
640 1052 704 1107 et
733 1049 767 1107 1.
800 1049 1202 1125 Apocalypsis,
1247 1049 1516 1123 Hispalis
1543 1094 1548 1113 ‚
1576 1049 1735 1119 Quot
1769 1054 1972 1109 autem
2002 1051 2064 1108 ll.
2114 1051 2402 1126 rythmice
2442 1050 2569 1127 ipse
2618 1069 2859 1126 expres-

206 1150 283 1201 17
293 1147 383 1201 82
423 1140 476 1195 t.
516 1147 551 1200 2
592 1135 821 1218 (Migne
851 1141 893 1195 t.
927 1137 1167 1196 CCVIII.
1203 1132 1410 1219 CCIX.)
1447 1139 1515 1195 In
1543 1118 1548 1169 ¹*
1575 1139 1740 1208 serit,
1773 1158 1895 1198 non
1927 1140 2072 1197 satis
2105 1142 2354 1198 constat.
2405 1140 2586 1198 Initio
2617 1143 2855 1198 tantum

194 1227 334 1286 suis
370 1226 638 1301 scriptis
670 1226 929 1285 libenter
958 1226 1012 1284 J.
1046 1226 1263 1285 Christi
1295 1226 1514 1285 divini·
1573 1228 1647 1286 de
1679 1229 2024 1304 exponenda
2044 1228 2253 1287 Genesi
2288 1229 2591 1305 cogitavit,
2614 1227 2717 1287 sed
2739 1228 2858 1286 sal-

196 1322 394 1375 tatem
432 1318 537 1372 tot
568 1333 905 1392 synagogae
934 1318 1171 1391 patrum
1205 1315 1378 1374 factis
1409 1336 1515 1374 an·
1573 1319 1695 1375 tem
1727 1318 1797 1374 ad
1832 1318 1869 1375 l.
1907 1317 2065 1375 Ruth
2098 1335 2290 1392 usque
2339 1318 2626 1393 pervenit.
2692 1317 2855 1393 Opus

195 1406 484 1480 tiquitus
518 1403 962 1481 praesignatam
1007 1404 1296 1462 adversus
1318 1404 1514 1479 judai·
1570 1408 1770 1464 tamen
1800 1425 2106 1481 nunquam
2149 1407 2311 1482 typis
2343 1406 2462 1465 luit
2492 1424 2852 1482 expressum,

199 1513 298 1553 cas
366 1494 900 1569 expostulationes
962 1493 1329 1569 argumentis
1376 1494 1515 1551 hinc
1572 1494 1793 1563 librum
1840 1495 2054 1553 Esther
2097 1498 2334 1554 tantum
2381 1496 2447 1554 in
2492 1495 2616 1554 suis
2649 1493 2854 1553 adver·

199 1583 345 1642 inde
379 1582 613 1658 petitis
646 1582 864 1640 statuit
894 1584 956 1640 et
975 1581 1200 1649 firmat;
1234 1582 1514 1658 operibus
1572 1583 1746 1641 sariis
1790 1583 1983 1642 edidit
2033 1584 2097 1641 G.
2129 1584 2414 1643 Barthius
2466 1585 2502 1642 1.
2540 1594 2610 1647 31
2669 1602 2713 1642 c.
2754 1592 2852 1652 15,

204 1691 281 1731 ss.
315 1671 613 1748 Gregorii
643 1673 707 1729 et
724 1670 940 1728 Isidori
973 1689 1150 1746 saepe
1181 1672 1393 1729 utitur.
1426 1705 1516 1716 -
1570 1671 1944 1732 Francofurti
2002 1681 2183 1734 1624.
2248 1673 2390 1748 Ejus
2439 1691 2677 1748 quoque
2725 1690 2854 1730 esse

199 1761 409 1820 Petri
443 1760 535 1819 de
571 1760 750 1837 Riga
781 1760 1039 1818 cantoris
1059 1762 1119 1818 et
1134 1760 1397 1819 canonici
1422 1780 1512 1819 re·
1570 1760 1793 1819 dicitur
1824 1760 2030 1820 Passio
2059 1780 2103 1820 s.
2125 1763 2365 1840 Aqnetis
2397 1757 2708 1844 (metrice),
2745 1762 2852 1819 Pa-

207 1850 439 1909 mensis
481 1846 548 1927 (†
577 1844 773 1927 1209)
808 1848 1059 1907 celebris
1076 1852 1167 1907 est
1181 1848 1247 1906 in
1264 1849 1516 1908 historia
1569 1850 1733 1909 risiis
1775 1859 1960 1913 1895.

205 1938 487 1997 literaria
520 1942 779 1998 Aurora
810 1937 846 1995 i.
880 1956 928 1996 e.
961 1937 1102 1996 libri
1147 1937 1353 2005 biblici
1391 1938 1511 1996 his—

206 2029 400 2087 torico
483 2026 933 2103 allegoricoque
1010 2044 1188 2085 sensu
1257 2027 1513 2085 carmine
1667 2038 1808 2091 129.
1844 2028 2153 2104 Specimen
2184 2029 2417 2087 criticae
2437 2029 2668 2087 biblicae
2688 2027 2855 2086 dedit

207 2116 451 2185 redditi,
475 2116 828 2174 hexametro
860 2114 961 2172 alii
993 2133 1182 2191 eoque
1200 2115 1511 2192 rythmico,
1569 2116 1851 2176 Nicolaus
1883 2117 2360 2176 Maniacoria
2390 2118 2670 2176 diaconus
2707 2114 2852 2198 (non

206 2212 278 2263 ut
305 2205 629 2264 cant-icum
660 2204 1045 2273 canticorum,
1062 2204 1512 2263 lamentationes
1568 2208 1770 2264 tamen
1801 2202 2165 2287 cardinalis),
2215 2207 2319 2279 qui
2370 2207 2575 2264 floruit
2605 2206 2852 2263 ineunte

210 2294 533 2364 Jeremiae,
573 2293 614 2351 1.
645 2292 765 2350 Job
797 2296 860 2352 et
889 2296 1055 2352 actus
1075 2294 1512 2371 apostolorum;
1569 2296 1678 2353 hoc
1711 2295 1928 2364 seculo,
1972 2294 2034 2353 in
2066 2314 2174 2354 suo
2210 2287 2601 2373 Suffraqaneo
2634 2295 2850 2368 biblica,

209 2384 390 2442 ceteri
422 2377 784 2462 elegiac02).
848 2381 1096 2441 Vocavit
1126 2385 1330 2441 autem
1361 2401 1512 2458 opus
1570 2383 1675 2458 qui
1711 2383 1977 2442 ineditus
2021 2380 2149 2465 (sed
2200 2402 2321 2442 non
2351 2380 2607 2465 integer)
2634 2420 2637 2427 ›
2660 2401 2851 2441 asser-

217 2491 390 2531 suum
440 2473 780 2548 Auroram,
845 2472 989 2546 quia
1050 2471 1252 2541 ‚sicut
1300 2490 1513 2530 aurora
1568 2475 1746 2531 vatur
1772 2473 1935 2530 inter
1966 2473 2133 2531 codd.
2165 2472 2557 2532 bibliothecae
2600 2475 2849 2531 venetae

1567 2580 1609 2620 s.
1673 2561 1871 2631 Marci,
1935 2563 2108 2638 cujus
2177 2560 2600 2637 praefationem
2661 2560 2850 2620 edidit

1570 2650 1796 2709 Denifie
1827 2649 2046 2710 Archiv
2067 2649 2165 2722 IV,
2192 2659 2316 2715 270
2333 2669 2408 2710 ss.
2442 2649 2511 2708 In
2544 2669 2614 2709 ea
2643 2653 2849 2710 auctor

1568 2739 1884 2816 praecipue
1915 2740 2206 2799 sollicitus
2240 2745 2334 2798 est
2363 2740 2436 2799 de
2454 2740 2756 2815 aliquibus
2776 2759 2846 2798 ss.

1570 2829 1860 2887 librorum
1891 2829 1958 2887 V.
1980 2828 2039 2887 Τ.
2062 2829 2208 2888 locis
2225 2829 2298 2888 ad
2316 2848 2514 2888 veram
2533 2829 2847 2887 lectionem

1568 2917 1911 2994 redigendis
1944 2919 2189 2995 agitque
2221 2918 2332 2977 sub
2362 2918 2608 2976 initium
2629 2917 2701 2976 de
2721 2936 2848 2975 mo-

1568 3006 1677 3076 dis,
1710 3006 1934 3082 quibus
1966 3007 2159 3066 solent
2179 3006 2624 3084 Scripturarum
2653 3025 2848 3065 exem·

1567 3095 1761 3170 plaria
1791 3095 2115 3171 depravari.

287 2676 441 2749 ¹)Cf.
495 2678 631 2748 ejus
681 2676 861 2730 vitam
913 2677 1184 2750 scriptam
1234 2694 1269 2730 a
1321 2677 1512 2732 Luca

218 2749 458 2803 diacono
505 2747 851 2818 legionensi,
890 2753 1088 2818 postea
1127 2749 1356 2803 tudensi
1395 2749 1512 2819 epi·

220 2838 386 2891 scopo
435 2823 777 2892 (1239-49)
841 2821 1205 2888 praemissam
1258 2820 1511 2890 ejusdem

222 2890 821 3017 ‘Reniffldffiissfi
869 2890 1342 3034 &greg-1247,
1388 2891 1513 3020 {¹³⁰6

229 3051 276 3088 n.
303 3039 400 3090 107
429 3052 504 3087 ss.

295 3109 332 3162 ²}
360 3105 442 3159 Cf.
471 3104 781 3160 Fabricius
808 3104 877 3168 V,
904 3109 1007 3162 262
1036 3123 1104 3159 ss-

894 3392 1043 3493 ΙΙΙ.
1107 3393 1521 3491 Historia
1584 3391 2227 3491 ecclesiastica.

322 3640 455 3693 130.
503 3632 697 3690 Plura
747 3627 1135 3705 reperiuntur
1179 3647 1301 3704 -pro
1350 3648 1512 3688 more
1573 3637 1875 3692 219—87
1924 3647 2067 3687 cura
2110 3628 2180 3687 Η.
2226 3627 2690 3703 Holder·Egger‚
2742 3627 2848 3703 qui

237 3718 499 3777 chronica
562 3720 731 3778 edita
793 3720 974 3794 atque
1035 3717 1272 3776 inedita.
1336 3718 1513 3776 Hisce
1569 3721 1869 3776 auctorem
1901 3717 2074 3776 valde
2093 3717 2312 3776 laudat.
2330 3716 2692 3774 —Multum
2712 3716 2847 3773 vul-

241 3809 664 3881 praetermissis
698 3806 865 3884 typis
895 3806 1120 3882 prodiit
1150 3807 1513 3884 chronoloqia
1569 3809 1773 3883 gatum
1795 3810 1856 3865 et
1868 3825 1986 3865 usu
2000 3806 2334 3864 adhibitum
2351 3805 2472 3864 fuit
2491 3804 2845 3874 Gilberti,

240 3895 305 3954 ab
319 3915 366 3954 o.
381 3915 426 3955 c.
442 3896 737 3974 usquead
769 3905 926 3959 1211
958 3896 1010 3952 b.
1032 3896 1354 3955 Roberti
1388 3897 1511 3953 An·
1570 3895 1956 3970 probabiliter
1983 3894 2249 3966 Romani,
2283 3896 2588 3953 chronicon
2609 3895 2846 3970 pontifi-

244 3984 682 4054 tissiodorensis,
705 3985 1056 4061 cognomine
1089 3985 1510 4053 Malchotii,
1569 4002 1700 4042 cum
1732 3987 1793 4042 et
1824 3985 2247 4059 imperatorum
2261 4001 2637 4042 romanorum
2655 4001 2847 4059 usque

245 4071 582 4134 O.Praem.et
596 4073 815 4149 prioris
834 4073 1174 4132 monasterii
1188 4091 1233 4132 s.
1247 4073 1511 4143 Mariani,
1570 4072 1642 4130 ad
1707 4073 2036 4132 Honorium
2082 4073 2184 4131 111.
2232 4075 2293 4131 et
2338 4072 2703 4131 Fridericum
2752 4072 2844 4141 1Ι.,

250 4156 301 4239 (ῒ
339 4159 538 4245 1212),
576 4164 695 4222 viri
727 4162 964 4240 egregie
994 4163 1217 4221 literati
1248 4180 1357 4221 nec
1387 4163 1513 4221 sine
1569 4163 1728 4237 quod
1760 4162 2018 4238 reperies
2050 4162 2114 4219 in
2146 4162 2271 4220 MG.
2303 4160 2504 4230 XXIV,
2545 4170 2836 4224 117—41

239 4249 447 4322 judicio
506 4253 738 4321 critico,
804 4270 980 4326 quam
1044 4247 1318 4333 Hug01)
1382 4254 1513 4327 ejus
1570 4251 1700 4309 coll.
1749 4251 1929 4320 XXII,
1995 4260 2320 4318 359-66,
2383 4250 2492 4307 ubi
2551 4249 2850 4324 reperitur

251 4339 447 4399 sodalis
464 4339 522 4423 (†
545 4355 570 4405 1
589 4337 746 4421 228)
780 4340 1153 4399 continuavit
1163 4340 1236 4398 ad
1252 4360 1300 4398 a.
1328 4349 1399 4402 12
1413 4350 1510 4409 23,
1570 4340 1919 4416 ampliatum
1941 4358 2074 4398 cum
2097 4340 2360 4415 quinque
2381 4337 2846 4398 continuationi-

252 4426 473 4489 Parisiis
513 4429 952 4501 16083'1'recis
991 4439 1157 4494 1608
1181 4429 1242 4488 in
1267 4440 1337 4500 4;
1371 4448 1514 4488 cura
1568 4429 1682 4487 bus
1714 4430 1787 4487 ad
1821 4450 1869 4487 a.
1910 4438 2095 4492 1291.
2143 4462 2227 4473 -
2279 4427 2657 4487 Nicolaus
2690 4430 2846 4484 Am-

252 4513 362 4574 Nic.
390 4518 687 4578 Camusati
717 4518 797 4577 ib.
839 4528 1033 4588 1668ς
1066 4519 1129 4576 in
1160 4518 1286 4576 ΜΕ.
1308 4518 1511 4588 XXVI,
1569 4517 1977 4577 bianensis
2021 4537 2078 4575 n.
2121 4527 2280 4580 1147
2331 4516 2649 4575 canonicus
2681 4517 2845 4574 chro-

1569 4609 1740 4665 m’con
1770 4607 1830 4665 11.
1863 4607 2000 4665 VIII
2032 4606 2105 4664 ab
2138 4605 2368 4683 origine
2401 4624 2476 4662 m.
2511 4604 2583 4665 ad
2604 4625 2651 4663 a.
2677 4614 2842 4668 1203

329 4743 358 4809 ¹)
377 4742 418 4795 P
495 4743 581 4798 ,ω
632 4744 695 4798 in
749 4758 855 4796 sua
905 4741 1113 4797 critica
1156 4742 1388 4796 Baronfi
1440 4742 1509 4795 ad
1570 4695 1690 4754 fere
1735 4716 1806 4756 ex
1855 4696 1989 4754 aliis
2034 4695 2212 4754 verbo
2260 4697 2438 4752 tenus
2485 4692 2844 4770 compilavit,

261 4759 543 4871 &11787'8112
572 4819 659 4872 15.
701 4829 850 4884 opus
892 4812 1077 4883 imum
1119 4813 1354 4884 Hugoni
1394 4813 1514 4867 vin,
1570 4786 1741 4861 cujus
1774 4788 2050 4860 excerpta
2082 4783 2363 4842 exhibent
2381 4784 2507 4841 ΜΘ.
2528 4781 2625 4852 VI,
2650 4790 2775 4881 413
2800 4799 2844 4839 a.

262 4878 408 4935 dicat.
454 4884 533 4943 cf.
560 4885 839 4942 Potthast
863 4903 920 4954 p.
942 4889 1057 4941 976.
1087 4929 1090 4932 .
1539 4873 1657 4951 Ι--
1707 4874 1935 4933 Ibidem
1996 4873 2199 4942 XXVI,
2268 4881 2568 4935 216-18
2620 4876 2850 4946 pariter

2456 4971 2523 5026 8*
