3475 5364
675 367 797 419 563
1056 353 1426 406 1326-1350.
1454 349 1506 402 S.
1535 349 1845 418 Scriptura,
1874 348 1977 403 Th.
2008 348 2259 416 Walleis,
2290 347 2450 405 Rich.
2476 348 2546 402 de
2574 348 2906 417 Hampoole‚
3200 363 3331 416 5434

765 543 906 597 291.
942 533 1237 593 Thomas
1272 529 1950 616 Walleis(Vallensis,
2008 533 2207 611 quisse
2253 531 2551 603 scribitur,
2598 535 2671 593 ut
2718 533 2779 592 in
2811 531 3329 594 Ecclesiaste-ns).

673 623 1003 693 Gualensis,
1039 619 1352 704 Anglicus)
1389 624 1480 682 vir
1500 624 1618 683 fuit
1636 623 1780 683 dum
1802 624 1955 683 vixit
2008 626 2303 684 canticum
2372 618 2818 704 canticorum),
2886 622 2951 681 in
3015 621 3143 682 XII
3188 639 3331 699 pro·

670 713 909 788 pietate,
961 713 1294 772 eruditione
1345 732 1507 772 sacra
1566 716 1627 772 et
1688 713 1951 788 profana,
2008 715 2221 790 phetas
2252 714 2532 784 minoreS,
2566 709 2955 783 Matthaeum,
2991 731 3087 788 ep.
3114 710 3203 770 ad
3224 712 3330 769 he-

669 801 807 860 fidei
857 799 1089 860 ardenti
1141 802 1342 861 studio
1395 814 1455 861 et
1502 798 1725 860 invicta
1769 802 1952 860 animi
2007 805 2233 874 bracos,
2280 804 2346 862 in
2380 814 2415 866 4
2453 803 2514 862 11.
2564 803 3004 860 sententiarum
3066 800 3330 876 aliaque

670 891 1381 967 constantiaconspicuus.
1400 889 1605 952 Sacrae
1620 890 1953 968 theologiae
2008 911 2183 969 opera
2234 887 2529 974 (inedita).
2580 925 2667 935 -—
2717 891 2925 950 Rollus
2992 891 3081 949 Bi
3102 909 3137 948 c
3157 888 3327 949 har-

669 980 955 1057 magister
1032 979 1286 1040 Oxoniae
1363 982 1748 1040 renunciatus
1827 999 1952 1040 aca-
2007 981 2147 1041 dus
2199 982 2271 1040 de
2322 980 2741 1057 Hampoole
2791 979 3234 1054 EboracensiS,
3286 1001 3326 1036 s.

669 1068 921 1127 demiam
953 1069 1118 1128 illam
1151 1070 1275 1130 suis
1309 1070 1666 1129 lectionibus
1684 1070 1951 1129 illustra·
2006 1071 2338 1148 theologiae
2371 1070 2593 1140 doctor,
2627 1068 2734 1144 qui
2765 1089 2951 1145 prope
3002 1072 3325 1128 monaste·

670 1155 775 1227 vit,
808 1161 941 1216 tum
975 1163 1036 1219 et
1066 1159 1137 1217 ad
1174 1157 1370 1218 aulam
1405 1157 1766 1235 pontificum,
1802 1177 1953 1234 quae
2006 1160 2161 1219 iium
2175 1157 2715 1219 sanctimonialium
2730 1156 3132 1233 hampolense
3152 1155 3325 1224 (hinc

669 1246 970 1306 Avenione
1048 1249 1407 1318 morabatur,
1488 1267 1550 1307 se
1629 1247 1950 1318 conferens,
2008 1251 2137 1325 ejus
2203 1262 2546 1327 cognomen,
2596 1251 2873 1323 corrupte
2920 1243 3099 1306 Pam
3120 1248 3321 1324 poli·

668 1340 933 1411 tempore
968 1335 1220 1396 Joannis
1240 1335 1416 1397 XXII.
1451 1335 1750 1414 intrepide
1780 1338 1955 1395 stetit
2007 1333 2265 1420 tanus)
2319 1340 2501 1398 vitam
2551 1337 2915 1396 eremiticam
2962 1336 3323 1410 virtutibus

670 1439 775 1500 pro
826 1426 1123 1484 sententia
1169 1434 1505 1486 sanctorum
1558 1429 1785 1486 animas
1826 1427 1951 1502 jam
2009 1427 2302 1488 illustrem
2334 1427 2460 1505 egit
2492 1425 2948 1501 sanctitatisque
2996 1425 3171 1484 fama
3219 1426 3319 1484 de·

667 1517 806 1572 ante
867 1517 1362 1576 resurrectionem
1423 1515 1610 1575 Deum
1670 1515 1953 1575 intuitive
2007 1518 2188 1576 cessit
2226 1525 2410 1580 1349.
2476 1515 2650 1576 Ossi
2670 1527 2856 1592 nger
2889 1513 3075 1574 illum
3112 1510 3319 1574 ordini

669 1601 887 1673 videre,
936 1602 1032 1663 cui
1082 1606 1346 1679 pontifex
1380 1603 1676 1665 adversari
1709 1603 1948 1664 videba-
2007 1626 2049 1665 s.
2083 1605 2409 1683 Augustini
2441 1604 2709 1664 accenset
2754 1602 2885 1662 aliis
2919 1604 3317 1663 reclamanti·

668 1697 799 1750 tur:
846 1697 907 1751 et
949 1709 1157 1753 revera
1205 1695 1483 1754 concione
1520 1705 1573 1759 3.
1607 1695 1741 1753 Jan.
1785 1700 1949 1758 1333

668 1781 740 1840 de
762 1782 870 1840 hoc
897 1788 1248 1859 argumento
1267 1784 1471 1842 habita
1484 1783 1531 1864 ¹)
1566 1782 1630 1845 in
1662 1801 1950 1842 carcerem

670 1868 785 1929 suit
817 1873 1134 1947 conjectus,
1183 1874 1286 1932 sed
1331 1873 1529 1950 paullo
1575 1878 1712 1949 post
1743 1871 1809 1931 in
1840 1874 1948 1930 mi·

666 1960 879 2018 tiorem
909 1962 1259 2020 translatus,
1296 1958 1460 2021 Vixit
1478 1959 1671 2021 adhuc
1691 1981 1741 2021 a.
1769 1968 1949 2025 1349.

667 2048 809 2125 Ejus
841 2067 1020 2125 opera
1049 2043 1348 2126 exegetica
1390 2051 1451 2110 in
1488 2051 1752 2122 Genesin,
1785 2050 1950 2108 Jere-

672 2139 866 2214 miam,
914 2137 1191 2215 Thren03,
1243 2140 1559 2211 Danielem,
1613 2141 1668 2204 ll.
1705 2139 1948 2200 Macha-

668 2228 940 2285 baem-um
966 2229 1142 2303 juxta
1175 2227 1473 2288 Sixtum
1519 2249 1825 2288 senensem
1860 2230 1949 2286 in·

667 2321 760 2374 ter
777 2331 958 2391 opera
978 2316 1230 2395 angelici
1253 2315 1509 2378 doctoris
1531 2319 1769 2395 saepius
1785 2317 1951 2377 fuere

665 2406 983 2480 impressa3
1048 2426 1168 2481 qua
1228 2407 1301 2466 de
1350 2425 1414 2466 re
1462 2411 1663 2467 tamen
1713 2405 1952 2466 dubitat

668 2492 883 2562 Quetif.
919 2495 1187 2554 Postillae
1219 2500 1279 2554 in
1300 2498 1445 2556 duos
1463 2503 1774 2556 nocturnos
1785 2494 1948 2572 psal·

668 2600 910 2660 morum,
928 2603 1077 2657 quae
1091 2585 1443 2660 prodierunt
1453 2587 1566 2644 sub
1575 2585 1952 2645 nomineTho-

665 2691 794 2730 mae
835 2671 874 2731 J
891 2689 924 2733 o
941 2694 1058 2733 rze
1094 2669 1353 2734 venetiis
1382 2687 1490 2738 161
1515 2688 1567 2745 1,
1591 2675 1664 2734 ab
1685 2674 1817 2735 aliis
1836 2674 1950 2750 ipsi

667 2765 1034 2821 asseruntur.
1069 2758 1140 2821 In
1170 2764 1353 2822 decem
1377 2766 1598 2844 primos
1620 2762 1677 2824 ll.
1700 2784 1728 2822 e
1754 2763 1954 2823 XXII

665 2851 734 2908 de
778 2853 1008 2911 civitate
1043 2852 1153 2911 Dei
1196 2873 1239 2911 s,
1282 2854 1604 2932 Anqustini
1649 2851 1945 2929 expositiO,

667 2939 1007 3016 Moguntiae
1032 2946 1226 3012 1473;
1252 2941 1531 3019 Friburgi
1561 2951 1754 3013 14943
1787 2942 1946 3019 Lug-

665 3028 813 3086 duni
871 3037 1049 3092 1520.
1113 3031 1295 3089 Plura
1344 3032 1764 3090 commentaria
1811 3028 1947 3089 reli-

748 3204 781 3261 'l
810 3198 891 3253 Cf.
920 3198 1042 3267 ejus
1072 3201 1458 3269 fragmentum
1499 3201 1655 3271 apud
1687 3200 1886 3265 Quetif
1910 3203 1948 3265 Ι,

666 3276 789 3327 ι’)99.
839 3270 946 3325 Sed
992 3290 1136 3333 ..non
1184 3276 1419 3341 propter
1462 3273 1585 3337 hoc,
1633 3274 1698 3326 ut
1740 3276 1766 3328 J
1790 3289 1948 3326 oan-

667 3358 790 3394 nes
839 3342 1008 3396 xxu.
1061 3343 1282 3398 iteratis
1334 3343 1556 3398 vicibus
1619 3343 1951 3399 solemniter

665 3415 925 3476 testatur,
955 3416 1021 3468 ut
1044 3415 1104 3468 in
1132 3432 1219 3483 ep.
1248 3418 1333 3471 18.
1363 3414 1507 3470 Nov,
1538 3420 1676 3471 1333
1718 3414 1790 3467 ad
1820 3413 1949 3469 Phi-

666 3483 892 3555 lippum
934 3484 1045 3547 VI„
1086 3486 1240 3554 quod
1283 3487 1352 3539 de
1394 3487 1695 3541 animabus
1732 3490 1948 3541 sancto·

665 3574 789 3610 rum
841 3554 1069 3621 diceret,
1122 3556 1276 3626 quod
1326 3562 1460 3611 ante
1500 3557 1947 3627 resumptionem

664 3643 963 3697 corporum
993 3629 1266 3683 videbant
1305 3630 1446 3684 facie
1474 3629 1547 3683 ad
1574 3629 1776 3682 faciem
1806 3628 1948 3682 divi·

665 3716 797 3752 nam
824 3702 1144 3764 essentiam,
1174 3702 1362 3754 fuerat
1387 3702 1653 3755 detentus
1693 3717 1727 3753 a
1753 3718 1949 3769 supra·

664 3769 832 3824 dictis
859 3771 1310 3840 inquisitoribus,
1353 3773 1448 3826 sed
1496 3768 1633 3839 quia
1658 3767 1719 3825 in
1750 3772 1945 3826 eodem

665 3858 915 3897 sermone
933 3845 1100 3913 plura
1117 3843 1442 3912 praedicare
1471 3845 1947 3913 praesumpserat,

665 3931 811 3981 quae
856 3932 957 3983 per
1001 3916 1192 3984 plures
1236 3916 1534 3983 magistros
1569 3915 1629 3968 in
1657 3914 1947 3985 theologia

664 3985 1079 4052 suntjudicata
1106 3986 1184 4038 sic
1213 4003 1460 4047 erronea,
1490 3986 1645 4054 quod
1685 4002 1753 4039 ea
1778 3986 1947 4056 perti·

665 4056 877 4109 uaciter
916 4075 1167 4111 asserens
1213 4058 1531 4112 haereticus
1576 4062 1661 4110 est
1722 4074 1948 4112 censen-

663 4126 768 4180 dus
797 4170 809 4181 .
839 4171 851 4182 .
880 4171 891 4182 .
921 4124 1037 4181 Nec
1065 4128 1152 4181 his
1180 4133 1496 4191 contentus,
1516 4129 1652 4181 dum
1671 4128 1947 4183 detinere-

665 4204 757 4251 tur
784 4216 818 4252 a
843 4199 1012 4253 dictis
1052 4199 1505 4268 inquisitoribus,
1553 4200 1840 4268 quendam
1885 4200 1947 4254 li-

663 4270 875 4324 bellum
889 4271 1223 4341 composuit.
1251 4272 1310 4324 in
1340 4289 1453 4338 quo
1477 4271 1630 4325 ultra
1656 4276 1724 4327 16
1753 4271 1948 4326 dicun-

2009 1696 2134 1755 hus.
2167 1694 2415 1753 Frustra
2446 1711 2584 1754 vero
2606 1694 2962 1769 posteriores
2982 1689 3315 1752 Lollardae

2007 1784 2136 1861 ejus
2169 1784 2523 1843 auctoritate
2543 1783 2963 1851 abutebantur,
3002 1782 3132 1841 fuit
3151 1782 3312 1840 enim

2007 1875 2136 1934 vita
2195 1882 2257 1931 et
2306 1873 2578 1932 doctrina
2638 1870 2820 1947 probe
2881 1868 3307 1952 catholicus3).

2009 1962 2152 2038 Ejus
2204 1981 2381 2039 opera
2438 1960 2629 2020 edidit
2677 1960 2938 2020 Joannes
2988 1960 3198 2019 Faber
3249 1960 3307 2018 Ο.

2008 2052 2212 2111 Praed.
2264 2051 2534 2110 Coloniae
2593 2057 2755 2114 1536
2809 2049 2873 2107 in
2924 2049 2980 2118 f.‚
3039 2067 3304 2125 quorum

2007 2142 2238 2217 potiora
2253 2143 2426 2199 sunt:
2462 2139 2549 2199 De
2573 2139 2963 2197 emendatione
2966 2141 3308 2214 peccatoris

2006 2233 2067 2289 et
2086 2227 2158 2288 de
2178 2230 2386 2306 regula
2406 2224 2665 2297 vivendi,
2689 2227 2929 2287 Parisiis
2958 2240 2979 2291 1
2999 2238 3036 2291 5
3058 2240 3135 2292 10
3155 2229 3223 2287 in
3241 2238 3301 2290 4:

2006 2319 2277 2379 Coloniae
2310 2324 2506 2389 15353
2540 2317 2603 2376 in
2624 2313 2769 2375 bibl.
2792 2312 2901 2375 PP.
2924 2317 3303 2393 lugdunensi

2008 2404 2207 2477 XXVI,
2245 2417 2369 2471 609
2405 2424 2512 2485 ss.;
2561 2407 2792 2484 anglice
2827 2405 3092 2465 Londini
3135 2416 3296 2470 1896

2005 2499 2066 2556 in
2118 2496 2298 2573 Early
2349 2495 2604 2573 English
2652 2496 2800 2554 Text
2849 2493 3096 2572 Society
3150 2495 3297 2562 cv1;

2006 2589 2307 2645 enarratio
2351 2584 2753 2661 compendiosa
2799 2580 2893 2665 (ex
2935 2586 3130 2644 variis
3164 2602 3297 2643 auc·

2002 2675 2237 2736 toribus
2270 2675 2539 2749 collecta)
2584 2676 2647 2733 in
2685 2674 3034 2750 psalterium
3070 2677 3296 2734 uniuer-

2003 2784 2152 2841 sum,
2187 2764 2417 2841 anglice
2448 2781 2686 2822 versum
2730 2763 3057 2839 interprete
3092 2764 3296 2823 Bram-

2003 2856 2119 2932 ley,
2176 2854 2387 2913 Oxonii
2445 2862 2628 2916 1884.
2696 2853 2967 2912 Ceterum
3012 2853 3155 2929 ipse
3202 2854 3292 2911 Ri-

2004 2941 2259 3005 chardus
2292 2943 2642 3018 psalterium
2676 2941 2902 3019 anglice
2934 2943 3145 3013 vertit,
3199 2939 3294 3001 sed

2007 3034 2213 3110 lingua
2262 3031 2416 3090 rudi.
2480 3026 2941 3107 Explanationes
2997 3031 3293 3091 notabiles

2002 3140 2180 3197 super
2211 3122 2471 3180 lectiones
2501 3117 2537 3184 l.
2569 3115 2681 3179 Job
2695 3140 2725 3193 ,·
2755 3120 2979 3179 accedit
3012 3134 3214 3180 sermo
3242 3120 3290 3176 b.

2004 3209 2330 3289 Augustini
2377 3210 2448 3267 de
2499 3209 2908 3269 misericordia
2938 3212 2999 3267 et
3030 3212 3137 3286 pia
3169 3229 3287 3268 ora·

2003 3301 2166 3359 tione
2187 3318 2295 3375 pro
2318 3296 2635 3369 defunctiS,
2671 3298 2920 3358 Parisiis
2950 3299 3207 3363 1510in
3226 3312 3287 3360 4:

2005 3388 2276 3449 Coloniae
2318 3397 2515 3456 1536;
2552 3387 2844 3446 enarratio
2878 3388 3289 3464 compendiosa

2003 3481 2065 3537 in
2097 3479 2327 3537 threnos
2359 3478 2484 3535 sive
2504 3477 2958 3536 lamentationes
2978 3477 3284 3544 Jeremiae,

2002 3567 2249 3627 Parisiis
2316 3574 2513 3636 1542;
2564 3567 2979 3625 commentaria
3044 3562 3110 3625 in
3160 3585 3281 3625 ora—

2004 3658 2225 3716 tionem
2259 3650 2631 3725 dominicam,
2667 3655 3005 3732 symbolum
3053 3659 3281 3731 aposto·

2001 3747 2195 3805 lorum
2228 3749 2289 3804 et
2321 3741 2653 3814 Athanasii,
2687 3744 2750 3802 in
2782 3744 2925 3803 bibl.
2957 3742 3069 3803 PP.
3103 3741 3278 3821 Lugd.

2001 3833 2203 3905 XXVI,
2242 3843 2364 3898 618
2400 3852 2497 3902 sa„
2544 3833 2779 3909 aliaque
2809 3832 3075 3903 ascetica,
3123 3831 3200 3892 ib.
3231 3851 3278 3907 p.

2006 3934 2124 3987 627
2186 3942 2261 3983 ss.
2308 3959 2395 3966 —
2428 3920 2866 3983 Armandus
2914 3923 2987 3982 de
3038 3923 3280 3983 Bello·

2085 4062 2118 4127 ¹)
2170 4059 2231 4111 In
2288 4056 2665 4113 Ecclesiasten
2717 4060 3068 4112 memoratur
3117 4057 3276 4112 etiam

2003 4127 2445 4184 commentarius
2471 4126 2741 4183 Guilelmi
2769 4128 2813 4181 E
2829 4147 2904 4183 nc
2916 4146 2948 4182 o
2963 4148 2999 4182 u
3013 4132 3076 4182 rt
3100 4129 3277 4199 (Dent

2002 4203 2184 4271 court)
2199 4200 2261 4255 O.
2280 4198 2473 4254 Praeti.
2497 4200 2672 4271 Angli
2686 4197 3009 4271 theologiae
3028 4196 3274 4270 magistri

2002 4274 2061 4326 et
2085 4273 2221 4326 clari
2250 4272 2571 4325 divinarum
2617 4272 2914 4325 literarum
2959 4269 3274 4341 interpretis

664 4346 757 4395 tur
794 4342 1053 4396 haereses
1094 4341 1415 4397 continere⁶⁶
1466 4347 1569 4396 etc.
1621 4340 1842 4397 Denifie
1885 4342 1948 4397 in
2004 4343 2405 4413 cantabrigiae
2432 4342 2506 4415 (fl.
2532 4360 2582 4396 a.
2611 4346 2790 4415 1340).

663 4413 914 4467 Chartul.
944 4415 1110 4483 paris.
1133 4415 1198 4477 11,
1217 4419 1265 4478 1,
1282 4419 1404 4471 428.
1435 4414 1505 4468 Et
1520 4431 1715 4469 revera
1732 4413 1945 4468 ibidem

2076 4420 2117 4486 ²)
2147 4415 2209 4467 In
2249 4416 2357 4469 hoc
2398 4414 2685 4469 canticum
2725 4415 3076 4484 scripserunt
3113 4412 3270 4467 etiam

661 4485 906 4553 reperies
950 4488 1165 4554 septem
1211 4490 1315 4539 art.
1361 4503 1422 4540 ex
1466 4502 1529 4540 eo
1573 4502 1828 4539 sermone
1857 4486 1943 4540 de·
2002 4486 2368 4540 Henricus
2409 4485 2479 4540 de
2524 4486 2802 4553 Aquila
2845 4484 2909 4541 O.
2951 4485 3130 4541 Carm.
3158 4484 3273 4536 Ger-

662 4558 919 4626 sumptos
947 4576 1002 4626 p.
1027 4562 1151 4620 421,
1180 4574 1321 4626 quos
1359 4557 1616 4681 magistri
1643 4557 1704 4611 in
1732 4557 1945 4612 theolo-
2001 4575 2223 4619 manus,
2252 4558 2449 4612 doctor
2476 4556 2803 4629 parisiensis
2832 4562 2879 4627 (†
2908 4562 3082 4619 1345),
3122 4555 3269 4623 cujus

659 4627 755 4697 gia
781 4629 842 4683 in
869 4627 1025 4683 curia
1052 4628 1380 4683 exsistentes

660 4715 928 4753 censurae
956 4701 1338 4770 subjecerunt.

1516 4647 1540 4683 s
1567 4629 1759 4682 minus
1784 4630 1947 4698 gravi
2003 4633 2141 4683 sunt
2183 4633 2240 4681 et
2283 4628 2617 4697 quodlibeta
2663 4631 2794 4684 etc:
2845 4628 2877 4681 J
2897 4646 2928 4682 o
2946 4645 3084 4682 ann
3102 4644 3170 4680 es
3209 4622 3269 4703 de

1433 4700 1470 4753 f.
1498 4701 1566 4755 de
1593 4701 1702 4754 hac
1729 4704 1948 4755 contro·
2002 4701 2038 4754 S
2057 4720 2092 4753 u
2114 4701 2204 4754 lm
2223 4718 2254 4755 0
2274 4719 2308 4752 n
2328 4718 2357 4754 e
2385 4700 2447 4759 Ο.
2475 4700 2527 4754 S.
2557 4704 2705 4768 Aug.
2740 4700 3156 4769 neapolitanus,
3182 4712 3268 4765 qul

661 4773 840 4825 versia
891 4771 1095 4826 acriter
1159 4776 1282 4826 tum
1334 4772 1550 4841 agitata
1603 4772 1947 4826 documenta
2003 4774 2061 4827 et
2102 4769 2163 4825 in
2209 4770 2593 4842 Apocalypsin
2645 4772 2971 4842 composuit
3014 4784 3265 4827 commen-

659 4844 991 4898 authentica
1055 4844 1129 4898 ib.
1179 4848 1284 4900 414
1327 4862 1424 4898 ss.:
1490 4843 1634 4898 Zeck
1686 4842 1798 4898 KL.
1852 4844 1946 4910 XI,
2004 4843 2231 4897 tarium.

663 4922 680 4969 1
698 4920 800 4970 625
828 4934 868 4968 s.

1969 4956 1976 4976 .
2077 4919 2117 4986 Β)
2146 4914 2228 4969 Cf.
2256 4915 2290 4967 z
2310 4915 2438 4968 θοις
2465 4913 2603 4967 KL2.
2634 4913 2887 4973 x‚1·243.
