3475 5364
243 410 338 463 24
363 413 384 462 ι
663 395 1072 466 Hagiographi.
1099 394 1280 459 Alex„
1306 394 1483 450 Galfr.
1511 393 1768 459 Rufinus,
1797 394 2054 459 Guibert,
2085 394 2405 447 Gastinaldi
2432 397 2533 448 etc.

2778 412 2900 464 242

241 578 513 661 (Reuil)
531 581 597 640 Ο.
610 580 1334 640 Οἰείι.ὀοηαίωιενὶί;υἰίαηι
1348 600 1393 640 s.
1407 579 1566 638 Petri
1628 582 1718 639 vit
1770 578 1859 661 (in
1909 580 2109 639 Revue
2159 580 2261 639 des
2305 599 2400 656 qq.
2453 580 2657 638 histor.
2707 580 2904 647 XLVI,

237 667 635 747 (Honoculi)
653 670 744 728 ab.
762 670 1231 728 claraevallensis
1267 666 1329 751 (†
1350 682 1373 733 1
1396 666 1564 747 186),
1628 680 1841 732 5—90
1864 672 1925 728 et
1940 670 2110 727 Aral.
2126 670 2403 737 boll.VII,
2425 678 2610 739 1888,
2635 678 2827 731 2654
2842 666 2905 749 0)

239 758 482 835 ligne
499 759 687 825 CCIX,
715 767 878 822 1007
891 767 1092 828 -363
1125 759 1266 817 etin
1281 758 1446 817 Actis
1468 759 1566 816 SS.
1625 759 1835 818 mortis
1869 758 2024 817 diem
2072 758 2334 835 ignorari
2381 758 2619 817 fatetur.
2683 758 2828 816 Cum
2861 777 2905 817 s.

243 855 366 909 29.
412 848 546 905 Oct.
579 848 740 915 XIII,
797 857 1072 910 68-84,
1123 882 1208 892 —
1242 847 1565 906 Alexan·
1626 848 2002 924 Hildegarde,
2039 847 2195 923 apud
2231 865 2413 923 quam
2444 846 2551 905 diu
2580 865 2905 906 commora-

241 936 407 994 der
474 937 644 1012 prior
705 937 1054 995 monasterii
1103 936 1569 1013 gemmiticensis
1625 940 1725 994 tus
1760 940 1869 1004 est,
1904 936 2319 995 commercium
2343 935 2554 995 habuit
2571 936 2905 1012 epistolare.

242 1022 320 1104 (J
326 1026 622 1101 umieges
658 1025 945 1085 dioecesis
965 1026 1393 1102 rotomagensis
1413 1025 1567 1083 OSB.
1626 1026 1822 1100 Ipsius
1857 1026 1931 1083 ad
1970 1043 2105 1083 eum
2140 1026 2412 1099 epistolas
2426 1025 2608 1083 habes
2627 1025 2689 1082 in
2711 1024 2908 1103 Migne

245 1120 370 1185 (11
395 1110 531 1193 80),
571 1114 713 1172 dein
746 1134 796 1172 a.
836 1124 1001 1179 1198
1055 1114 1237 1173 abbas
1273 1111 1334 1185 (1·
1375 1110 1568 1193 1213)
1624 1118 1668 1171 t.
1701 1114 1967 1184 CXCVII,
2004 1114 2148 1172 alias
2179 1115 2256 1173 ib.
2286 1113 2468 1181 CCXI,
2511 1123 2905 1184 1287-13123

246 1203 328 1261 in
366 1205 414 1260 l.
445 1204 870 1261 miraculorum
902 1221 975 1261 ss.
997 1203 1168 1262 Pauli
1187 1223 1296 1279 ap„
1332 1202 1487 1261 Clari
1511 1206 1572 1261 et
1626 1204 1828 1278 plures
1875 1208 2146 1262 recenter
2188 1202 2379 1262 editas
2426 1203 2490 1260 in
2536 1202 2707 1261 catal.
2743 1204 2905 1262 codd.

245 1292 505 1367 Cyn-iaci
541 1293 757 1349 horum
802 1292 1194 1367 reliquiarum
1245 1294 1447 1350 narrat
1479 1292 1567 1348 in·
1627 1292 1889 1369 hagiogr.
1939 1292 2083 1350 bibl.
2133 1312 2180 1349 r.
2231 1291 2479 1349 bruxell.
2520 1311 2575 1366 p.
2623 1292 2667 1349 Ι.
2699 1295 2741 1349 t.
2776 1295 2818 1350 Ι.
2851 1312 2905 1368 p.

246 1383 625 1439 vetitionem
653 1378 882 1459 (1185)
916 1386 979 1440 et
997 1381 1296 1447 miracula,
1333 1399 1482 1454 quae
1502 1398 1571 1438 ea
1628 1381 2306 1449 484-58‘2‚Bruxellis
2330 1390 2510 1443 1886.
2538 1380 2723 1439 Vitas.
2739 1378 2905 1440 Mur-

247 1470 588 1528 occasione
620 1471 1009 1544 contigerunt
1029 1488 1301 1545 quaeque
1332 1487 1567 1544 accepe-
1627 1472 1739 1528 tini
1768 1470 2059 1546 rythmica
2092 1488 2279 1544 usque
2300 1469 2374 1527 ad
2393 1469 2659 1528 taedium
2681 1470 2908 1545 prolixa

250 1563 368 1615 rat
403 1578 440 1616 a
468 1558 737 1617 testibus
785 1559 897 1616 fide
945 1558 1140 1634 dignis
1188 1558 1282 1616 vel
1313 1577 1570 1632 quorum
1625 1559 1887 1617 nondum
1920 1559 2155 1633 integra
2186 1558 2436 1634 prodiit:
2472 1564 2780 1633 segmenta
2808 1579 2907 1617 ex-

253 1647 405 1721 ipse
456 1648 656 1705 fuerat
702 1648 896 1711 testis,
948 1648 1012 1705 in
1055 1648 1224 1705 Anal.
1272 1646 1412 1704 boll.
1458 1647 1569 1704 XII
1625 1646 2905 1715 hibetPitrainAnal.sacrisVIII,564-591,

257 1732 535 1813 (1893),
577 1745 945 1799 389--408,
983 1736 1230 1794 Disserit
1248 1754 1486 1811 quoque
1505 1735 1569 1792 in
1625 1737 1730 1811 qui
1782 1737 1986 1794 eodem
2037 1740 2079 1794 t.
2113 1736 2314 1812 plures
2360 1736 2626 1810 ejusdem
2672 1736 2909 1795 exhibet

255 1844 366 1900 ep.
404 1826 638 1902 (Migne
670 1826 824 1893 CCV,
864 1822 1237 1893 919-922)
1271 1826 1341 1882 de
1371 1826 1568 1899 appel·
1624 1826 1927 1900 epistolas.
1978 1826 2226 1900 Scripsit
2267 1828 2575 1900 praeterea
2621 1825 2907 1900 prolixam

257 1915 498 1972 latione
549 1915 692 1972 Filii
738 1915 1004 1971 hominis.
1064 1947 1152 1956 --
1214 1913 1569 1971 Galfrido
1624 1916 1692 1972 de
1722 1933 1770 1977 s.
1806 1915 2065 1973 Mar-tino
2097 1934 2204 1989 ορ..
2250 1916 2421 1989 cujus
2455 1933 2594 1988 pars
2627 1915 2787 1989 prior
2817 1918 2909 1972 est

257 2002 666 2061 dunelmensi
698 2002 982 2062 monacho
1017 1998 1242 2083 (1210)
1288 2001 1570 2060 debemus
1626 2004 1921 2078 specimen
1953 2004 2233 2061 historiae
2266 2004 2564 2060 litei-ariae
2596 2003 2668 2059 de
2690 2021 2734 2061 s.
2754 2005 2906 2061 Mar-

263 2096 459 2149 vitam
490 2110 538 2151 s.
571 2092 1006 2150 Bartholomaei
1054 2091 1327 2149 monachi
1360 2094 1421 2149 et
1453 2090 1567 2148 far·
1624 2093 1767 2150 tino.
1834 2092 1976 2150 Eam
2041 2092 2340 2168 integram
2401 2093 2660 2166 primum
2722 2092 2907 2150 edidit

263 2181 482 2239 nensis
516 2182 904 2239 anachoretae
928 2177 990 2259 (†
1019 2176 1228 2259 1193),
1251 2199 1401 2255 quae
1419 2178 1570 2237 forte
1626 2181 1922 2256 Delehaye
1981 2198 2112 2239 cum
2174 2181 2410 2256 praevio
2456 2181 2907 2250 commentario;

265 2270 484 2328 eadem
537 2273 628 2327 est
676 2288 812 2327 cum
861 2269 980 2337 illa,
1032 2287 1183 2344 quae
1215 2268 1569 2343 incomplete
1626 2271 1815 2345 partis
1850 2270 2098 2328 alterius
2131 2270 2429 2344 epitomen
2476 2273 2714 2327 tantum
2747 2270 2906 2327 exhi-

265 2359 442 2417 edita
473 2359 773 2433 reperitur
804 2358 868 2415 in
897 2357 1044 2416 actis
1066 2356 1161 2418 SS.
1188 2368 1286 2419 24.
1307 2357 1348 2414 J
1351 2376 1449 2416 un.
1470 2355 1567 2425 IV,
1627 2361 1747 2425 bet,
1782 2360 1924 2434 quia
1956 2361 2167 2417 auctor
2181 2358 2411 2416 nonnisi
2432 2358 2582 2415 trita
2614 2359 2832 2434 repetit
2850 2363 2910 2416 et

275 2456 583 2510 833—41
613 2468 628 2517 ;
679 2448 743 2503 in
776 2447 898 2504 The
930 2446 1233 2504 historical
1268 2446 1478 2504 Works
1513 2446 1578 2505 of
1628 2448 1808 2524 longa
1839 2448 2013 2506 affert
2043 2466 2074 2505 e
2107 2447 2270 2521 Sulp.
2307 2447 2522 2505 Severo
2553 2451 2828 2522 excerpta
2846 2447 2909 2505 in

271 2537 524 2595 Simeon
597 2534 664 2595 of
719 2536 1000 2601 Durham,
1077 2535 1333 2593 Londini
1405 2544 1565 2598 1882
1629 2538 1800 2594 Anal.
1865 2536 2000 2595 boll.
2067 2535 2173 2594 VII
2227 2532 2473 2617 (1888).
2541 2545 2906 2598 265-302.

272 2624 551 2702 Append.
581 2622 741 2704 (Rer.
766 2624 905 2682 brit.
923 2624 1101 2682 medii
1118 2622 1569 2704 aeviSS.n.75).
1631 2626 1847 2685 Pitra
1889 2625 1954 2685 in
2002 2625 2126 2684 suis
2158 2625 2329 2682 Anal.
2364 2623 2520 2692 V111,
2560 2633 2905 2688 582—600

272 2748 364 2759 —-
400 2716 508 2773 Ru
528 2715 636 2773 fin
655 2732 742 2772 us
774 2713 1092 2772 canonicus
1121 2714 1400 2772 ecclesiae
1422 2714 1569 2772 duo·
1630 2716 1748 2773 alia
1793 2715 1911 2774 duo
1943 2715 2129 2772 edidit
2162 2715 2433 2773 Guiberti
2464 2716 2533 2772 de
2564 2715 2834 2772 laudibus
2864 2734 2908 2776 s.

274 2804 471 2862 decim
504 2803 918 2879 apostolorum
957 2803 1340 2878 placentinae,
1376 2803 1479 2877 qui
1512 2820 1572 2860 se

272 2894 644 2969 magistrum
692 2893 971 2967 appellat,
1018 2911 1066 2949 a.
1119 2900 1278 2954 1212
1335 2891 1574 2967 scripsit

275 2983 468 3040 latine
499 2984 684 3040 vitam
698 2999 744 3042 s.
763 2980 1100 3057 Raymundi
1114 2979 1405 3038 Palmaria·
1424 2981 1571 3053 conf.

277 3069 340 3150 (1
389 3069 604 3149 12110),
639 3089 818 3144 quam
851 3088 971 3128 non
993 3088 1027 3127 a
1046 3088 1227 3127 manu
1255 3069 1572 3145 primaeva,

274 3159 382 3217 sed
415 3179 487 3217 ex
534 3159 810 3217 versione
857 3158 1054 3216 italica
1100 3178 1147 3215 a.
1191 3167 1352 3221 1525
1389 3158 1454 3216 in
1486 3158 1571 3215 la-

274 3249 477 3306 tinum
499 3266 832 3306 sermonem
861 3248 1080 3305 iterum
1114 3264 1453 3305 conversam
1475 3266 1573 3304 ex-

275 3337 495 3395 hibent
527 3339 679 3395 Acta
711 3336 809 3395 SS.
846 3345 946 3398 28.
980 3334 1101 3393 Jul.
1130 3336 1229 3404 VI,
1254 3345 1571 3398 645—57.

276 3459 370 3470 —-
444 3426 485 3483 J
508 3445 542 3485 o
562 3446 598 3483 a
616 3445 657 3483 n
679 3426 809 3483 nis
888 3425 1149 3483 canonici
1222 3424 1572 3483 urbevetani

282 3514 345 3592 (1
415 3526 532 3578 121
550 3515 616 3594 5)
680 3517 800 3572 vita
861 3532 907 3573 s.
969 3512 1127 3571 Petra·
1179 3510 1442 3571 Parentii
1493 3514 1572 3570 Μ.

283 3603 345 3670 (†
387 3601 582 3678 1199)
616 3603 848 3679 prodiit
876 3601 1221 3661 Urbeveteri
1252 3611 1410 3664 1662
1437 3603 1574 3660 etin

279 3693 449 3751 Actis
483 3692 581 3751 SS.
620 3702 721 3754 21.
755 3692 891 3767 Maj.
928 3691 992 3759 V,
1030 3700 1306 3754 86-99,

382 3878 523 3932 136.
558 3870 645 3927 De
678 3888 721 3927 s.
755 3869 1092 3927 Martino
1139 3869 1359 3927 meruit
1403 3887 1572 3944 prae—

282 3961 492 4017 sertim
540 3958 980 4016 Guibertus
1023 3953 1379 4038 (wibertus)
1416 3957 1572 4016 OSB.

283 4049 347 4106 in
377 4048 744 4105 monasterio
777 4046 1196 4123 gemblacensi.
1265 4047 1450 4105 Natus
1483 4051 1577 4105 est

284 4138 613 4195 Guibertns
647 4154 694 4194 c.
728 4156 777 4193 a.
824 4144 1004 4198 1118.
1048 4135 1453 4194 commoratus
1486 4139 1578 4194 est

284 4225 659 4300 aliquamdiu
677 4225 914 4282 Turone
938 4225 1002 4282 in
1022 4243 1064 4282 s.
1082 4224 1322 4282 Martini
1341 4243 1573 4283 monas-

284 4314 455 4382 terie,
469 4318 761 4390 tantaque
777 4313 1089 4372 devotione
1103 4313 1166 4371 in
1179 4314 1337 4371 hunc
1350 4332 1393 4372 s.
1407 4332 1576 4389 prae-

289 4404 481 4461 sulem
511 4402 751 4471 exarsit,
770 4405 843 4460 ut
858 4400 1150 4461 Martinus
1167 4402 1426 4461 voluerit
1440 4420 1576 4479 cog-

285 4491 603 4550 nominari.
651 4491 800 4549 Inde
831 4493 1156 4560 revocatus,
1206 4491 1268 4549 in
1300 4491 1575 4550 abbatem

287 4585 378 4638 est
422 4581 654 4639 electus
696 4579 1074 4638 florinensem
1132 4579 1212 4656 (p.
1256 4600 1304 4637 a.
1359 4575 1573 4658 1186),

287 4671 495 4744 etjam
531 4688 711 4727 senex
744 4689 794 4726 a.
836 4678 1002 4730 1194
1036 4667 1100 4726 in
1121 4669 1391 4727 abbatem
1412 4687 1575 4745 gem-

1632 2804 1995 2863 Martinieur.
2008 2804 2295 2877 opuscula
2316 2821 2446 2861 cum
2460 2803 2911 2862 narratiuncula

1628 2893 1854 2969 duplici
1881 2894 1954 2951 de
1974 2893 2029 2950 b.
2052 2892 2294 2950 Martini
2315 2892 2599 2950 miraculo
2623 2891 2695 2949 ad
2712 2893 2911 2967 ipsum

1629 2982 1825 3040 missa.
1891 2981 2162 3050 Quatuor
2207 2980 2473 3056 ejusdem
2525 2982 2796 3055 epistolas
2842 2981 2912 3038 de

1630 3071 1802 3129 cultu
1834 3089 1877 3128 a.
1911 3071 2153 3128 Martini
2196 3069 2353 3146 apud
2388 3070 2762 3128 'l'uronenses
2810 3070 2913 3127 ha·

1628 3161 1733 3218 bes
1767 3159 1831 3217 in
1853 3160 2022 3217 Anal.
2056 3159 2196 3218 boll.
2219 3159 2306 3217 111
2329 3154 2577 3238 (1884),
2604 3167 2911 3220 217-257.

1631 3248 1858 3306 Ibidem
1914 3247 2037 3316 VlI,
2077 3257 2423 3310 302—320
2463 3247 2708 3305 alterius
2743 3248 2911 3305 Gui—

1630 3338 1668 3394 11
1688 3337 1843 3394 erti
1892 3337 2339 3413 gemblacensis,
2387 3337 2578 3394 nostri
2630 3336 2911 3410 aequalis,

1630 3428 1899 3484 carmina
1932 3425 2085 3484 VIII
2100 3426 2172 3484 de
2188 3424 2392 3483 eodem
2414 3429 2621 3482 sancto
2640 3425 2912 3499 reperies.

1633 3515 1852 3573 Noster
1883 3515 2206 3573 Guibertus
2228 3514 2540 3589 descripsit
2560 3513 2742 3571 etiam
2763 3531 2913 3570 com-

1631 3604 1949 3661 bustionem
2043 3602 2386 3661 monasterii
2482 3601 2913 3677 gemblacensis

1632 3690 1831 3766 (1185
1883 3692 1979 3750 vel
2038 3689 2249 3768 1186).
2298 3709 2479 3765 quam
2524 3709 2718 3764 neque
2761 3690 2913 3749 inte-

1631 3801 1799 3858 gram
1847 3799 2039 3855 neque
2079 3783 2256 3856 juxta
2301 3783 2533 3837 textum
2565 3779 2915 3854 originalem

1631 3870 1817 3928 edidit
1866 3870 2036 3928 Pertz
2083 3870 2149 3928 in
2190 3868 2316 3926 ΜΘ.
2374 3868 2528 3937 VIII,
2580 3877 2703 3931 563
2740 3887 2803 3937 8.,
2857 3873 2918 3927 et

1629 3959 1768 4017 inde
1800 3959 1996 4035 Migne
2017 3958 2173 4022 CLX,
2201 3966 2567 4021 657—662.
2604 3957 2753 4014 Aliis
2783 3976 2914 4015 ver-

1631 4048 1721 4106 bis
1754 4051 1955 4106 exstat
1968 4048 2144 4106 etiam
2162 4048 2224 4105 in
2247 4046 2516 4105 Guiberti
2535 4064 2626 4120 ep.
2649 4047 2727 4104 ad
2744 4045 2916 4104 Idam

1633 4137 1997 4195 abbatissam
2048 4136 2266 4194 Montis
2329 4154 2374 4192 s.
2424 4134 2683 4202 Roberti‚
2735 4154 2917 4210 quam

1633 4225 1950 4284 ediderunt
2001 4226 2143 4284 socii
2192 4223 2572 4282 Bollandiani
2631 4224 2692 4281 in
2741 4224 2914 4282 catal.

1635 4314 1767 4390 hag.
1802 4333 1985 4389 supra
2017 4315 2111 4372 cit.
2134 4314 2179 4382 1,
2200 4323 2567 4376 557—561.
2602 4345 2688 4356 —-
2721 4313 2917 4370 Etiam

1632 4403 1999 4480 Paganus
2046 4400 2499 4461 Gastinaldi
2546 4397 2752 4482 (Peain
2802 4402 2916 4460 Ga-

1632 4489 1865 4572 tineau)
1914 4493 2233 4550 canonicus
2294 4491 2634 4549 turonensis
2698 4487 2778 4572 (fl.
2824 4491 2915 4548 in-

1633 4585 1815 4639 eunte
1866 4598 1977 4639 sec.
2040 4576 2206 4660 XIII)
2270 4580 2480 4656 ingens
2542 4579 2918 4638 concinnavit

1634 4688 1871 4728 carmen
1917 4688 2069 4728 vers.
2109 4679 2318 4732 10295
2352 4669 2414 4726 in
2447 4686 2491 4726 s.
2525 4668 2768 4726 Martini
2798 4672 2914 4726 tur.

287 4758 638 4817 blacensem.
673 4758 903 4816 Ferunt
918 4775 1053 4814 eum
1070 4757 1285 4816 obiisse
1318 4777 1364 4815 a.
1391 4766 1576 4820 1208.
1635 4758 1934 4828 honorem,
1970 4758 2130 4832 quod
2149 4758 2388 4816 demum
2413 4758 2714 4834 integrum
2733 4756 2918 4814 edidit

290 4846 504 4907 Verum
538 4847 610 4905 Η.
643 4846 945 4921 Delehaye
976 4845 1031 4902 S.
1063 4845 1136 4916 J„
1171 4847 1277 4922 qni
1308 4850 1577 4905 accurate
1633 4847 1882 4905 Werner
1933 4846 2302 4921 Sederhjelm
2346 4847 2410 4904 in
2455 4864 2545 4919 op.
2579 4846 2764 4903 Leben
2795 4845 2918 4903 und

289 4935 468 5012 hujus
497 4937 734 4995 abbatis
766 4937 943 5013 gesta
969 4938 1033 4992 et
1063 4936 1281 5011 scripta
1310 4935 1577 4994 illustra·
1649 4936 2097 4995 Wunderthaten
2172 4936 2271 4993 des
2345 4935 2420 4994 hl.
2481 4931 2726 5002 Martin,
2784 4934 2918 4992 Alt-
