3475 5364
183 404 296 456 553

1113 385 1356 438 Tho-,nas
1383 384 1849 438 BradwardinuS.

2668 404 2795 458 554

181 572 250 628 tit
300 575 655 646 argumenta
704 571 766 627 R.
799 570 921 628 «Ios
972 570 1274 628 Kimchi
1324 570 1463 628 fidei
1520 573 1684 641 leret,
1720 572 1900 630 cessit
1932 571 2097 630 illius
2130 575 2299 630 voto:
2349 570 2450 629 sed
2484 572 2579 629 vix
2612 573 2674 630 in
2707 593 2800 631 ar-

181 661 526 718 christianae
579 660 824 733 objecta.
888 659 1179 734 Excerpta
1223 660 1464 718 exhibet
1518 661 1960 735 chiepiscopum
1979 665 2353 719 consecratus
2373 660 2799 738 obiit26.Aug.

183 750 340 823 Alph.
390 749 465 806 de
515 749 753 823 Spina
803 748 866 806 in
910 749 1034 806 suis
1068 749 1134 807 ll.
1169 748 1464 807 Fortalitii
1523 759 1710 812 1349.
1774 750 2057 825 Versatus
2104 753 2230 808 erat
2275 750 2340 807 in
2372 751 2649 825 operibus
2680 770 2800 810 non

177 839 320 910 fide»)
353 837 640 913 Lugduni
683 847 864 899 1525.
928 838 1114 895 Causa
1146 856 1288 895 suae
1323 857 1460 897 con·
1520 840 1713 898 solum
1759 843 2015 914 patrum,
2064 839 2165 897 sed
2212 842 2273 897 et
2319 840 2670 914 scriptorum
2706 859 2799 899 ro-

182 927 458 985 versionis
522 926 752 1003 legitur
802 926 1017 984 ibidem
1071 927 1108 984 l.
1165 934 1200 988 3
1255 945 1299 985 c.
1361 936 1459 996 27,
1517 947 1850 998 manorum,
1887 928 2068 1003 inque
2100 928 2174 986 iis
2206 946 2550 1004 graecorum
2584 932 2644 987 et
2673 948 2800 986 ara-

181 1035 373 1090 nempe
406 1016 703 1073 mirabilis
739 1015 841 1074 illa
863 1015 1155 1090 apparitio
1184 1016 1376 1074 crucis
1400 1016 1464 1073 in

185 1105 534 1163 Judaeorum
567 1103 787 1179 palliis,
823 1104 1082 1162 ubilibet
1117 1109 1331 1172 essent,
1359 1124 1463 1180 per

185 1198 362 1251 totum
397 1194 694 1251 castellae
725 1212 974 1269 regnum
1011 1213 1057 1250 a.
1099 1203 1283 1255 1295.
1349 1195 1462 1251 De-

1521 1018 1662 1075 bum
1685 1022 2013 1086 auctorum,
2036 1036 2186 1092 quae
2209 1018 2391 1076 latine
2407 1021 2799 1076 essentversa.

1521 1107 1850 1165 Plurimum
1907 1109 2107 1164 tamen
2148 1107 2433 1164 utebatur
2483 1107 2546 1165 in
2594 1106 2801 1183 dispu-

1521 1196 1698 1253 tando
1732 1196 2068 1254 rationibus
2100 1195 2440 1253 dialecticis,
2474 1195 2604 1253 Huc
2637 1214 2801 1271 spec-

189 1281 407 1360 cessim)
444 1283 696 1340 sacrista
716 1301 822 1340 seu
842 1282 1119 1340 aedituus
1144 1283 1462 1359 burgensis
1519 1288 1612 1342 tat
1645 1287 1887 1359 propter
1933 1303 2082 1359 opus
2128 1286 2197 1342 de
2228 1303 2405 1342 causa
2440 1284 2550 1342 Dei
2598 1289 2803 1343 contra

189 1392 230 1428 a.
267 1382 444 1433 1346.
482 1406 570 1414 —
602 1371 642 1429 J
660 1370 890 1429 oanni
939 1371 1240 1447 Baptistae
1290 1373 1336 1430 G
1357 1392 1463 1430 ra·
1520 1373 1825 1450 Pelagium
1861 1376 1921 1431 et
1951 1374 2023 1431 de
2056 1373 2281 1431 virtute
2314 1392 2623 1431 causarum
2657 1374 2718 1431 ll.
2746 1384 2800 1442 3,

189 1461 287 1518 tia
329 1461 459 1519 Dei
507 1460 827 1530 Asculan0‚
878 1460 980 1535 qui
1027 1460 1247 1519 dicitur
1279 1461 1464 1519 fuisse

193 1551 249 1610 Ο.
271 1551 481 1612 Praed„
517 1549 621 1607 sed
644 1569 677 1606 a
699 1549 906 1617 Quetis
922 1549 1079 1607 inter
1099 1550 1324 1608 sodales
1345 1569 1463 1609 non

193 1645 532 1707 recensetur,
579 1641 640 1696 et
673 1639 894 1695 obiisse
937 1648 1121 1706 1:341,
1176 1639 1466 1697 tribuitur

197 1749 224 1784 a
252 1729 543 1811 nonnullis
595 1729 631 1785 l.
687 1721 912 1808 (rarus)
965 1728 1034 1784 de
1082 1729 1467 1801 confutatione

1522 1462 1678 1536 quod
1713 1463 1951 1538 scripsit
1985 1482 2033 1521 a.
2073 1471 2239 1525 1344
2294 1462 2368 1520 ad
2401 1464 2801 1521 Mertonenses

1522 1569 1660 1611 suos
1696 1552 1819 1609 sive
1853 1551 1925 1609 ad
1958 1552 2263 1610 custodem
2310 1554 2370 1610 et
2416 1552 2603 1610 socios
2636 1552 2803 1610 aulae

1523 1640 2025 1698 mariodunensis:
2083 1641 2345 1715 primum
2396 1640 2618 1717 prodiit
2665 1659 2804 1700 cura

1525 1730 1700 1788 Henr.
1719 1729 1914 1787 Savile
1930 1730 2182 1788 Londini
2216 1738 2395 1793 1618.
2430 1730 2583 1787 Dum
2605 1734 2802 1788 autem

195 1817 468 1875 hebraicae
499 1825 699 1886 sectae,
738 1817 1100 1891 Argentinae.
1136 1827 1300 1879 1500
1321 1819 1384 1875 in
1408 1827 1463 1889 4,
1522 1818 1980 1877 Bradwardinus
2007 1819 2282 1893 queritur
2301 1823 2495 1876 totum
2514 1820 2805 1876 mundum

202 1907 287 1980 qui
316 1912 511 1964 tamen
545 1905 918 1981 probabilius
953 1906 1190 1977 videtur
1224 1925 1351 1965 esse
1372 1907 1462 1965 J0.

200 1996 589 2070 Baptistae
653 1995 724 2052 de
779 1994 1206 2053 Veracruce
1256 1996 1464 2054 medici

206 2091 254 2140 et
267 2084 587 2160 philosophi
599 2103 725 2160 rom
735 2084 851 2141 ani.
874 2082 1253 2144 Tribuuntur
1264 2089 1465 2144 nostro

204 2174 396 2231 Joanni
455 2172 883 2231 commentaria
945 2175 1004 2230 in
1051 2180 1231 2231 totam
1281 2182 1465 2232 artem

211 2264 519 2330 Aristotelis,
574 2264 638 2319 in
692 2261 1110 2337 praedicabilia
1156 2263 1467 2339 Porphyrii

209 2369 261 2407 ac
287 2370 373 2408 sex
407 2351 697 2428 principia
730 2351 981 2409 Gilberti
1017 2352 1336 2422 Porretani,
1356 2352 1465 2410 Ve-

212 2440 360 2511 netiis
395 2451 547 2502 1481
578 2463 590 2497 :
637 2450 831 2509 1493;
882 2460 976 2515 qq.
1010 2440 1376 2519 theologicae
1408 2447 1468 2498 et

214 2530 632 2606 metaphysicae‚
657 2547 807 2603 quas
828 2529 1158 2603 disputavit
1182 2531 1242 2588 in
1265 2530 1465 2588 studio

213 2619 471 2692 patavino,
536 2619 654 2677 Eae
718 2618 1004 2676 dicuntur
1044 2620 1337 2695 prodiisse
1388 2620 1465 2677 ib.

225 2717 378 2769 1484.

293 2805 417 2859 286.
451 2798 795 2856 Thomas
828 2797 1469 2856 Bradwardinus

224 2884 301 2953 lde
318 2886 743 2954 Bradwardina‚
766 2892 875 2944 etc.
898 2886 1057 2961 quod
1079 2893 1172 2944 est
1187 2887 1470 2962 oppidum

222 2990 336 3029 com.
366 2972 669 3057 Hereford)
706 2976 935 3051 Anglus
967 2995 1023 3032 n.
1056 2993 1102 3032 c.
1146 2986 1328 3045 12:30,
1363 2994 1470 3034 nec

226 3061 622 3129 Dominieanus,
657 3081 769 3122 nec
787 3064 1234 3131 Franciscanus,
1262 3064 1473 3123 Oxonii

223 3150 404 3209 studiis
451 3172 684 3228 operam
738 3152 921 3221 dedit,
975 3156 1035 3211 et
1085 3174 1224 3229 prae
1260 3154 1469 3229 primis

225 3237 582 3300 delectabatur
614 3242 976 3301 astronomia
1008 3246 1070 3299 et
1102 3242 1370 3313 mathesi,
1407 3244 1470 3300 in

225 3328 408 3399 quibus
430 3332 756 3406 plurimum
778 3331 1044 3407 profecit,
1082 3335 1152 3389 ut
1170 3336 1471 3389 testantur

228 3416 331 3488 ejus
359 3418 422 3477 de
451 3420 604 3478 hisce
640 3419 974 3495 disciplinis
1010 3438 1206 3495 opera,
1241 3439 1468 3496 prome·

233 3505 436 3581 ruitque
465 3528 680 3567 nomen
711 3510 961 3567 doctoris
984 3511 1286 3584 profundi.
1320 3510 1469 3568 Oxo·

231 3592 300 3650 nii
325 3597 636 3656 cathedram
670 3598 842 3667 rexit,
878 3617 1098 3656 munus
1151 3598 1287 3657 dein
1321 3598 1473 3656 obiit

231 3685 522 3744 cancellarii
537 3688 819 3745 ecclesiae
837 3686 1204 3745 londinensis
1224 3706 1267 3745 s.
1283 3687 1469 3745 Pauli.

233 3766 405 3830 Virum
453 3775 768 3834 admodum
823 3777 989 3851 pium
1035 3776 1328 3837 Stratford
1376 3796 1468 3833 ar·

234 3858 592 3939 chiepiscopus
627 3865 1060 3924 cantuariensis
1094 3865 1469 3924 commenda-

238 3947 302 4002 vit
328 3949 578 4012 Eduardo
609 3954 718 4012 I[I.
771 3955 913 4030 regi,
966 3956 1069 4029 qui
1102 3975 1238 4013 eum
1271 3973 1472 4014 secum

238 4033 377 4095 duxit
419 4042 477 4099 in
525 4044 772 4101 Galliam
826 4043 899 4101 ad
945 4045 1187 4113 bellum,
1238 4050 1307 4102 ut
1358 4043 1473 4101 sibi

1525 1913 1659 1983 post
1682 1907 1990 1984 Pelagium
2023 1907 2258 1976 abiisse,
2296 1911 2476 1983 atque
2498 1908 2635 1966 huic
2648 1908 2804 1966 malo

1525 1997 1654 2055 vult
1669 2015 1995 2064 occurrere,
2013 1997 2140 2071 ipse
2154 2016 2363 2071 parum
2375 1997 2560 2065 abest,
2573 1997 2720 2072 quin
2731 1997 2805 2055 ad

1523 2087 1771 2143 alteram
1822 2091 2139 2143 extremam
2191 2088 2417 2161 partem
2464 2089 2525 2142 et
2570 2089 2803 2144 senten-

1523 2176 1636 2232 tias
1650 2174 1989 2234 Godescalci
2011 2178 2189 2249 atque
2204 2174 2430 2233 Wiclefi
2454 2174 2725 2232 deflectat
2741 2169 2804 2254 ¹).

1525 2264 1715 2332 Quare
1749 2282 1868 2321 non
1917 2263 2135 2321 desunt
2181 2264 2286 2337 qui
2330 2264 2471 2321 huic
2500 2270 2804 2337 tamquam

1524 2353 1777 2427 principi
1809 2353 2037 2410 auctori
2073 2352 2426 2410 sententiam
2474 2352 2547 2409 de
2580 2352 2803 2410 ineluc-

1524 2442 1691 2499 tabili
1755 2440 2389 2516 praedeterminatione
2452 2441 2804 2511 adscribant,

1525 2532 1747 2606 quique
1781 2530 2165 2605 suspicantur
2199 2530 2509 2588 Wiclefum
2563 2530 2636 2588 ab
2681 2530 2806 2605 ipso

1525 2620 1816 2689 didicisse,
1882 2618 2064 2677 solam
2129 2620 2489 2677 coactionem
2539 2619 2804 2678 libertati

1526 2728 1875 2785 repugnare.
1941 2710 2090 2767 Sane
2122 2710 2490 2777 Anselmum,
2523 2709 2805 2766 Lombar-

1524 2799 1686 2867 dum,
1706 2798 1989 2856 Thomam
2002 2797 2269 2873 aliosque
2294 2798 2523 2857 scholae
2538 2797 2807 2857 doctores

1527 2888 1712 2945 solam
1743 2887 2129 2945 admittentes
2156 2886 2572 2945 necessitatem
2607 2905 2808 2946 conse—

1525 2976 1806 3051 quentiae
1866 2975 1929 3032 in
1975 2976 2207 3034 actibus
2253 2975 2453 3033 liberis
2504 2975 2685 3033 relate
2736 2976 2807 3033 ad

1526 3084 1728 3124 causas
1765 3064 2101 3138 superiores
2134 3065 2229 3121 vix
2261 3084 2380 3123 non
2411 3065 2629 3123 diserte
2649 3064 2807 3122 affir-

1529 3157 1648 3212 mat
1664 3153 2096 3229 Pelagianismo
2115 3153 2347 3211 favisse.
2365 3153 2518 3212 Hinc
2534 3153 2808 3212 nonnulli

1526 3263 1593 3301 ex
1624 3242 2097 3318 protestantibus
2129 3262 2265 3301 eum
2296 3246 2607 3302 accensent
2638 3244 2808 3301 testi-

1528 3333 1637 3391 bus
1668 3331 1940 3390 veritatis
1972 3331 2009 3388 i.
2042 3349 2090 3388 e.
2134 3332 2617 3406 praecursoribus
2652 3331 2809 3389 Wie-

1526 3422 1646 3479 lelfi
1663 3425 1723 3479 et
1740 3419 1993 3479 Calvini:
2023 3420 2125 3477 sed
2143 3420 2451 3489 immerito,
2474 3439 2606 3478 cum
2623 3420 2809 3479 Brad-

1604 3594 1640 3659 ι“)
1671 3588 1752 3643 Cf.
1795 3590 2104 3643 sententias
2131 3594 2216 3650 36,
2270 3588 2481 3656 quibus
2529 3589 2811 3641 Bradwar-

1527 3660 1696 3714 dinus
1743 3661 1813 3713 ad
1860 3662 2067 3715 calcem
2117 3661 2303 3729 operis
2348 3659 2675 3728 complexus
2728 3662 2813 3713 est

1527 3733 1832 3801 epitomen,
1885 3732 2039 3801 apud
2091 3732 2410 3786 Fabricium
2461 3735 2504 3793 Ι,
2554 3736 2658 3787 249
2708 3749 2809 3791 ss.;

1526 3803 1749 3857 Knittel
1788 3802 1900 3857 KL.
1940 3809 2016 3867 2²,
2057 3808 2197 3860 1175
2224 3822 2322 3863 ss.;
2374 3802 2722 3872 D'Argentre
2748 3804 2811 3855 in

1527 3875 1746 3931 collect.
1765 3874 1944 3945 judic.
1972 3874 2044 3927 ad
2071 3891 2121 3928 a.
2150 3879 2303 3939 1330,
2333 3874 2431 3942 qui
2461 3890 2590 3928 eum
2618 3889 2812 3928 revera

1529 3945 1676 4001 circa
1717 3946 2040 4000 lib..·rtatem
2082 3947 2418 4016 praelusisse
2459 3948 2648 3998 censet
2683 3945 2813 3999 hae·

1528 4017 1721 4071 reticis
1778 4017 2155 4086 posteriorum
2212 4019 2565 4086 temporum:
2618 4015 2813 4070 Stsckl

1529 4089 1730 4143 Lehrb.
1761 4089 1861 4141 der
1888 4088 2083 4142 Gesch.
2130 4088 2230 4142 der
2259 4088 2466 4142 Philos.
2501 4089 2563 4151 1⁸,
2588 4093 2710 4145 469.
2762 4091 2809 4140 A

239 4130 366 4184 esset
392 4148 422 4186 a
448 4132 828 4191 concionibus
881 4134 941 4190 0ss
980 4132 1469 4201 confOSSionibus’
1527 4161 1813 4215 Scheeben
1830 4178 1886 4214 n.
1904 4164 2044 4215 1066
2055 4160 2400 4230 proponitur
2411 4160 2495 4213 als
2511 4160 2811 4228 gelehrter‚

242 4216 468 4291 tantique
497 4222 648 4292 fecit,
697 4226 769 4279 ut
813 4223 944 4297 ejus
974 4221 1248 4280 electioni
1282 4222 1348 4280 in
1378 4241 1470 4279 ar-

242 4299 626 4383 ehiepiscopum
691 4312 1158 4369 cantuariensem
1211 4312 1474 4369 noluerit

246 4387 380 4450 initio
408 4399 690 4468 assentiri,
709 4417 784 4457 ne
800 4400 930 4474 ejus
947 4400 1287 4475 privaretur
1302 4419 1470 4474 prae-

248 4481 413 4539 sentia.
471 4486 605 4544 Cum
656 4507 799 4546 vero
830 4489 1159 4564 capitulum
1206 4508 1339 4548 mox
1372 4488 1474 4546 de-

248 4564 412 4660 functo
438 4573 644 4646 Ufford‚
682 4596 856 4652 quem
892 4578 1016 4637 loco
1038 4579 1167 4653 ejus
1190 4578 1471 4655 elegerat,

253 4670 403 4726 lpsum
450 4663 651 4723 iterum
703 4667 767 4724 in
819 4685 1215 4725 successorem
1264 4671 1474 4742 postu-

1529 4231 1894 4299 tiefsinniger
1932 4231 2220 4286 Vertreter
2260 4232 2415 4285 einer
2459 4231 2670 4284 schroff
2690 4248 2813 4283 aus·

1569 4302 1856 4356 ebildeten
1926 4302 2340 4358 Gnadenlehre.
2394 4304 2446 4355 S.
2498 4301 2667 4354 Hahn
2711 4302 2812 4357 Th.

1576 4374 1972 4427 radwardinus
1991 4392 2044 4427 u.
2064 4391 2105 4428 S.
2123 4374 2297 4428 Lehre
2319 4391 2431 4427 von
2449 4373 2546 4425 der
2566 4374 2813 4427 mensch.

1529 4444 2018 4499 Willensfreiheit.
2033 4446 2282 4498 Mfinster
2297 4450 2450 4501 1904.
2463 4444 2813 4497 Bradwardi-

1531 4516 1592 4568 ni
1611 4516 1855 4585 vestigia
1872 4516 2194 4570 sectabatur
2209 4516 2237 4569 J
2257 4533 2331 4569 oa
2344 4535 2380 4567 n
2395 4534 2430 4568 n
2445 4532 2472 4568 e
2485 4533 2509 4567 s
2531 4516 2598 4569 de
2620 4516 2676 4573 Μ
2690 4517 2813 4569 ire-

1531 4606 1559 4640 c
1578 4606 1614 4640 u
1632 4588 1687 4640 ri
1708 4605 1743 4640 a
1770 4588 2117 4659 (Mireeourt)
2145 4590 2206 4642 O.
2236 4588 2316 4641 Ci.
2344 4586 2665 4655 theologiae
2695 4589 2809 4640 bac-

1532 4660 1830 4713 calaureus
1870 4661 1928 4712 et
1966 4659 2139 4713 lector
2179 4658 2239 4711 in
2266 4659 2639 4711 universitate
2669 4659 2813 4727 pari·

1533 4729 1720 4795 aiensi,
1749 4731 1913 4800 cujus
1938 4736 2009 4787 40
2024 4731 2297 4784 articulos
2312 4746 2413 4799 per
2426 4733 2497 4785 43
2516 4730 2814 4798 magistros

1530 4802 1594 4855 in
1620 4802 1908 4872 theologia
1935 4806 2228 4870 tamquam
2269 4817 2529 4854 erroneos
2555 4800 2816 4867 reproba-

313 4864 342 4925 ¹1=
366 4861 436 4919 Cf.
461 4865 573 4929 Nic.
611 4871 899 4925 Antonius
940 4871 1075 4925 bibl.
1122 4872 1269 4942 hisp.
1300 4876 1410 4927 vet.
1439 4872 1475 4927 1.
1535 4874 1623 4926 tos
1649 4890 1699 4927 a.
1731 4878 1867 4929 1347
1896 4874 1964 4926 cf.
1994 4873 2055 4925 in
2082 4873 2128 4925 D
2148 4872 2263 4928 eni
2286 4872 2386 4925 fle
2430 4871 2617 4925 Chart.
2644 4872 2814 4939 paris.

262 4923 317 4978 lX
337 4948 374 4984 c.
395 4938 421 4988 4
447 4954 496 4989 n.
519 4944 619 4997 234
645 4960 712 4997 ss,

1533 4945 1599 5010 Il,
1629 4949 1678 4999 1.
1705 4949 1812 5000 010
1837 4962 1905 4999 ss·
