3475 5364
367 343 399 392 7
414 343 489 395 41
1126 324 1184 375 et
1210 323 1450 377 Graecos
1477 321 1698 378 schism.
1727 321 1961 376 Manuel
1987 321 2230 379 Calecas.
2862 341 2982 398 742

362 529 485 569 cas
519 505 820 591 (Kalekas)
858 509 1113 567 Graecus
1147 508 1340 567 medio
1363 527 1473 567 sec.
1497 508 1644 567 XIV.
1671 501 1678 608 Ι
1701 509 1854 567 nihil
1886 512 1956 567 ut
1987 510 2058 567 de
2091 511 2197 568 hoc
2218 512 2566 586 argumento
2587 510 2768 568 scribi
2787 515 2987 585 posset

361 597 875 674 Constantinopoli
908 598 1184 666 clarebat,
1219 598 1283 656 in
1317 617 1391 656 ss.
1425 597 1645 655 biblio·
1702 598 1936 656 doctius
1970 602 2030 655 et
2062 598 2402 657 subtilius.‘
2441 598 2502 656 L.
2527 610 2583 660 4.
2605 599 2718 657 alia
2749 618 2986 674 quoque

360 708 512 756 rum,
545 706 836 760 canonum
867 686 1421 756 ecclesiasticorum,
1452 704 1526 746 ss.
1542 707 1642 763 pa·
1703 688 1917 763 capita,
1979 686 2044 745 in
2108 687 2327 762 quibus
2390 688 2575 746 latina
2634 689 2890 760 Ecclesia
2952 710 2988 749 a

361 783 520 837 trum
538 795 877 854 graecorum
895 779 957 834 et
971 777 1290 835 latinorum
1307 776 1646 852 cognitione
1704 777 1941 835 Graecis
1993 776 2446 852 reprehenditur
2495 776 2588 835 vel
2635 778 2708 835 ab
2757 777 2831 836 iis
2864 777 2985 837 dis-

361 885 427 926 ac
456 867 774 941 utriusque
804 865 1003 941 gentis
1034 864 1281 923 historia
1311 865 1645 923 versatissi-
1673 873 1677 886 ’
1703 865 1907 936 sentit,
1928 866 2190 925 breviter
2209 865 2592 941 persequitur
2610 883 2677 924 ac
2696 868 2985 942 perstrin-

362 974 513 1015 muS.
546 955 891 1013 Latinorum
908 953 1081 1012 fidem
1109 954 1646 1032 etritusqadversus
1701 955 1810 1031 git.
1874 955 2136 1014 Protulit
2185 972 2334 1030 opus
2387 955 2445 1011 Ρ.
2482 955 2800 1013 Stevart
2850 974 2984 1014 cum

363 1044 765 1106 schismaticos
826 1043 1198 1113 defendebat,
1252 1043 1388 1101 hinc
1437 1046 1644 1108 contu-
1701 1044 1861 1102 notis
1895 1043 2240 1121 Ingolstadii
2279 1053 2443 1106 1616
2479 1043 2543 1100 in
2577 1053 2645 1114 43
2698 1046 2767 1103 de
2797 1063 2982 1103 essen-

361 1133 553 1192 meliis
584 1133 701 1192 fuit
732 1132 973 1191 affectus
1019 1135 1080 1189 et
1124 1151 1194 1190 ex
1226 1151 1430 1191 eorum
1463 1132 1646 1191 socie·
1702 1135 1786 1191 tia
1847 1141 1897 1191 et
1957 1135 2285 1208 operatione
2335 1132 2369 1190 l.
2420 1133 2705 1198 adversus
2754 1136 2983 1192 tomum

360 1225 485 1282 iate
547 1223 771 1298 ejectus
847 1224 1028 1297 atque
1103 1221 1360 1298 fugatus
1455 1221 1646 1291 Quare
1703 1222 1973 1298 Gregorii
2007 1223 2277 1280 Palamae
2327 1222 2391 1279 in
2442 1222 2667 1298 synodo
2699 1222 2802 1280 ΟΡ.
2851 1242 2984 1298 pro-

363 1311 435 1371 ad
489 1310 1006 1370 Dominicanorum
1055 1313 1412 1368 conventum
1463 1311 1646 1368 Perae
1699 1311 1895 1381 batua,
1930 1311 2002 1368 de
2033 1329 2153 1386 quo
2179 1310 2315 1369 dein
2334 1315 2531 1369 actum
2550 1311 2611 1369 in
2634 1311 2860 1387 synodo
2880 1311 2982 1370 ΟΡ.

362 1401 599 1459 noviter
673 1404 934 1459 erectum
1013 1399 1283 1475 confugit
1331 1399 1677 1478 ordinique¹
1710 1408 1908 1470 13513
1959 1399 2146 1458 edidit
2194 1399 2367 1458 illum
2415 1418 2548 1458 cum
2590 1400 2746 1458 notis
2792 1400 2985 1460 Com-

361 1508 576 1548 nomen
608 1488 786 1557 dedit,
834 1488 906 1546 de
938 1507 1058 1563 quo
1101 1491 1305 1546 tamen
1337 1488 1438 1546 alii
1471 1488 1645 1546 dubi·
1671 1483 1676 1530 ἶ
1701 1488 1835 1547 bef
1842 1489 2046 1548 isius
2078 1489 2139 1547 in
2173 1488 2454 1547 Auctario
2483 1490 2702 1547 noviss.
2734 1489 2809 1559 Π,
2855 1501 2872 1550 1
2907 1508 2983 1548 ss.

363 1581 511 1640 tant.
572 1579 805 1636 Acriter
865 1579 926 1635 et
984 1596 1232 1636 nervose
1295 1577 1645 1636 Graecorum
1704 1578 1792 1636 De
1819 1579 1931 1652 fide
1951 1578 2142 1653 deque
2161 1577 2471 1653 principiis
2492 1578 2810 1637 catholicae
2830 1578 2982 1648 fidei,

360 1685 587 1726 errores
621 1670 715 1725 est
743 1684 1063 1743 aggressus
1110 1683 1506 1742 romanaeque
1538 1667 1643 1725 Ec·
1701 1667 1737 1725 l.
1773 1667 2027 1744 insignis
2062 1667 2126 1725 in
2160 1685 2204 1726 c.
2249 1678 2322 1728 10
2359 1665 2736 1736 distributus,
2770 1667 2833 1725 in
2865 1686 2983 1743 quo

364 1757 577 1815 clesiae
611 1755 918 1815 veritatem
953 1758 1160 1814 contra
1190 1773 1290 1813 eos
1311 1760 1538 1825 tuetur,
1560 1756 1646 1813 ita
1703 1756 1825 1814 stili
1860 1756 2134 1828 nitorem,
2169 1755 2656 1832 perspicuitatem
2688 1760 2749 1814 et
2780 1756 2983 1815 solidi-

360 1850 577 1914 tamen,
640 1847 711 1904 ut
772 1863 1100 1903 sermonem
1162 1844 1387 1920 ubique
1449 1862 1644 1903 amore
1700 1848 1887 1903 tatem
1920 1845 2224 1905 doctrinae
2245 1864 2313 1903 ex
2334 1847 2568 1920 patrum
2590 1844 2840 1904 maxime
2860 1850 2982 1904 tra·

363 1934 605 1993 condiat
634 1939 694 1992 et
727 1933 965 1992 nonnisi
1014 1934 1408 1992 conversionis
1440 1952 1642 1992 eorum
1700 1934 1928 1993 ditione
1960 1935 2210 1993 haustae
2230 1934 2436 1992 laudat
2455 1933 2855 2005 combefisius„
2877 1934 2984 2009 qui

361 2023 643 2098 cupidum
698 2041 759 2081 se
800 2022 1169 2081 demonstret
1213 2022 1643 2097 atque-sollici·
1671 2023 1871 2108 tillum
1902 2023 2043 2081 ibid.
2079 2022 2152 2092 11,
2195 2031 2534 2087 174—285
2586 2022 2788 2081 edidit.
2851 2023 2986 2081 Alia

363 2115 513 2176 tum.
568 2111 962 2186 Quoadusque
992 2111 1209 2169 vixerit
1238 2130 1356 2169 non
1391 2111 1540 2170 satis
1573 2111 1644 2169 li·
1671 2111 1674 2140 ²
1700 2114 2053 2171 manserunt
2082 2111 2325 2181 inedita,
2374 2114 2445 2171 ut
2475 2116 2547 2169 tr.
2595 2111 2984 2187 opulentissi-

363 2205 506 2276 quet
522 2196 639 2282 (f.†
663 2211 772 2263 141
792 2196 873 2280 0).
894 2200 1111 2275 Aliqua
1124 2200 1387 2275 ejusdem
1406 2200 1642 2277 scripta,
1704 2220 1836 2260 mus
1870 2204 2025 2259 teste
2056 2201 2278 2259 Allatio
2319 2201 2390 2259 de
2424 2219 2467 2258 s,
2501 2200 2807 2272 Trinitate,
2855 2219 2983 2258 ora·

362 2294 677 2365 postquam
742 2290 1056 2364 sejunctim
1107 2288 1476 2365 prodierunt,
1527 2290 1645 2347 col-
1700 2290 1895 2348 tiones
1956 2289 2322 2367 theologicae
2384 2293 2493 2351 etc.
2574 2289 2787 2347 Omnia
2844 2308 2984 2348 vero

363 2380 516 2439 lecta
546 2378 843 2437 habentur
886 2379 949 2436 in
981 2379 1236 2455 Migne
1285 2379 1345 2436 P.
1381 2379 1445 2438 G.
1478 2376 1644 2446 CLII,
1702 2379 1974 2454 probant,
2029 2398 2164 2437 eum
2196 2378 2380 2438 fuisse
2430 2378 2736 2437 eruditum
2767 2379 2983 2447 virum,

373 2477 690 2538 lle—662,
731 2467 853 2526 scil.
899 2475 1101 2525 contra
1152 2467 1509 2525 Graecorum
1555 2486 1644 2524 er-
1703 2469 1767 2526 in
1799 2467 2100 2544 theologia
2130 2468 2306 2526 etiam
2355 2467 2707 2527 scholastica
2746 2467 2983 2545 egregie

365 2576 527 2616 rores
558 2558 615 2616 ll.
649 2556 690 2615 I
700 2555 756 2613 V
772 2557 846 2615 ab
880 2556 1188 2614 Ambrosio
1220 2556 1645 2615 camaldulensi
1702 2561 1764 2615 et
1796 2557 1979 2615 solide
2011 2558 2311 2616 excultum
2325 2552 2390 2636 ¹).

365 2646 550 2706 latine
601 2646 776 2716 versi,
829 2645 899 2704 de
949 2665 1065 2722 quo
1117 2664 1206 2721 op.
1250 2647 1335 2704 ita
1369 2646 1645 2706 Petavius

363 2736 435 2795 de
467 2736 624 2794 Trin.
659 2735 816 2806 VIII,
857 2746 878 2797 1
908 2756 920 2793 :
957 2735 1234 2803 ,Manuel
1267 2735 1486 2806 Caleca,
1509 2753 1646 2794 auc-

363 2830 459 2883 tor
490 2824 762 2884 eruditus
793 2828 855 2882 et
885 2824 1224 2893 catholicus,
1256 2825 1429 2899 cujus
1460 2824 1646 2883 habeo
1673 2850 1676 2857 ’
1783 2820 1819 2885 “)
1847 2814 1929 2872 Cf-
1957 2816 2025 2869 de
2053 2832 2117 2870 ‘³0
2142 2815 2381 2869 Wssffler
2408 2814 2604 2869 Gesoh·
2633 2815 2733 2869 ‘10¹'
2756 2815 2985 2886 aP0108·

364 2915 640 2973 volumen
661 2914 968 2990 egregium
988 2932 1093 2988 pro
1109 2913 1339 2971 Latinis
1359 2914 1646 3014 adversus
1701 2887 1968 3012 {3¹13}ssssss
1996 2886 2606 3029 Ῑὲΐῗέῗὶἐξὲῂὲὴέῗ
2647 2887 2986 3012 ἓθᾶἶδὶῗέὓω

366 3004 630 3073 Graeco&
664 3003 728 3060 in
762 3020 881 3077 (1Πο
913 3002 986 3060 de
1005 3002 1376 3077 processione
1397 3021 1441 3063 ⁸·
1464 3003 1647 3077 Spin·
1703 3031 1804 3084 der
1852 3030 2320 3098 byzantinischeu
2373 3029 2659 3083 Litora-tur
2700 3029 2987 3083 Mfincheu

364 3095 465 3150 tus
479 3089 1645 3167 uberrimeaccuratissimequedisputat,
1704 3106 1843 3159 1897
1872 3119 2004 3172 pag.
2033 3107 2153 3158 110.

513 3390 615 3485 II.
684 3389 1247 3510 Disciplinae
1313 3388 1426 3485 ad
1495 3415 1606 3486 ss.
1676 3387 2244 3509 Scripturam
2319 3388 2855 3507 spectantes,

460 3633 599 3689 373.
635 3625 861 3691 Paucos
893 3625 1207 3683 admodum
1242 3643 1543 3683 recensere
1575 3624 1647 3682 li·
1675 3620 1680 3670 Ι
1706 3626 1779 3682 ut
1828 3622 2144 3682 Mediolani
2204 3634 2398 3693 14943
2462 3622 2729 3681 Venetiis
2790 3631 2949 3685 1496
2972 3666 2984 3689 ‚

367 3719 479 3784 cet,
531 3733 787 3788 quorum
850 3733 1029 3791 opera
1090 3715 1254 3788 typis
1317 3713 1648 3789 posteritati
1714 3723 1915 3781 1500;
1979 3722 2174 3783 1519;
2237 3723 2431 3781 155o;
2480 3712 2749 3771 Coloniae
2792 3720 2989 3779 16093

367 3804 590 3862 tradita
621 3802 863 3871 fuerint,
898 3804 1009 3861 etsi
1041 3822 1161 3861 non
1192 3802 1390 3861 desint
1421 3802 1526 3877 qui
1560 3805 1651 3859 sat
1708 3802 2067 3877 Antverpiae
2095 3811 2259 3865 1667
2283 3803 2344 3860 in
2378 3811 2470 3863 12.
2503 3805 2641 3865 etc.;
2676 3801 2856 3858 etiam
2877 3800 2988 3858 sub

368 3892 656 3951 laboriose
703 3892 855 3950 circa
899 3910 974 3950 ss.
1021 3892 1225 3949 literas
1257 3892 1477 3950 versati
1509 3891 1648 3949 sint.
1704 3890 1885 3948 titulo
1947 3910 2194 3949 aureum
2253 3887 2641 3965 repertorium
2686 3889 2989 3948 bibliorum

371 3981 762 4040 Antonius
795 3981 1311 4058 Rampegolus
1343 3976 1441 4061 (de
1475 3982 1649 4038 Ram·
1705 3979 2017 4039 continens
2070 3981 2227 4039 locos
2279 3997 2619 4039 communes
2670 3979 2743 4037 de
2791 3978 2989 4038 titulis

368 4070 618 4147 pigollis,
673 4070 1059 4145 RampelogiS,
1115 4070 1526 4149 Rampelogus‚
1579 4069 1651 4127 de
1704 4069 2075 4147 theologici8‚
2110 4088 2152 4128 s.
2184 4070 2219 4128 l.
2253 4073 2316 4128 et
2345 4090 2393 4128 a.
2426 4063 2496 4152 (c.
2538 4063 2766 4144 1474);
2824 4075 2986 4132 1477

371 4158 755 4235 Rampegolis‚
808 4177 1051 4218 erronee
1096 4159 1470 4235 Ampigollus
1516 4154 1650 4241 etc.)
1707 4177 1753 4218 S.
1811 4158 1884 4225 l.;
1962 4157 2390 4236 Norimbergae
2462 4168 2616 4220 1481
2691 4161 2832 4227 etc.;
2895 4158 2992 4215 vel

369 4248 701 4307 Genuensis
750 4247 813 4306 Ο.
849 4249 900 4306 S.
934 4249 1086 4324 Aug.
1134 4248 1498 4307 clarissimus
1546 4266 1654 4306 sua
1705 4247 1900 4306 Bibzia
1935 4267 2136 4325 aurea,
2174 4247 2268 4306 vel
2292 4248 2469 4306 Liber
2487 4248 2780 4306 manualis
2812 4246 2991 4305 acin-

368 4340 561 4395 aetate
612 4337 1006 4407 concionator,
1055 4337 1303 4404 Patavii,
1355 4337 1652 4395 Bononiae
1706 4337 2117 4395 troductorius
2133 4337 2197 4395 in
2215 4337 2431 4395 bibliae
2447 4336 2725 4395 historias
2742 4336 2990 4411 figuras-

370 4429 432 4483 et
463 4425 712 4501 Neapoli
759 4426 1095 4484 cathedram
1141 4426 1529 4502 theologicam
1579 4425 1651 4483 il·
1675 4413 1681 4515 ξ
1706 4444 1822 4500 que
1840 4425 1905 4485 V.
1921 4444 1988 4484 ac
2003 4426 2071 4483 N.
2090 4426 2171 4496 T„
2190 4425 2390 4483 Ulmae
2414 4434 2596 4489 1475.
2626 4434 2742 4487 147
2755 4424 2990 4492 63Pari·

369 4514 650 4572 lustravit
693 4518 754 4573 et
803 4515 866 4572 in
911 4514 1158 4573 concilio
1205 4514 1649 4583 constantiensi,
1675 4526 1681 4583 ς
1707 4514 1813 4572 siis
1866 4524 2033 4578 1503
2082 4517 2209 4582 etc„
2257 4533 2449 4589 neque
2495 4515 2651 4572 enim
2685 4513 2993 4590 probabile

369 4604 468 4662 cui
496 4604 738 4663 nomine
782 4604 1148 4680 reipublicae
1193 4604 1516 4680 genuensis
1561 4605 1652 4661 in·
1676 4588 1681 4637 ³
1707 4603 1963 4673 videtur,
2009 4603 2168 4679 quod
2213 4607 2415 4662 tamen
2457 4602 2856 4679 bibliographi
2886 4621 2990 4659 au-

370 4692 599 4762 terfuit,
633 4696 876 4751 strenue
922 4696 1126 4751 contra
1156 4693 1405 4751 Husitas
1456 4692 1652 4751 decer·
1679 4750 1682 4761 ,
1707 4692 2803 4768 gustinianiautumant‚haectotidem
2816 4691 2993 4749 fuisse

372 4781 539 4839 tavit.
604 4782 950 4857 Composuit
980 4797 1131 4857 opus
1164 4782 1519 4858 inscriptum
1554 4782 1653 4840 Fi·
1709 4800 1888 4856 opera
1936 4782 2234 4840 distincta.
2298 4782 2406 4839 Est
2454 4785 2653 4839 autem
2699 4779 2995 4855 specimen

367 4890 550 4947 yurae
581 4871 882 4930 bibliorum
909 4870 1246 4946 saepissime
1278 4871 1654 4947 impressum,
1709 4869 2044 4930 dictionarii
2078 4890 2308 4929 rerum:
2343 4890 2481 4929 nam
2514 4870 2626 4928 sub
2655 4878 2773 4931 138
2797 4867 2994 4925 titulis

2568 4970 2671 5023 24*
