3475 5364
389 365 543 418 1461
967 345 1126 414 Ruiz,
1154 347 1409 413 Herrera,
1437 347 1507 401 de
1533 346 1782 411 Ludefia,
1809 344 2111 410 Olivarius,
2140 346 2273 400 Soto
2300 348 2405 400 ete.
2835 360 2995 415 1462

381 533 494 590 bus
527 552 707 608 supra
729 534 855 609 jam
887 533 1118 610 egimus
1151 553 1206 608 p.
1236 543 1422 602 1160,
1457 536 1661 591 contra
1718 531 1997 607 angrensi
2042 532 2107 590 in
2155 532 2396 590 Terzera
2444 530 2661 600 insula,
2726 530 2823 589 cui
2872 530 2996 589 sedi

380 621 791 681 reformatores
868 622 1259 697 disputarunt
1316 623 1661 698 Alphonsus
1716 624 1916 680 tamen
1931 621 2304 679 renunciavit
2318 616 2365 701 ι)
2383 616 2438 701 (1
2458 615 2629 700 567),
2661 619 2997 678 laudandus

381 711 565 769 Ruiz
627 711 700 769 de
750 711 1031 770 Virues
1082 707 1437 793 (Virvesius)
1503 711 1660 773 OSB.
1718 710 1976 768 occurrit
2036 711 2317 768 Petrus
2367 709 2547 768 Soto
2599 709 2997 767 clarissimum

382 800 748 869 Ulmetanus,
827 819 872 859 s.
950 800 1282 876 theologiae
1359 801 1658 877 magister,
1719 799 2043 875 Hispaniae
2061 799 2337 861 sec.XV1.
2369 798 2533 857 sidus
2564 817 2629 856 ac
2646 798 2780 856 fidei
2796 799 2993 856 catho-

381 889 575 948 Caroli
594 889 660 951 V.
688 890 823 965 imp.
857 889 1235 960 ecclesiasteS,
1270 909 1446 965 quem
1480 890 1661 948 etiam
1717 888 1864 947 licae
1926 888 2332 947 firmissimum
2393 888 2675 946 adversus
2726 887 2997 945 haereses

380 979 698 1037 comitatus
743 983 836 1037 est
879 980 944 1036 in
978 979 1369 1049 Germaniam,
1423 979 1661 1037 demum
1718 978 2249 1053 propugnaculum.
2311 977 2505 1035 Natus
2556 980 2647 1035 est
2697 976 2997 1035 Cordubae

380 1068 691 1143 episcopus
737 1069 1097 1127 canariensis
1141 1063 1202 1149 (†
1241 1064 1454 1150 1545),
1489 1071 1661 1139 cujus
1716 1066 1904 1126 nobili
1937 1068 2261 1124 stemmate.
2305 1065 2582 1125 Ordinem
2622 1084 2666 1122 s.
2706 1065 2996 1124 Dominici

380 1155 730 1231 prodierunt
743 1158 1527 1233 philippicaedisputatimzes
1539 1157 1669 1216 XX
1717 1155 2021 1232 ingressus
2056 1152 2202 1236 (151
2219 1151 2282 1235 8)
2317 1155 2409 1213 vir
2436 1155 2626 1213 evasit
2644 1154 2811 1212 brevi
2830 1154 2995 1212 scho-

381 1245 663 1304 adversus
695 1247 1009 1305 lutherana
1053 1247 1329 1323 dogmata
1373 1266 1478 1323 per
1510 1247 1658 1304 Phil.
1715 1244 1945 1304 laeticis
1962 1244 2695 1313 concertationibuS,sacra
2710 1243 2995 1311 doctrina,

379 1334 852 1393 Melanchtonem
929 1335 1189 1405 defensa,
1268 1355 1461 1412 nuper
1538 1338 1658 1394 Au·
1716 1338 1953 1409 patrum
1987 1337 2047 1392 et
2065 1334 2444 1393 conciliorum
2464 1333 2705 1391 assidua
2725 1332 2994 1401 lectione,

378 1427 587 1500 gastae
637 1442 704 1483 ac
761 1424 974 1482 deinde
1023 1425 1374 1484 Ratisbonae
1422 1426 1660 1483 habitae
1715 1442 1942 1483 morum
1960 1422 2033 1481 ad
2050 1423 2188 1480 haec
2202 1422 2548 1499 integritate
2572 1425 2633 1480 et
2653 1421 2998 1480 innocentia

378 1512 739 1588 Antverpiae
823 1523 979 1577 1541
1008 1533 1021 1572 :
1101 1514 1375 1573 Coloniae
1458 1523 1657 1583 1545;
1715 1512 2089 1587 conspicuus,
2132 1512 2292 1570 unde
2324 1531 2358 1570 a
2388 1511 2594 1571 Carolo
2627 1511 2694 1569 V.
2729 1509 2995 1569 delectus

385 1611 572 1672 1561,
638 1603 856 1677 quibus
905 1602 1130 1661 accedit
1178 1605 1247 1660 de
1292 1605 1660 1661 matrimonio
1715 1604 1807 1659 est
1839 1602 1913 1659 ab
1944 1601 2174 1660 arcanis
2206 1604 2268 1659 et
2299 1601 2480 1659 sacris
2527 1599 2995 1659 confessionibus

378 1694 531 1768 reyis
574 1691 821 1769 Anyliae
851 1699 923 1750 tr.
971 1724 1056 1736 —-
1103 1692 1553 1768 Alphonsus
1588 1692 1659 1750 de
1715 1693 1777 1747 et
1807 1689 2193 1751 consiliarius.
2256 1690 2348 1747 Ab
2398 1708 2464 1748 eo
2509 1689 2573 1747 in
2624 1688 2995 1747 Germaniam

379 1779 717 1839 Herrera
765 1780 829 1839 Ο.
863 1780 1084 1851 Praed„
1133 1782 1237 1857 qui
1284 1781 1527 1841 Parisiis
1559 1800 1657 1839 ex·
1715 1780 1932 1837 ductus
1979 1780 2106 1837 visa
2157 1778 2462 1854 religionis
2508 1777 2687 1836 ruina
2735 1777 2995 1836 indoluit

379 1869 577 1927 cultus
611 1870 789 1928 etiam
824 1871 1080 1928 selectus
1126 1874 1218 1928 est
1269 1871 1340 1928 ad
1374 1870 1657 1947 legendas
1713 1868 2171 1942 missionemque
2204 1868 2278 1926 ab
2311 1869 2449 1925 aula
2480 1866 2840 1943 impetravit,
2876 1884 2993 1940 quo

379 1957 598 2016 ibidem
621 1960 961 2018 sententiae.
997 1960 1146 2026 ‚Vir
1177 1977 1389 2017 arcana
1418 1963 1479 2018 et
1499 1978 1658 2036 mys·
1714 1974 1776 2014 se
1810 1975 1916 2031 pro
1948 1956 2121 2015 domo
2143 1957 2249 2015 Dei
2283 1957 2561 2014 adversus
2593 1956 2992 2030 irrumpentes

377 2046 495 2106 tica
526 2047 858 2106 divinarum
893 2049 1333 2124 Scripturarum
1363 2049 1657 2124 interpre·
1712 2045 1981 2104 haereses
2010 2065 2252 2104 murum
2284 2048 2626 2121 opponeret.
2680 2044 2835 2102 Hinc
2865 2061 2989 2102 car-

377 2136 603 2195 tatione
635 2136 793 2195 altus
829 2141 1009 2212 atque
1031 2138 1321 2205 sublimi8‚
1356 2137 1492 2196 fidei
1518 2157 1656 2213 pro·
1711 2134 1897 2192 dinali
1929 2138 2262 2212 augustano
2295 2153 2355 2193 se
2375 2134 2618 2204 obtulit,
2653 2133 2840 2209 quiin
2860 2151 2990 2191 aca-

379 2229 626 2301 pagator
673 2227 1009 2295 acerrimus,
1056 2225 1287 2285 dicendi
1334 2226 1545 2285 artifex
1596 2229 1658 2285 et
1712 2223 1907 2282 demia
1953 2224 2261 2301 dilingana
2310 2242 2382 2282 ss.
2433 2224 2637 2281 literas
2699 2223 2991 2297 interpre-

379 2318 581 2373 orator
629 2314 938 2385 facundus,
987 2316 1309 2374 catholicae
1352 2315 1654 2391 religionis
1710 2314 1958 2371 taretur.
2022 2313 2272 2388 Operam
2321 2313 2501 2371 etiam
2534 2330 2705 2371 suam
2738 2311 2993 2370 contulit

379 2406 583 2461 contra
614 2403 882 2462 haereses
901 2408 1308 2481 propugnator
1331 2405 1649 2475 invictus,‘
1709 2401 1783 2459 ad
1796 2401 2816 2475 concinnandumcatechismumpro
2832 2399 2992 2458 dioe-

378 2491 598 2552 dicitur
639 2492 713 2551 ab
756 2492 1225 2569 Eisengrein
1272 2494 1346 2552 ad
1380 2514 1429 2555 a.
1468 2504 1654 2557 1550.
1711 2492 1826 2549 cesi
1878 2486 2123 2573 (1548).
2196 2492 2340 2549 Cum
2389 2490 2699 2565 Philippus
2749 2489 2822 2546 11.
2875 2489 2990 2547 sibi

378 2581 582 2639 Carolo
600 2581 664 2639 V.
683 2585 812 2639 erat
830 2601 878 2639 a.
901 2582 1280 2641 concionibus
1303 2579 1363 2663 (†
1376 2602 1420 2642 c.
1445 2578 1653 2664 1558).
1710 2579 2127 2655 desponsasset
2156 2580 2405 2638 Mariam
2425 2579 2675 2654 Angliae
2704 2579 2986 2653 reginam,

377 2670 723 2748 Disputavit
767 2672 837 2729 de
878 2672 1070 2730 valore
1108 2672 1385 2731 bonorum
1417 2689 1655 2747 operum
1710 2689 1865 2745 quae
1897 2669 2217 2746 collapsam
2249 2668 2594 2746 religionem
2645 2667 2988 2727 catholicam

377 2759 657 2819 adversus
671 2761 1053 2832 Lutheranos‚
1081 2762 1318 2820 Parisiis
1341 2762 1584 2825 1540in
1599 2773 1653 2825 8.
1709 2762 2040 2818 restaurare
2089 2759 2507 2829 meditabatur,
2573 2776 2772 2816 secum
2817 2756 2991 2814 duxit

380 2849 457 2893 -ἓ
478 2851 622 2925 Ejus
647 2850 861 2909 sodalis
893 2851 933 2910 J
942 2870 975 2910 0
990 2870 1208 2910 annes
1239 2852 1311 2909 de
1341 2849 1600 2911 Ludefi
1622 2872 1656 2909 a
1709 2849 1956 2906 Petrum
2008 2866 2141 2906 cum
2175 2849 2374 2907 Barth.
2410 2848 2695 2907 Carranza
2727 2849 2787 2905 et
2817 2846 2987 2908 Joan.

376 2939 762 3007 MatritensiS‚
815 2940 1020 2999 doctor
1065 2941 1366 3015 parisinus
1411 2943 1473 2999 et
1519 2958 1653 2999 sen·
1710 2937 1784 2996 de
1834 2937 2188 3014 Villagarcia
2235 2937 2500 3013 ejusdem
2551 2936 2674 2995 ord.
2726 2936 2987 3011 collegis,

376 3028 700 3087 tentiarum
751 3029 950 3099 lector,
1001 3033 1350 3104 procurator
1395 3029 1654 3106 episcopi
1710 3026 1815 3102 qui
1851 3027 2272 3086 universitates
2293 3026 2666 3086 oxoniensem
2699 3027 2758 3083 et
2790 3029 2989 3083 canta-

378 3117 683 3193 seguntini
714 3117 777 3175 in
808 3119 1052 3177 concilio
1083 3119 1430 3187 tridentinO,
1452 3119 1654 3195 dispu·
1709 3115 2065 3192 brigiensem
2087 3136 2120 3174 a
2139 3116 2426 3175 fermento
2449 3116 2753 3174 haereseos
2775 3133 2989 3188 expur-

375 3205 527 3263 tavit
566 3207 634 3262 de
676 3206 947 3265 coelibatu
993 3209 1354 3265 sacerdotum
1397 3206 1471 3264 ad
1504 3208 1653 3266 duos
1710 3209 1923 3279 garent
1975 3223 2234 3279 sanaque
2283 3205 2659 3262 illustrarent
2703 3203 2986 3261 doctrina.

376 3294 658 3352 articulos
677 3295 1012 3370 propositos
1044 3296 1115 3355 de
1133 3296 1528 3364 matrimonio,
1546 3297 1655 3354 Pa·
1710 3292 1883 3351 Haud
1929 3294 2034 3351 diu
2079 3295 2247 3352 stetit
2274 3294 2378 3351 illa
2408 3293 2660 3369 Angliae
2705 3292 2987 3350 felicitas:

374 3383 526 3441 tavii
581 3393 777 3453 15633
830 3385 1073 3443 Lovanii
1125 3394 1288 3447 1567
1342 3384 1407 3441 in
1461 3394 1515 3446 4.
1573 3418 1649 3427 —
1709 3382 1990 3439 defuncta
2022 3383 2204 3440 Maria
2251 3393 2346 3445 15.
2379 3382 2527 3440 Nov.
2571 3390 2733 3444 1558
2767 3380 2858 3438 illi
2889 3398 2987 3437 ex·

375 3472 588 3530 Petrus
639 3472 677 3530 J
680 3491 899 3531 oannes
932 3473 1053 3532 011
1073 3494 1110 3532 v
1124 3493 1158 3531 a
1177 3493 1206 3531 r
1223 3473 1242 3531 i
1259 3493 1300 3532 u
1318 3489 1345 3531 s
1382 3469 1651 3555 (Oliver),
1710 3471 2027 3529 sulandum
2047 3471 2164 3528 fuit
2183 3489 2320 3529 cum
2340 3470 2597 3545 collegis.
2638 3470 2989 3527 Restaurata

376 3562 480 3636 qui
540 3562 853 3638 praecipue
912 3563 978 3620 in
1039 3563 1230 3621 Gallia
1290 3563 1650 3629 morabatur,
1710 3559 1938 3636 synodo
1969 3559 2295 3617 tridentina
2339 3559 2556 3617 missus
2587 3562 2679 3617 est
2707 3558 2922 3616 Petrus
2955 3577 2990 3616 a

377 3651 614 3725 scripsit
645 3652 981 3710 Dilucidum
1012 3660 1062 3710 et
1092 3653 1313 3711 claram
1348 3653 1653 3725 confirma·
1712 3649 1815 3706 Pio
1848 3649 1943 3706 IV.
1980 3649 2293 3724 theologus
2325 3647 2696 3723 pontificius:
2729 3646 2816 3703 ibi
2849 3664 2987 3704 vero

374 3742 577 3798 tionem
595 3742 960 3814 praesentiae
978 3742 1237 3818 corporis
1267 3744 1329 3799 et
1343 3741 1655 3818 sanguinis
1710 3738 1938 3795 sincero
1971 3738 2181 3814 synodi
2212 3738 2381 3794 luctu
2414 3740 2474 3794 et
2505 3734 2817 3804 desideri0,
2849 3754 2987 3793 nam

375 3829 595 3889 Christi
627 3830 692 3888 in
724 3836 1086 3890 sacramento
1133 3830 1338 3888 altaris
1373 3831 1654 3889 adversus
1710 3846 1923 3904 magna
1937 3829 2064 3884 erat
2078 3828 2208 3901 ejus
2239 3825 2398 3902 apud
2414 3844 2616 3884 omnes
2644 3825 2986 3894 auctoritas,

375 3937 487 3988 eOS‚
522 3918 627 3993 qui
657 3920 1070 3978 auctoritatem
1090 3920 1400 3990 Ecclesiae,
1421 3919 1655 3979 decreta
1709 3918 1900 3974 morte
1961 3915 2246 3990 abreptus
2307 3918 2400 3973 est
2453 3923 2551 3977 20.
2603 3916 2745 3989 Apr.
2804 3921 2985 3975 1563.

374 4012 629 4083 patrum,
665 4009 1047 4067 conciliorum
1078 4008 1447 4084 generalium
1481 4027 1544 4067 ac
1578 4027 1652 4066 ss,
1711 4004 1871 4064 Haec
1922 4004 2157 4079 potiora
2188 4003 2452 4080 ejusdem
2496 3998 2764 4082 opera²):
2813 4001 2988 4060 Insti-

375 4097 683 4154 doctorum
729 4098 1156 4173 expositionem
1203 4096 1502 4173 rejiciunt,
1547 4098 1651 4156 Co·
1709 4096 1951 4151 tationes
1981 4094 2350 4167 christianae,
2400 4094 2674 4169 Augusta
2707 4091 2770 4149 V.
2817 4100 2986 4154 1548

373 4185 565 4243 Ioniae
619 4196 782 4248 1553
820 4186 883 4244 in
919 4195 954 4250 8
1003 4190 1064 4246 et
1113 4191 1346 4261 praeter
1378 4187 1491 4244 alia
1505 4182 1551 4266 ¹)
1586 4188 1655 4244 de
1708 4183 1769 4240 in
1788 4191 1845 4252 43
1867 4182 2751 4259 Antverpiae15513Metlzodus
2769 4182 2987 4255 confes-

363 4275 675 4353 prophetia
707 4282 757 4332 et
786 4278 1003 4350 spiritu
1017 4277 1364 4351 prophetice,
1388 4276 1653 4335 Basileae
1708 4274 1887 4330 sionis
1911 4290 1954 4330 s.
1986 4271 2293 4331 doctrinae
2326 4271 2685 4346 pietatisque
2716 4270 2986 4328 chr1stia-

384 4371 544 4425 1543
591 4363 657 4421 in
704 4373 760 4425 4.
791 4398 877 4407 —
910 4365 1328 4423 Praetermisso
1378 4364 1653 4423 Emma·
1709 4381 1818 4419 nae
1850 4362 2122 4435 epitome,
2158 4361 2453 4436 Dillingae
2494 4369 2691 4429 15533
2756 4359 2985 4416 Doctri-

373 4453 582 4510 nuele
616 4452 686 4510 de
717 4454 1012 4511 Almada
1043 4454 1346 4522 Lusitano,
1380 4454 1652 4530 episcopo
1707 4469 1818 4508 nae
1876 4451 2183 4508 catholicae
2242 4450 2638 4524 compendium
2698 4448 2760 4506 in
2810 4467 2985 4505 usum

1708 4539 1894 4614 plebis
1946 4539 2303 4598 christianae
2353 4543 2509 4596 recte
2561 4537 2985 4606 instituendae,

372 4692 659 4762 temporiS‚
713 4693 1027 4747 Barcinone
1080 4698 1219 4750 1570
1268 4693 1331 4745 in
1383 4696 1469 4748 12.
1521 4692 1655 4746 Fuit
2419 4731 2420 4734 η

372 4765 672 4834 episcopus
701 4765 996 4818 auxiliaris
1026 4763 1455 4819 barcinonensis
1489 4767 1549 4818 et
1570 4764 1651 4817 in·
1787 4767 1824 4836 ¹)
1854 4764 1935 4824 cf,
1964 4763 2089 4818 Nic.
2116 4763 2398 4817 Antonius
2426 4763 2503 4817 ib.
2531 4763 2573 4824 Ι,
2600 4767 2724 4819 340.

372 4834 573 4889 terfuit
598 4835 840 4890 concilio
866 4836 1179 4891 tridentino
1208 4853 1257 4889 a.
1286 4840 1442 4892 1551.
1785 4842 1824 4906 ²)
1853 4836 1934 4890 Cf.
1962 4835 2181 4889 Echard
2210 4836 2277 4898 11,
2296 4838 2415 4901 183,
2441 4834 2748 4887 Weinhart
2761 4832 2872 4886 KL.
2893 4833 2983 4897 XI,

452 4911 485 4978 ¹)
515 4907 596 4964 Cf.
616 4907 740 4962 Nic.
757 4908 1040 4961 Antonius
1052 4907 1189 4963 bibl.
1208 4908 1354 4976 hisp.
1372 4925 1426 4960 n.
1446 4907 1509 4971 11,
1528 4910 1651 4963 206.
1707 4911 1830 4963 531.
