3475 5364
1323 334 1617 399 Reuchlin,
1645 333 1927 389 Erasmus.

324 352 489 407 1289
2766 352 2931 407 1290

321 521 548 580 arcanis
598 520 1013 591 cabbalisticis,
1065 540 1202 578 nam
1249 521 1388 579 inde
1436 520 1598 579 haud
1654 541 1792 581 sane
1806 521 2267 590 eruditissimuS,
2285 522 2388 595 qui
2404 527 2604 581 tamen
2619 522 2714 581 sui
2744 524 2934 582 nomi-

318 610 719 687 spernendum
734 629 841 686 pro
851 609 1250 686 intelligentia
1265 627 1309 668 s.
1328 609 1592 686 Scriptu·
1653 612 1747 669 nis
1758 611 2005 688 gloriam
2020 610 2342 685 multiplici
2353 610 2616 670 foedavit
2624 613 2856 670 macula
2867 608 2934 692 ι).

319 719 415 757 rae
465 708 526 757 et
574 700 993 776 mysteriorum
1050 698 1190 757 fidei
1239 699 1595 758 christianae
1654 702 1850 760 Natus
1875 703 1969 759 est
1992 699 2362 758 Rotterdami
2400 707 2500 762 28.
2531 700 2657 759 Oct.
2696 697 2935 781 (proba-

317 789 689 849 commodum
751 789 863 847 sibi
913 793 1005 847 est
1054 789 1389 861 pollicitus:
1462 788 1598 847 hinc
1651 784 1883 873 biliter)
1906 799 2069 851 1466
2084 790 2315 852 vell-16
2328 790 2548 850 7.Puer
2560 810 2610 852 a.
2631 802 2649 851 l
2669 790 2934 851 2studiis

318 878 495 936 etiam
547 877 787 953 scripsit
834 879 905 936 de
945 878 1110 935 verbo
1155 875 1400 951 mirifico
1446 878 1500 936 a.
1534 879 1597 952 3,
1652 898 1888 955 operam
1924 879 2090 937 dedit
2111 878 2463 937 Daventriae
2493 878 2557 936 in
2580 879 2796 937 scholis
2817 880 2934 937 fra-

326 975 511 1036 1494,
545 966 822 1043 Lugduni
861 975 1027 1029 1522
1063 967 1127 1024 in
1168 977 1264 1038 16,
1297 985 1447 1043 opus
1478 967 1596 1025 sal·
1650 972 1814 1028 trum
1859 968 2018 1027 vitae
2061 968 2402 1037 communie,
2450 986 2598 1043 quas
2642 972 2787 1027 tunc
2818 968 2934 1026 fre-

318 1061 440 1113 tem
472 1056 653 1114 octies
686 1056 947 1126 editum3
983 1075 1237 1130 quorum
1252 1055 1481 1132 primus
1497 1074 1594 1114 ex·
1653 1058 2023 1133 quentabaut
2081 1056 2199 1116 duo
2249 1056 2674 1132 discipulorum
2728 1057 2932 1115 millia.

317 1145 490 1221 ponit
521 1144 817 1220 quidquid
863 1145 1138 1204 selectius
1184 1164 1249 1203 ac
1297 1145 1597 1203 illustrius
1651 1146 1789 1205 Jam
1818 1150 1965 1205 tunc
1996 1146 2268 1223 magistri
2298 1164 2569 1222 magnam
2603 1148 2734 1221 ejus
2765 1164 2933 1221 prae-

317 1252 685 1310 paganorum
714 1234 1099 1309 philosophia
1146 1234 1596 1302 subministrat;
1633 1236 1965 1313 ,sagiebant
1989 1235 2399 1294 eruditionem.
2431 1235 2563 1294 Non
2580 1237 2703 1293 tam
2725 1239 2936 1310 sponte

320 1323 473 1382 alter
504 1341 642 1381 vero
674 1324 960 1399 mysteria
990 1324 1052 1382 in
1084 1323 1374 1395 hebraicis
1405 1323 1598 1382 nomi-

320 1411 498 1470 nibus
517 1415 579 1469 et
597 1413 916 1488 praecipue
935 1413 999 1472 in
1013 1412 1120 1471 Dei
1138 1413 1376 1472 nomine
1395 1431 1596 1471 recon-

318 1501 442 1559 dita
461 1500 692 1577 detegit
711 1523 725 1573 3
757 1502 974 1561 tertius
993 1501 1251 1577 denique
1271 1501 1597 1573 inducitur,

319 1595 391 1648 ut
399 1592 714 1665 utriusque
729 1590 1024 1667 principia
1036 1590 1322 1665 adoptans
1334 1591 1598 1649 christia-

320 1698 455 1737 nam
506 1678 853 1755 religionem
905 1681 1262 1755 comprobet.
1327 1681 1415 1738 De
1473 1687 1601 1738 arte

319 1768 700 1844 eabbalistica‚
726 1769 1040 1846 Hagenoae
1063 1780 1088 1830 1
1105 1780 1172 1831 51
1193 1780 1226 1829 6
1240 1813 1252 1826 .
1288 1773 1332 1827 Α
1346 1770 1421 1827 th
1435 1788 1515 1827 an
1535 1789 1597 1827 a·

322 1876 349 1914 s
366 1858 440 1915 iu
459 1877 520 1915 m
551 1860 614 1915 in
633 1860 668 1915 l.
681 1860 1067 1934 psalmorum,
1100 1859 1406 1935 Tubingae
1431 1868 1543 1921 151
1563 1868 1595 1921 5

321 1950 383 2004 et
412 1948 481 2004 de
514 1950 692 2006 variis
722 1948 1146 2024 quaestionibus
1189 1948 1374 2006 latine
1404 1951 1597 2005 trans-

318 2036 483 2105 tulit,
532 2035 844 2112 Hagenoae
897 2046 1091 2105 1519;
1137 2045 1346 2113 septem
1383 2037 1602 2112 psalmi

309 2127 765 2200 poenitentiales,
811 2126 1077 2185 hebraice
1123 2145 1256 2185 cum
1307 2145 1597 2202 gramma-

318 2214 486 2272 ticali
530 2215 925 2274 translatione
967 2216 1154 2273 latina
1198 2215 1270 2273 de
1302 2215 1483 2273 verbo
1527 2214 1601 2272 ad

321 2303 569 2361 verbum
591 2308 652 2361 et
672 2323 852 2379 super
871 2303 1091 2362 eisdem
1114 2304 1598 2372 commentarioli,

320 2391 626 2468 Tubingae
684 2401 846 2455 1512
890 2392 955 2451 in
1008 2402 1078 2463 83
1142 2392 1601 2469 Wittembergae

332 2489 512 2543 1520.
576 2480 821 2556 Optavit
864 2481 1107 2557 quidem
1152 2501 1284 2541 cum
1332 2485 1424 2540 tot
1469 2474 1639 2541 aliis*

318 2570 612 2629 Ecclesiae
662 2571 726 2629 in
775 2571 1038 2630 moribus
1084 2572 1598 2642 restaurationem,

320 2660 421 2717 secl
454 2659 865 2720 innovationes
888 2660 1233 2721 lutheranae
1250 2678 1369 2719 non
1388 2679 1599 2737 appro-

318 2749 497 2807 bavit.
549 2750 728 2808 Aliud
764 2751 1030 2826 ejusdem
1065 2769 1213 2826 opus
1251 2754 1344 2809 est
1374 2752 1444 2809 de
1474 2758 1603 2809 arte

309 2839 725 2912 praedicandi,
775 2840 1107 2900 Pforzheim
1164 2850 1350 2911 1504,
1398 2859 1518 2916 quo
1564 2839 1598 2897 1.

319 2928 555 2986 exhibet
587 2947 722 2986 suas
769 2928 1050 2989 lectiones
1097 2928 1263 2987 datas
1298 2929 1601 2988 sodalibus

321 3035 363 3074 s.
397 3017 709 3075 Dominici.
743 3018 888 3093 Ejus
919 3020 1188 3093 epistolas
1220 3018 1290 3078 cf.
1323 3019 1386 3077 in
1418 3037 1510 3094 op.
1542 3018 1597 3076 J.

322 3107 384 3162 R.
403 3106 891 3164 Brieswechselin
912 3109 1064 3166 Bibl.
1082 3107 1185 3166 des
1215 3108 1303 3165 lit.
1321 3108 1599 3166 Vereines

320 3193 383 3251 in
430 3194 732 3269 Stuttgart
764 3195 1008 3265 CXXVI,
1061 3196 1372 3273 Tiibingen
1415 3204 1532 3259 187
1547 3206 1598 3258 5.

323 3283 442 3340 Sua
494 3301 669 3358 opera
711 3283 939 3357 judicio
990 3285 1282 3343 Ecclesiae
1328 3285 1597 3358 subjecit.

321 3371 585 3430 Decessit
629 3375 767 3447 post
811 3373 995 3431 vitam
1042 3373 1275 3431 ultimis
1309 3373 1476 3431 annis
1510 3377 1602 3431 sat

320 3461 621 3519 turbatam
637 3461 934 3536 professor
951 3462 1324 3538 tubinganus
1343 3472 1375 3524 3
1387 3472 1441 3523 Ο.
1459 3460 1497 3518 J
1500 3481 1599 3520 un.

332 3558 493 3612 1523
541 3549 606 3608 in
650 3567 791 3626 pace
821 3551 1125 3612 Ecclesiae.
1188 3551 1477 3609 Inclaruit
1508 3570 1595 3609 re-

321 3639 688 3698 stauratione
721 3639 1029 3699 literarum
1063 3640 1461 3710 classicamm,
1496 3659 1600 3699 no-

319 3729 749 3787 minatissimus
797 3748 936 3788 vero
981 3729 1177 3788 factus
1227 3734 1319 3788 est
1368 3733 1600 3789 contro-

296 3817 510 3875 -versia
570 3818 730 3876 tristi
794 3818 1054 3894 primum
1100 3837 1233 3877 cum
1280 3819 1370 3875 Pf
1378 3838 1409 3877 e
1426 3819 1455 3876 f
1463 3819 1492 3876 f
1500 3836 1532 3876 e
1546 3838 1599 3876 r·

320 3907 526 3977 korn,
562 3907 698 3966 dein
731 3926 865 3966 cum
897 3907 1394 3984 Hoogstraet,
1427 3907 1499 3966 de
1531 3907 1595 3965 li·

1654 1345 1761 1383 sua
1782 1329 1843 1383 et
1862 1343 1931 1383 ex
1954 1323 2143 1395 corde,
2166 1344 2343 1399 quam
2365 1327 2627 1400 egestate
2653 1324 2935 1382 aliorum-

1654 1433 1771 1489 que
1803 1433 1984 1473 suasu
2028 1414 2312 1472 incitatus
2355 1413 2659 1489 ingressus
2704 1416 2797 1471 est
2840 1431 2935 1470 or-

1653 1504 1852 1562 dinem
1916 1523 2040 1562 can.
2101 1522 2222 1579 reg.
2285 1502 2350 1560 in
2412 1502 2656 1560 canonia
2717 1502 2935 1560 Emaus

1652 1612 1835 1669 prope
1868 1593 2148 1651 Goudam.
2185 1591 2300 1649 Diu
2320 1595 2619 1666 noctuque
2649 1591 2712 1648 in
2744 1591 2936 1650 literis

1656 1682 2005 1741 versabatur
2035 1700 2102 1740 ac
2132 1681 2302 1739 velut
2330 1680 2561 1739 occulta
2593 1683 2840 1739 naturae
2875 1681 2934 1738 vi

1653 1790 1963 1830 musarum
1995 1769 2191 1829 studio
2225 1788 2286 1828 se
2318 1770 2500 1828 dedit.
2531 1769 2746 1828 Taedio
2778 1770 2936 1829 vitae

1653 1860 1946 1938 regularis
1978 1860 2222 1918 affectus
2268 1858 2605 1917 libertatem
2638 1858 2937 1935 degendae

1655 1954 1820 2007 ext-ra
1853 1950 2338 2008 communitatem
2387 1948 2548 2007 vitae
2591 1947 2938 2023 impetravit

1654 2042 1889 2097 retento
1951 2042 2151 2096 tamen
2212 2035 2420 2095 habitu
2481 2037 2681 2115 (quem
2732 2040 2938 2111 postea

1655 2128 1832 2186 etiam
1881 2120 2087 2206 exuit).
2150 2125 2406 2184 Parisios
2451 2129 2512 2183 et
2544 2126 2936 2184 Aurelianum
2995 2187 3000 2191 ,

1654 2216 1821 2286 adiit,
1885 2215 2178 2292 Angliam,
2258 2215 2581 2285 Bataviam,
2662 2215 2798 2273 dein
2874 2219 2937 2273 et

1655 2306 1886 2363 Italiam
1948 2304 2232 2363 lustravit
2280 2304 2600 2362 amicorum
2654 2303 2937 2362 subsidiis

1655 2395 1898 2470 adJ'utus
1929 2394 2003 2452 ad
2034 2394 2350 2452 excolenda
2380 2392 2596 2462 studia,
2650 2393 2870 2467 ubique
2904 2412 2939 2451 a

1657 2484 1800 2542 viris
1817 2482 2068 2541 literatis
2098 2501 2233 2541 cum
2247 2482 2488 2541 honoris
2504 2482 2937 2558 significatione

1655 2573 1731 2632 ob
1764 2571 2159 2631 eruditionem
2202 2572 2266 2629 in
2309 2571 2501 2629 literis
2544 2571 2806 2630 classicis
2839 2590 2938 2630 ex-

1656 2665 1884 2738 ceptus.
1935 2660 2180 2720 Taurini
2214 2664 2449 2720 creatus
2483 2664 2574 2720 est
2604 2660 2939 2738 theologias

1655 2751 1864 2812 doctor
1892 2746 2141 2833 (1506).
2205 2751 2345 2808 Cum
2398 2751 2597 2826 magni
2643 2750 2813 2810 fieret
2863 2751 2938 2809 ab

1656 2842 1912 2900 Henrico
1942 2839 2102 2910 VIII,
2133 2840 2233 2897 vix
2266 2858 2331 2897 ac
2363 2839 2459 2897 hic
2486 2841 2768 2898 thronum
2803 2858 2939 2898 con-

1655 2930 1903 3000 scendit,
1936 2930 2230 2988 invitatus
2276 2928 2522 2987 transiit
2566 2931 2628 2987 in
2659 2929 2937 3005 Angliam

1655 3024 1835 3095 atque
1882 3017 2094 3078 Oxonii
2141 3018 2566 3094 praelectiones
2608 3018 2824 3077 habuit
2866 3017 2939 3076 de

1655 3110 1847 3168 literis
1909 3107 2138 3184 graecis
2190 3107 2381 3181 deque
2430 3107 2559 3183 ipsa
2619 3108 2938 3184 theologia.

1656 3198 1799 3256 Post
1859 3197 2088 3271 aliquot
2148 3214 2333 3254 annos
2395 3197 2699 3255 Bruxellas
2762 3195 2942 3255 rediit

1658 3281 1886 3367 (1516)
1936 3290 2114 3359 atque
2163 3305 2195 3342 a
2244 3284 2450 3343 Carolo
2481 3284 2546 3342 V.
2593 3289 2804 3344 auctus
2849 3289 2940 3344 est

1655 3376 1877 3432 honore
1892 3373 2210 3431 consiliarii
2225 3373 2389 3448 regii.
2420 3373 2743 3447 Postquam
2759 3374 2939 3432 variis

1657 3463 1718 3520 in
1777 3463 2122 3521 civitatibus
2171 3462 2354 3538 degit,
2402 3462 2638 3520 demum
2671 3462 2941 3521 Basileae

1659 3552 1733 3610 ab
1783 3572 1834 3613 a.
1886 3560 2044 3614 1521
2105 3551 2378 3609 stabilem
2428 3549 2623 3608 sedem
2674 3550 2818 3620 fixit,
2869 3555 2941 3610 ut

1660 3640 1905 3699 edendis
1955 3639 2234 3715 operibus
2284 3639 2672 3708 incumberet,
2719 3639 2943 3699 frustra

1658 3749 1798 3788 eum
1843 3728 2225 3806 pontificibus
2256 3731 2317 3785 et
2346 3728 2652 3804 episcopis,
2701 3728 2942 3805 regibus

1658 3823 1718 3877 et
1739 3817 1984 3877 summis
2001 3816 2389 3892 principibus,
2418 3817 2744 3892 propositis
2763 3817 2940 3876 etiam

1659 3907 1990 3983 splendidis
2023 3905 2484 3976 conditionibus,
2536 3907 2650 3964 alio
2681 3906 2943 3966 invitan-

322 3995 445 4054 bris
487 3996 842 4072 judaeorum
859 3993 925 4076 ¹),
977 3997 1049 4055 de
1099 4017 1217 4072 qua
1254 3997 1381 4073 jam
1426 4016 1603 4073 supra
1658 3997 1844 4056 tibus,
1908 3994 2134 4072 Attigit
2177 4000 2323 4054 tunc
2370 3995 2596 4071 apicem
2627 3995 2850 4073 gloriae
2882 3999 2944 4054 et

322 4085 553 4161 egimus
586 4105 642 4161 p.
686 4095 871 4148 1232.

1660 4086 1917 4154 honoria,
1952 4085 2233 4144 encomiis
2284 4084 2541 4143 virorum
2574 4086 2840 4143 omnium
2869 4085 2942 4143 li-

417 4183 561 4234 604.
614 4175 821 4249 Neque
881 4173 1453 4250 praetermittendus
1513 4178 1607 4234 est
1662 4178 1999 4234 teratorum
2030 4173 2412 4243 obruebatur,
2448 4174 2677 4232 cunctis
2713 4174 2942 4233 deside-

322 4262 682 4321 Erasmus
734 4264 1121 4322 Roterdamus
1173 4282 1298 4322 can.
1344 4282 1465 4340 reg.
1513 4263 1605 4322 vir
1660 4264 1933 4323 rantibus
1964 4263 2060 4320 vel
2104 4262 2327 4337 apicem
2374 4263 2448 4320 ab
2479 4281 2546 4321 eo
2593 4263 2850 4340 recipere
2883 4267 2944 4322 et

403 4403 438 4466 ¹)
467 4395 550 4451 Cf.
578 4395 927 4450 Trithemius
944 4397 1012 4450 de
1030 4396 1132 4451 SE.
1150 4413 1194 4450 c.
1210 4402 1332 4463 920,
1356 4398 1604 4467 quicum

1661 4353 1980 4430 possidere,
2015 4352 2172 4410 unde
2205 4352 2520 4427 aliquoties
2540 4351 2613 4410 ad
2636 4363 2714 4415 40
2738 4352 2942 4411 literas

320 4468 575 4537 impense
604 4467 834 4526 laudat„
873 4468 1037 4522 Funk
1065 4467 1203 4521 KL.²
1231 4469 1298 4532 X,
1327 4474 1603 4527 lun-9²
1662 4462 1783 4501 una
1802 4441 2148 4517 expediebat
2177 4441 2285 4499 die.
2320 4440 2435 4499 Sed
2452 4441 2775 4500 dolendum
2805 4460 2943 4500 eum

323 4537 530 4608 Geiger
566 4539 614 4593 J.
644 4538 926 4593 Beuchlin
965 4539 1085 4593 sein
1106 4527 1300 4594 'Leben
1338 4541 1458 4594 und
1485 4542 1603 4595 sein
1663 4550 1802 4607 prae
1832 4531 2019 4590 nimia
2039 4530 2347 4588 literarum
2364 4530 2779 4589 humaniorum
2817 4531 2942 4588 cul-

321 4608 578 4673 Wirken,
630 4610 856 4679 Lipsiae
910 4614 1076 4672 1871;
1128 4611 1263 4682 allg.
1309 4614 1362 4667 d.
1418 4612 1605 4683 Biogr.

324 4679 496 4744 XXV,
537 4685 801 4744 vsa-99,
840 4683 1079 4735 Janssen
1124 4683 1324 4738 Gesch.
1365 4683 1419 4739 d.
1446 4685 1605 4738 deut-

323 4752 495 4806 schen
537 4750 910 4817 Volkes'll¹·,
957 4759 1152 4813 40ss.;
1206 4754 1496 4808 Fabricius
1538 4755 1603 4820 V,

1737 4758 1779 4828 ι)
1807 4753 1970 4808 Hanc
1997 4753 2135 4806 satis
2151 4753 2389 4823 colliges
2405 4769 2470 4806 ex
2491 4752 2577 4818 iis,
2595 4769 2741 4821 quae
2759 4753 2945 4823 legere

321 4826 456 4884 370:
486 4824 824 4948 praeprimis
850 4824 1125 4878 Katholik
1154 4827 1370 4890 1874.1,
1391 4830 1603 4889 569·93;
1662 4825 1876 4896 poteris
1917 4825 2073 4894 apud
2114 4826 2142 4879 J
2163 4840 2197 4876 a
2213 4843 2252 4879 n
2274 4843 2299 4877 s
2315 4843 2339 4878 s
2356 4841 2386 4878 e
2402 4843 2439 4878 n
2487 4824 2820 4878 Geschichte
2846 4823 2944 4878 des

324 4899 604 4955 700—19.
663 4896 699 4959 I,
728 4901 957 4953 51—71.

1661 4897 1973 4952 deutschen
2003 4896 2212 4951 Volkes
2240 4897 2361 4959 11¹⁸,
2387 4901 2417 4951 7
2448 4913 2516 4948 ss.
