3475 5364
278 392 360 446 ’77

1052 374 1243 434 Theol,
1271 371 1526 442 mystica.
1554 374 1720 443 Hugo
1748 390 1784 427 a
1808 392 1852 427 s.
1877 374 2123 429 Victore.

2819 392 2897 448 78

275 560 561 619 omnibus
604 559 725 618 fere
771 558 1113 635 disciplinis
1163 560 1236 619 ob
1268 559 1564 636 insignem
1620 559 1788 618 Febr.
1831 570 1988 623 1141
2031 555 2283 644 (1142),
2311 560 2476 620 Belle
2507 561 2578 620 de
2611 580 2680 620 eo
2712 561 2898 637 scrip-

270 649 678 709 eruditionem
722 653 784 707 et-
835 667 1016 725 opera
1065 650 1324 725 plurima
1372 648 1565 707 addici
1621 648 1703 707 sit
1732 648 1855 708 Jac.
1903 650 1976 708 de
2020 649 2280 709 Vitriaco
2323 649 2481 710 Hist.
2532 650 2711 709 occid.
2757 650 2797 713 1.
2842 649 2900 708 11

272 742 501 815 potest.
534 737 661 811 Quo
694 737 884 815 magis
914 740 1115 797 tamen
1145 738 1414 797 innotuit
1442 737 1566 796 suis
1622 756 1671 802 c.
1705 747 1820 803 24:
1857 739 2061 807 ,Inter
2092 739 2402 798 canonicos
2438 758 2484 798 s.
2504 739 2760 798 Victoris
2792 758 2901 797 no-

272 828 477 898 libris,
511 845 580 885 eo
610 827 812 885 miuus
846 829 1081 885 constat
1110 828 1183 885 de
1214 829 1343 902 ejus
1372 827 1568 902 patria
1620 826 2055 886 minatissimus
2117 832 2178 886 et
2238 828 2594 905 praecipuus
2667 828 2904 887 exstitit

274 926 347 975 et
378 916 614 991 reliqua
643 916 785 980 vita.
814 915 938 973 Alii
970 916 1223 987 Gallum,
1243 916 1566 974 Flandrum
1620 916 1934 975 citharista
1964 917 2218 987 Domini,
2252 936 2539 993 organum
2573 917 2832 993 Spiritus
2855 935 2903 980 S.

271 1006 387 1064 alii
418 1025 489 1064 ex
523 1004 752 1063 ditione
783 1005 1051 1081 yprensi,
1095 1005 1201 1063 alii
1232 1009 1293 1063 et
1324 1005 1563 1081 quidem
1622 1006 1698 1068 M.
1728 1005 1905 1083 Hugo
1938 1005 2010 1064 de
2044 1024 2092 1068 Β.
2121 1005 2357 1064 Victore
2389 1007 2604 1074 dictus,
2639 1006 2744 1082 qui
2776 1026 2900 1065 ma-

273 1094 658 1170 probabilius
690 1093 974 1153 Saxonem
1023 1094 1233 1152 dicunt
1278 1113 1346 1152 ex
1379 1093 1568 1152 nobili
1620 1093 1928 1170 lagranata
1957 1094 2383 1153 tintinnabulis
2400 1096 2768 1172 conjungens
2800 1114 2899 1153 ex-

274 1184 517 1243 familia
548 1183 833 1241 comitum
864 1182 936 1241 de
969 1183 1412 1258 Blankenburg.
1447 1182 1563 1241 Na·
1621 1184 1817 1258 emplo
1868 1187 2105 1260 sanctae
2155 1184 2624 1243 conversationis
2676 1185 2900 1243 multos

272 1280 384 1331 tus
415 1276 514 1331 est
532 1272 685 1331 circa
704 1291 758 1329 a.
791 1281 949 1335 1096
971 1272 1068 1330 vel
1097 1282 1294 1335 1097:
1324 1271 1565 1349 juvenis
1621 1271 1696 1330 ad
1746 1272 2120 1331 honestatem
2171 1272 2462 1342 incitavit,
2510 1275 2571 1331 et
2615 1272 2900 1332 melliflua

274 1361 544 1421 Parisios
590 1360 757 1419 venit
801 1355 877 1442 (c.
916 1356 1131 1443 1115),
1184 1360 1290 1418 ubi
1319 1378 1566 1437 congre-

270 1450 513 1527 gationi
549 1449 964 1509 canonicorum
979 1449 1349 1525 regularium
1369 1468 1414 1512 s.
1432 1449 1566 1508 Vic-

275 1540 433 1599 toris
497 1558 563 1597 se
622 1538 896 1614 adjunxit
970 1541 1255 1615 totusque
1333 1538 1564 1607 virtuti,

276 1628 507 1699 studio,
540 1627 784 1702 edendis
815 1627 986 1686 libris
1007 1627 1158 1686 vixit
1176 1628 1331 1686 tanti
1351 1626 1565 1698 sactae,

273 1725 350 1776 ut
384 1718 584 1786 ,alter
613 1716 1037 1793 Augustinus‘
1076 1716 1328 1794 ‚lingua
1356 1717 1562 1793 Augu-

276 1806 469 1865 stini<
507 1806 889 1877 salutaretur,
935 1804 1080 1881 quia
1121 1805 1566 1864 versatissimus

276 1899 411 1954 erat
459 1894 524 1954 in
570 1894 836 1970 ejusdem
882 1894 1176 1971 operibus
1240 1893 1366 1963 Quo
1414 1912 1569 1953 anno

276 1983 523 2054 obierit,
571 2002 696 2042 non
740 2002 860 2041 una
905 1987 1000 2042 est
1030 1983 1400 2042 eruditorum
1433 2002 1567 2042 sen-

275 2072 496 2131 tentia.
552 2071 941 2131 Praeferenda
990 2090 1057 2130 ea
1105 2075 1214 2143 est,
1250 2091 1399 2147 quae
1431 2091 1567 2131 eum

274 2163 504 2221 statuit
517 2158 568 2243 ¹)
618 2160 910 2221 decesisse
954 2160 1019 2219 in
1050 2161 1192 2219 flore
1223 2162 1434 2221 aetatis
1473 2171 1569 2223 ll.

270 2367 351 2420 sis
378 2368 467 2437 (l),
493 2367 572 2421 ab
596 2364 721 2420 illis
759 2365 945 2420 dictus
989 2365 1316 2436 „Magnus-ss
1372 2365 1565 2419 Nobili

272 2439 556 2519 progenie
584 2440 747 2491 ortus
772 2454 821 2491 a.
851 2443 1008 2501 1024,
1033 2454 1180 2505 puer
1205 2442 1272 2492 14
1298 2454 1348 2489 a.
1376 2436 1571 2490 induit

272 2527 333 2563 m
363 2509 741 2564 celeberrimo
768 2512 905 2563 tuuc
924 2508 1197 2578 temporis
1224 2507 1568 2562 monasterio

273 2578 639 2634 cluniacensi
666 2583 877 2634 vestem
906 2597 947 2633 s.
976 2578 1289 2633 Benedicti.
1331 2581 1360 2634 J
1370 2579 1569 2632 uvenis

272 2670 323 2711 a.
353 2657 424 2709 18
451 2652 759 2706 ordinatus
802 2654 888 2706 est
922 2650 1213 2716 diaconus,
1256 2650 1415 2706 brevi
1440 2653 1573 2721 post

275 2724 499 2778 electus
526 2723 591 2777 in
608 2740 885 2793 magnum
904 2723 1149 2792 priorem
1174 2726 1233 2776 et
1245 2738 1297 2776 a.
1314 2725 1486 2777 natus
1500 2727 1570 2779 25

274 2797 335 2849 in
362 2797 638 2849 abbatem
657 2795 1000 2865 obinsignes
1016 2794 1184 2864 plane
1204 2793 1381 2848 animi
1411 2795 1571 2849 dotes

272 2871 480 2926 «10491.
533 2869 736 2920 Annos
784 2870 855 2922 60
916 2866 1166 2934 praefuit
1229 2866 1570 2920 monasterio

278 2933 553 3006 illudque
580 2937 656 2989 ad
684 2954 971 2990 summum
998 2936 1286 3006 promovit
1310 2936 1569 3007 splendo-

271 3025 411 3072 rem,
432 3009 580 3062 adeo
601 3008 981 3061 utinnumera
996 3006 1250 3062 omnium
1268 3007 1567 3078 regionum

272 3081 630 3135 monasteria
656 3079 938 3133 virtutum
966 3079 1416 3150 disciplinaeque
1443 3078 1571 3134 reli·

274 3153 469 3221 giosae
501 3153 656 3205 fama
675 3154 923 3206 attracta
940 3149 1122 3204 eidem
1150 3150 1571 3221 subjicerentur

276 3223 368 3276 vel
395 3223 881 3293 aggregarentur.
908 3222 1115 3293 Ingens
1142 3223 1266 3275 erat
1290 3222 1415 3291 ejus
1441 3239 1569 3288 auc-

276 3294 484 3348 toritas
510 3293 672 3364 apud
700 3292 965 3363 populos,
994 3292 1300 3364 principes,
1326 3309 1488 3363 reges
1515 3296 1572 3346 et

276 3365 679 3434 imperatores,
707 3380 736 3417 e
780 3365 1005 3435 iscopos
1030 3369 1088 3418 et
1112 3364 1426 3433 pontifices,
1455 3381 1570 3432 qua

272 3436 335 3490 in
363 3438 585 3491 bonum
628 3436 737 3490 Ecc
763 3435 914 3489 esiae
955 3437 1244 3489 fructuose
1286 3438 1372 3489 est
1415 3453 1567 3489 usus.

274 3507 539 3562 Decessit
562 3507 625 3560 in
645 3507 816 3563 odore
835 3506 1154 3560 sanctitatis
1170 3511 1238 3563 29
1257 3508 1392 3577 Apr.
1412 3511 1568 3567 1109;

265 3581 390 3649 jam
448 3584 484 3634 6
525 3578 657 3635 Jan.
701 3582 842 3635 1120
885 3593 919 3630 a
966 3578 1187 3632 Calixto
1228 3578 1294 3630 11.
1358 3577 1569 3631 sanctis

273 3651 715 3704 adnumeratus.
786 3649 1107 3719 Supersunt
1156 3665 1374 3718 paucae
1436 3653 1568 3730 epe‘s-

272 3727 410 3777 rotae
422 3737 491 3774 ex
507 3720 725 3784 multis,
743 3736 890 3788 quae
904 3720 1215 3789 perierunt,
1233 3723 1291 3773 et
1305 3719 1568 3774 breviora

272 3792 567 3863 quaedam
598 3791 707 3846 scri
762 3809 814 3845 .a
840 3790 1055 3863 (Migne
1084 3791 1268 3856 CLIX,
1294 3796 1565 3857 845-956).

272 3864 357 3919 Cf.
387 3862 538 3917 Hist.
558 3863 685 3916 lit.l
746 3905 760 3926 ,
780 3867 1094 3923 465—487;
1121 3863 1396 3917 Baeumer
1416 3862 1567 3917 OSB.

271 3935 388 3990 KL.
409 3936 507 3999 VI,
536 3939 855 3994 3724382:
909 3935 974 3991 A.
1003 3933 1066 3988 Β.
1092 3933 1338 3988 Huillier
1366 3934 1469 3987 Vie
1498 3934 1567 3987 de

272 4007 327 4062 S.
358 4006 427 4062 H.
459 4006 745 4060 Solesmes
787 4009 954 4062 1888:
996 4007 1118 4075 ejus
1162 4005 1281 4059 vita
1317 4021 1351 4057 a
1380 4005 1568 4059 Hilde-

274 4081 437 4133 berto
465 4094 685 4138 cenom,
713 4075 929 4145 scripta
955 4089 1145 4148 (supra
1176 4097 1229 4158 p.
1269 4081 1373 4144 19);
1414 4077 1566 4131 Pott-

270 4151 405 4204 hast
431 4167 489 4219 p.
520 4153 679 4204 1379.
708 4182 773 4188 „-
802 4146 884 4201 De
911 4147 1027 4202 alio
1068 4147 1285 4202 ordinis
1312 4147 1566 4219 religiosi

272 4222 384 4275 hac
436 4219 678 4290 periodo
723 4219 909 4273 sidere
954 4219 1005 4272 S.
1059 4219 1094 4272 S
1113 4222 1180 4273 te
1199 4239 1236 4289 p
1254 4219 1292 4272 h
1309 4235 1343 4271 a
1360 4237 1395 4271 n
1414 4236 1445 4273 o
1496 4219 1565 4273 de

274 4292 501 4346 Mureto
528 4289 696 4362 (loc0,
726 4289 829 4344 ubi
856 4288 1100 4360 primum
1122 4291 1301 4344 vitam
1323 4289 1566 4344 eremiti-

271 4380 397 4417 cam
428 4362 572 4434 egit)
615 4361 834 4415 ordinis
918 4361 1399 4416 randimontensis
1440 4362 1565 4414 fun-

272 4435 475 4490 datore
502 4444 551 4504 υ
579 4437 743 4502 1124)
785 4432 854 4489 cf.
939 4432 1029 4488 ist.
1058 4432 1145 4489 lit.
1170 4434 1236 4494 X.
1262 4437 1563 4489 410—425.

270 4504 633 4578 liat-*mula
660 4503 885 4574 prodiit
909 4504 1150 4559 Divionc
1178 4508 1347 4563 16452
1398 4503 1565 4558 Roto-

273 4575 437 4659 magi
479 4579 621 4634 1671
645 4595 660 4636 ς
713 4581 1083 4630 instructiones
1129 4586 1176 4629 et
1225 4579 1441 4630 consil-‘a
1492 4577 1566 4628 ab

270 4648 461 4721 ipsius
480 4645 801 4718 discipulis
837 4646 1126 4708 collectae,
1155 4645 1381 4700 Parisiis
1409 4651 1563 4703 1704.

272 4723 435 4790 1707,
456 4716 870 4781 nuh-tantiam,
909 4717 956 4770 si
1000 4720 1233 4787 spectes,
1273 4716 1456 4787 ipsius
1484 4717 1565 4771 vi·

272 4789 485 4846 dentur
506 4787 652 4844 esse.

290 4915 293 4920 ,
384 4869 424 4934 ⁸)
451 4861 539 4917 Cf.
556 4877 647 4930 ep.
667 4856 950 4915 Osberti
968 4858 1379 4913 valetudinarii
1407 4877 1563 4928 prae-

272 4931 424 4998 steti,
453 4932 562 5003 qui
600 4930 717 5004 ipsi
757 4928 961 4994 astitit,
987 4930 1056 4984 de
1096 4931 1217 4999 ejus
1258 4935 1437 4985 morte
1478 4949 1563 4984 ex·

292 5107 339 5142 „a
634 5135 675 5148 ,Α

284 5105 751 5218 Qut

1621 1360 1892 1420 doctrina
1909 1361 1984 1419 ad
2013 1362 2323 1423 scientiam
2352 1362 2643 1431 erudivit3
2677 1363 2901 1421 multos

1620 1454 1823 1508 autem
1853 1469 2140 1525 aquarum
2174 1451 2501 1509 viventium
2523 1455 2732 1527 puteos
2760 1441 2902 1510 effo-

1621 1538 1791 1597 diens
1824 1539 1995 1598 libris
2030 1540 2174 1610 suis»,
2209 1558 2360 1615 quos
2393 1540 2464 1600 de
2487 1540 2599 1598 fide
2630 1542 2690 1599 et
2722 1542 2901 1600 mori-

1621 1626 1733 1686 bus
1766 1631 1891 1687 tam
1923 1628 2232 1687 subtiliter
2276 1648 2452 1703 quam
2486 1630 2748 1688 suaviter
2778 1629 2901 1688 dis-

1622 1717 1871 1776 serendo
1917 1717 2119 1786 edidit,
2167 1718 2394 1776 incerta
2438 1721 2501 1776 et
2543 1719 2776 1778 occulta
2807 1737 2901 1777 sa-

1621 1805 1882 1881 pientiae
1913 1806 2191 1882 pluribus
2222 1807 2471 1884 aperuit,
2507 1807 2901 1879 immortalem

1622 1896 1718 1954 sui
1728 1895 1982 1972 gloriam
1996 1895 2185 1954 veluti
2198 1896 2688 1970 compositionem
2705 1896 2904 1956 odoris

1621 1987 1682 2043 et
1714 2002 1866 2059 opus
1898 1984 2282 2061 pigmentarii
2312 1986 2375 2043 et
2405 1984 2469 2042 in
2501 1985 2769 2044 omnium
2802 2004 2902 2045 ore

1621 2072 1795 2147 quasi
1827 2073 1946 2130 mel
1977 2074 2354 2132 dulcoratum
2393 2073 2561 2133 velut
2604 2075 2902 2133 musicum

1622 2162 1687 2220 in
1700 2161 1971 2221 convivio
1987 2162 2132 2237 vini,
2149 2166 2210 2219 et
2221 2166 2521 2236 tamquam
2534 2181 2715 2221 naves
2728 2181 2903 2237 poma

1621 2250 1879 2309 ferentes
1911 2251 2163 2325 posteris
2196 2250 2604 2325 relinquendo,

1714 2439 1816 2492 46.
1849 2428 2204 2497 Docti-inam,
2240 2448 2418 2505 quam
2449 2430 2798 2504 praescitim
2830 2448 2898 2487 ex

1624 2536 1668 2581 a.
1689 2518 2018 2595 Augustini
2032 2517 2310 2593 operibus
2325 2518 2545 2588 hausit,
2560 2518 2623 2577 in
2639 2518 2901 2594 plurima

1622 2607 1865 2665 diffudit
1914 2624 2107 2684 opera,
2160 2625 2412 2682 quorum
2462 2607 2694 2682 potiora
2726 2611 2899 2665 sunt:

1624 2697 1712 2755 De
1721 2697 2046 2773 Scripturis
2064 2704 2114 2755 et
2132 2697 2512 2771 scriptoribus
2531 2699 2718 2756 sacris
2735 2716 2901 2773 prae-

1623 2786 2071 2844 notatiunculae
2093 2782 2318 2866 (Migne
2339 2785 2597 2856 CLXXV,
2636 2782 2901 2867 9—28)‚

1624 2876 1688 2933 in
1720 2874 1942 2950 quibus
1975 2874 2477 2934 introductionem
2510 2875 2806 2950 quandam
2838 2875 2904 2933 in

1623 2963 1955 3041 singulares
1999 2963 2183 3022 libros
2230 2982 2423 3022 sacros
2457 2963 2672 3033 tradit;
2718 2982 2900 3022 anno·

1623 3049 1868 3111 tationes
1915 3053 2327 3111 elucidatoriae
2359 3049 2619 3133 (breves)
2653 3052 2717 3111 in
2750 3054 2901 3111 Pen-

1623 3142 1961 3212 tateuchon,
1995 3141 2060 3200 in
2093 3142 2131 3206 l.
2161 3139 2463 3213 Judicum‚
2495 3141 2559 3199 in
2592 3142 2654 3199 ll.
2676 3142 2903 3218 Regum

1626 3225 1732 3313 (ib.
1770 3227 2118 3311 29—114)‚
2168 3230 2233 3288 in
2281 3230 2504 3305 quibus
2553 3229 2674 3289 fere
2707 3231 2901 3290 solum
2995 3283 2998 3286 .

1622 3338 1868 3378 sensum
1889 3319 2176 3378 literalem
2198 3318 2464 3390 exhibet3
2486 3319 2548 3377 in
2571 3319 2901 3400 Salomonis

1621 3408 2022 3468 Ecclesiasten
2036 3409 2306 3466 homiliae
2325 3413 2359 3466 1
2375 3411 2412 3467 9
2433 3407 2538 3484 (ib.
2568 3419 2588 3470 1
2615 3416 2801 3472 13·25
2815 3403 2898 3490 6);

1621 3499 1685 3555 in
1717 3497 1809 3556 his
1839 3497 2100 3572 practico
2130 3499 2334 3574 potius
2366 3516 2546 3572 quam
2578 3496 2903 3556 scientifico

1623 3586 1797 3645 modo
1830 3588 2060 3644 textum
2079 3586 2360 3663 explicat3
2394 3586 2905 3644 annotatiunculae

1620 3676 2035 3734 elucidatoriae
2079 3670 2475 3755 (prolixiores)
2526 3674 2590 3732 in
2639 3674 2902 3732 Thronos

1621 3764 1659 3823 J
1663 3765 1913 3823 eremiae
1959 3764 2283 3822 secundum
2327 3762 2720 3838 multiplicem
2766 3780 2899 3820 sen-

1620 3872 1770 3924 sum,
1804 3853 1868 3912 in
1900 3852 2128 3912 Joelem
2163 3852 2509 3930 prophetam
2565 3847 2903 3928 255·372);

1620 3944 1900 4016 expositio
1932 3944 2171 4000 moralis
2186 3941 2248 3999 in
2264 3941 2513 3999 Abdiam
2531 3847 2596 4024 {3
2609 3953 2640 4004 'i'
2661 3954 2676 4004 1
2693 3952 2759 4003 -4
2771 3936 2900 4023 06);

1620 4033 1688 4089 de
1718 4033 1965 4108 quinque
1996 4033 2240 4106 septenis
2285 4048 2391 4089 seu
2423 4030 2779 4105 septenariis
2812 4032 2903 4104 (in

1622 4139 1665 4179 s,
1701 4117 2031 4198 Scriptura)
2066 4120 2420 4195 opusculum
2441 4119 2565 4181 scil.
2586 4118 2657 4176 de
2675 4122 2900 4194 septem

1622 4209 1804 4278 vitiis,
1828 4208 2221 4283 petitionibus
2246 4207 2532 4267 orationis
2551 4207 2901 4278 dominicae,

1619 4298 1792 4357 donis
1826 4298 2085 4373 Spiritus
2119 4316 2183 4366 3.,
2233 4297 2563 4355 virtutibus
2609 4301 2668 4355 et
2713 4297 2902 4361 beati·

1618 4503 1861 4573 emplari
1914 4502 1972 4556 in
2025 4501 2288 4573 Hugouis
2333 4503 2452 4554 vita
2497 4502 2583 4555 ed.
2631 4519 2721 4572 op.
2763 4507 2903 4558 1648

1619 4573 2115 4701 unffi
2698 4572 2901 4700 isi?

1617 4665 1697 4770 itdl
1737 4663 2020 4773 l.pallatis
2071 4675 2352 4784 quaedam
2403 4663 2900 4785 Hugofii‘sq'xierbis'

1620 4788 1880 4859 subjicit:
1937 4787 2238 4852 ..Quamvis
2267 4787 2418 4841 dicta
2446 4786 2511 4839 H.
2540 4802 2573 4839 a
2602 4805 2641 4839 S.
2671 4785 2898 4839 Victore

1620 4859 1975 4930 magistralia
2028 4859 2140 4911 sint
2191 4863 2246 4910 ct
2309 4859 2480 4912 robur
2540 4857 2898 4909 auctoritatis

1618 4932 1870 4984 habeant
1898 4933 2042 4984 etc-⁴.
