3475 5364
979 345 1264 398 Arnaldus
1292 345 1360 400 de
1389 344 1523 410 Sar„
1554 346 1756 411 Trisse,
1781 348 1866 401 J0.
1895 346 1964 401 de
1991 345 2240 410 Molinis,
2271 346 2310 400 li
2339 345 2554 412 Muisis,
2954 364 3079 418 554

466 362 592 415 653

461 533 667 589 nostra
712 533 906 588 aetate
954 530 1264 607 diligentia
1325 552 1540 609 magna
1583 533 1744 592 edita
1808 527 2019 614 1375),
2055 532 2159 606 qui
2190 532 2430 608 scripsit
2460 532 2639 590 etiam
2670 531 2989 592 Historiam
3007 532 3080 591 de

462 620 577 677 suit
624 638 655 677 e
705 619 978 695 pluribus
1035 638 1170 679 mss.
1223 640 1257 679 a
1302 622 1362 679 P.
1416 622 1633 681 Miiller
1677 623 1743 681 in
1797 621 1983 697 gestis
2027 629 2078 679 et
2125 624 2283 680 trina
2329 623 2511 679 trium
2572 640 2773 698 reyum
2820 623 3078 681 transla-

460 708 767 767 Analectis
799 709 1180 768 franciscanis
1213 710 1286 768 ad
1313 711 1513 787 Aquas
1545 712 1741 771 Clarae
1797 713 1947 770 tione
1981 707 2345 792 (Coloniam),
2381 711 2652 770 Coloniae
2693 721 2853 774 1477
2880 733 2894 780 ς
2954 711 3079 770 Mo·

464 793 841 878 (Quarassssbi)
888 807 1044 860 1897
1082 799 1187 870 III,
1231 810 1504 871 1—-575‚
1539 803 1604 860 in
1624 821 1743 878 qua
1797 800 2040 877 guntiae
2083 810 2244 864 1486
2279 808 2419 871 etc.;
2461 803 2667 860 contra
2698 800 2975 870 Judaeos,
3010 800 3081 858 de

461 891 668 946 auctor
697 887 827 945 fuse
858 887 1033 946 initio
1065 888 1249 947 refert
1288 908 1438 964 quae
1471 895 1743 966 spectant
1800 889 2170 956 antichristo,
2219 890 2534 950 chronicon
2582 909 2688 949 seu
2736 890 3082 948 fasciculum

462 975 534 1035 ad
557 994 601 1035 s.
623 975 999 1034 Franciscum
1021 978 1359 1052 primosque
1386 980 1515 1055 ejus
1535 981 1742 1040 socios,
1796 982 2132 1054 temporum
2178 979 2299 1038 ord.
2334 980 2517 1039 Carm.
2565 998 2633 1037 ex
2665 979 2844 1037 variis
2878 981 3080 1039 aucto-

460 1065 570 1123 Est
629 1083 779 1140 opus
826 1064 984 1124 haud
1044 1067 1243 1144 exigui
1303 1070 1585 1129 momenti
1636 1089 1742 1146 pro
1799 1069 1966 1127 ribus
1986 1066 2261 1149 (inedita)
2277 1071 2494 1127 etc.—
2517 1069 2598 1127 De
2618 1067 2870 1145 Aegidio
2901 1068 3081 1126 Mni-

459 1154 708 1213 historia
736 1154 1065 1229 primorum
1098 1157 1432 1216 seculorum
1468 1158 1590 1218 ord.
1624 1159 1737 1217 fra·
1800 1158 1914 1216 sit
1942 1176 2127 1234 supra
2148 1159 2273 1233 jam
2318 1158 2551 1235 egimus
2584 1177 2716 1234 pag,
2754 1167 2897 1219 641.
2960 1156 3082 1214 Ibi-

458 1246 625 1301 trum
673 1244 833 1312 Min„
886 1243 989 1301 sed
1049 1246 1464 1322 complectitur
1526 1249 1743 1307 multas
1799 1248 1932 1306 dem
1965 1247 2141 1306 dict-is
2187 1247 2363 1305 adde:
2409 1247 2643 1324 Lingua
2685 1246 2881 1322 patria
2922 1245 3081 1303 dice-

460 1332 738 1408 legendas
781 1334 1126 1407 praesertim
1181 1335 1332 1395 circa
1362 1337 1555 1412 prima
1585 1338 1744 1396 ordi·
1798 1337 1977 1395 batur
2053 1336 2247 1396 Gillon
2324 1336 2366 1395 li
2436 1336 2682 1394 Muisi
2707 1353 2751 1393 s.
2830 1334 3080 1394 Tornaci

458 1422 552 1480 nis
612 1421 801 1480 initia.
864 1422 1086 1482 Multos
1147 1443 1372 1485 errores
1431 1426 1743 1486 historicos
1797 1445 1855 1484 n.
1939 1435 2105 1489 1272
2181 1446 2234 1486 01
2247 1425 2444 1484 dinem
2520 1443 2564 1483 s.
2641 1423 2946 1483 Benedicti
3021 1423 3084 1481 in

458 1511 975 1587 etchronologicos
993 1513 1529 1591 emendatdiligens
1550 1516 1743 1575 editor
1798 1519 2097 1574 conventu
2187 1535 2231 1574 s.
2302 1515 2539 1573 Martini
2615 1518 2706 1572 est
2777 1513 3082 1590 ingressus

456 1599 724 1659 indoctis
751 1602 1247 1661 annotationibus.
1281 1636 1365 1647 —
1400 1603 1742 1664 Joannes
1798 1598 2048 1685 (1289),
2114 1610 2176 1663 et
2222 1605 2285 1663 in
2332 1604 2674 1663 tristissima
2737 1602 3083 1661 monasterii

460 1688 727 1747 Trisse
759 1690 823 1748 O.
858 1690 1040 1749 Carm.
1076 1691 1300 1762 Gallus,
1348 1693 1556 1753 doctor
1601 1695 1661 1754 in
1696 1713 1740 1753 s.
1798 1693 2135 1753 conditione
2175 1693 2444 1752 unanimi
2476 1692 2768 1752 sodalium
2800 1691 3082 1768 suffragio

459 1778 678 1855 pagina
705 1773 768 1861 (†
804 1789 856 1840 5.
876 1777 997 1841 Jul.
1030 1776 1223 1863 1363)
1243 1786 1452 1842 auctor
1470 1787 1564 1842 est
1582 1803 1742 1843 mar-
1798 1783 2024 1842 electus
2070 1788 2162 1841 est
2205 1783 2385 1841 abbas
2433 1778 2561 1863 (31.
2598 1785 2737 1856 Apr.
2781 1775 2975 1863 1331)
3020 1783 3078 1838 et

458 1868 722 1944 tyroloyii
753 1868 816 1927 0.
853 1867 1051 1928 Carm.
1102 1867 1362 1954 (inediti)
1405 1874 1466 1930 et
1496 1875 1743 1952 cataloqi
1796 1877 1935 1947 post
2007 1872 2296 1948 plurimas
2387 1871 2769 1930 difficultates
2843 1869 3079 1928 demum

459 1959 869 2032 mayistrorum
913 1959 1224 2035 theoloqiae
1257 1959 1322 2018 Ο.
1355 1980 1537 2020 carm.
1565 1965 1737 2036 pari-
1803 1970 1900 2024 25.
1935 1962 2057 2019 Oct.
2100 1970 2261 2024 1332
2297 1961 2416 2019 fuit
2447 1963 2836 2020 consecratus.
2870 1959 3083 2035 Magna

455 2047 749 2120 sien-sium,
786 2064 1015 2106 necnon
1053 2048 1319 2125 priorum
1351 2051 1737 2127 generalium,
1797 2050 2118 2125 prudentia
2162 2053 2224 2110 et
2268 2050 2507 2110 solertia
2556 2049 2740 2108 statui
2771 2048 3083 2124 temporali

457 2138 520 2194 et
580 2135 982 2210 capitulorum
1045 2138 1409 2212 generalium
1487 2140 1736 2208 ordinis,
1797 2139 1918 2198 fere
1932 2138 2239 2214 desperato
2256 2139 2599 2198 monasterii
2614 2137 2892 2214 providit.
2907 2139 3082 2195 Anno

459 2242 635 2298 quem
683 2224 974 2299 triplicem
1025 2227 1361 2304 catalogum
1420 2229 1740 2288 admodum
1812 2237 1968 2291 ¹548
2005 2229 2314 2288 oculorum
2346 2229 2545 2287 amisit
2576 2229 2794 2296 lumen,
2839 2225 2997 2301 quod
3029 2225 3081 2283 ei

455 2313 785 2389 pretiosum
845 2333 954 2389 pro
1003 2315 1253 2375 historia
1301 2317 1444 2376 adeo
1494 2318 1742 2378 illustris
1797 2316 2063 2375 med³ous
2113 2336 2431 2395 germanus
2493 2321 2622 2375 arte
2674 2335 2786 2374 sua
2832 2315 3083 2373 feliciter

456 2401 714 2461 familiae
745 2420 945 2462 sacrae
993 2404 1178 2463 edidit
1221 2406 1481 2480 primum
1513 2407 1743 2466 Denifle
1796 2405 2082 2464 restituit.
2150 2407 2412 2465 Decessit
2452 2416 2545 2469 15.
2581 2405 2704 2464 Oct.
2751 2412 2913 2468 1353
2950 2404 3082 2480 »vir

457 2491 674 2550 Archiv
705 2491 772 2562 V,
800 2501 1121 2556 370—84.
1157 2494 1533 2554 Tribuuntur
1551 2497 1736 2555 eidem
1789 2496 1971 2570 juxta
1987 2495 2235 2553 Galliam
2269 2495 2665 2565 christianam,
2697 2500 2936 2553 aeterna
2962 2512 3083 2552 me-

455 2580 674 2639 Joanni
705 2581 968 2640 lecturae
1017 2583 1080 2640 in
1113 2601 1156 2641 s.
1192 2583 1551 2661 Scripturam
1588 2589 1649 2644 et
1677 2586 1736 2645 in
1798 2584 1984 2643 moria
2031 2584 2265 2661 dignus,
2318 2584 2422 2660 qui
2464 2588 2599 2643 tum
2644 2584 2957 2658 collapsam
2989 2602 3082 2641 re-

457 2666 805 2746 flagistrum
836 2672 1282 2732 sententiarum.
1299 2672 1440 2733 -J
1456 2694 1489 2733 o
1506 2695 1694 2734 anne
1711 2695 1739 2734 s
1797 2673 2094 2733 stauravit
2143 2673 2531 2751 disciplinam,
2594 2676 2726 2732 tum
2773 2671 3084 2732 facultates

455 2759 528 2817 de
559 2760 874 2819 Molinis
918 2756 1243 2844 (Molinius,
1287 2782 1404 2822 non
1440 2784 1475 2822 a
1507 2765 1739 2824 Melini-s
1796 2764 2140 2823 monasterii
2172 2764 2513 2840 deperditas
2559 2762 2824 2821 restituit
2868 2765 2930 2820 et
2977 2781 3083 2820 au-

455 2849 551 2908 vel
582 2845 1040 2932 mechlinensis),
1082 2853 1436 2922 Armoricae,
1473 2854 1640 2914 Brito
1672 2855 1735 2913 O.
1796 2853 1883 2909 xit
1898 2853 1942 2931 ¹)
1959 2860 2004 2909 ‘.
2039 2854 2384 2929 Composuit
2401 2854 2706 2911 chronicon
2727 2851 2922 2910 tribus
2943 2868 3082 2909 con·

454 2936 637 2995 Germ.
662 2934 742 3018 (fl.
772 2943 960 3013 1360)
974 2940 1212 3015 scripsit
1239 2944 1531 3015 speculum
1562 2944 1737 3002 histo-

452 3027 605 3085 riale
619 3029 846 3086 ordinis
862 3031 1216 3106 carmelitim’,
1241 3030 1504 3090 Venetiis
1532 3043 1553 3094 1
1570 3042 1604 3096 5
1617 3045 1651 3094 0
1662 3043 1736 3102 7.,

453 3116 614 3190 quod
627 3119 829 3175 tamen
837 3116 937 3175 alii
950 3119 1230 3177 tribuunt
1240 3119 1277 3177 J
1282 3120 1458 3178 oanni
1469 3120 1541 3178 de
1554 3122 1739 3180 Mech-

451 3204 611 3276 linia,
645 3205 747 3280 qui
778 3205 981 3265 floruit
1013 3210 1151 3282 post
1182 3209 1462 3268 seculum.
1524 3211 1596 3267 In
1629 3211 1739 3270 hoc

451 3295 760 3369 speculum
792 3299 1097 3371 receptum
1129 3297 1245 3355 fuit
1265 3293 1587 3358 Chronicon
1608 3301 1734 3358 ord.

450 3385 819 3442 cat-melitani
879 3385 1206 3444 «Ioannis
1283 3387 1356 3445 de
1406 3387 1740 3447 Venetia

451 3466 715 3553 (Vincta)
767 3473 937 3544 Galli,
986 3475 1332 3551 professoris
1377 3476 1733 3552 parisiensis,

449 3562 830 3637 provincialis
862 3563 1089 3623 Galliae
1122 3560 1374 3647 (1348),
1411 3566 1583 3640 cujus
1617 3566 1732 3625 fre-

450 3669 640 3737 quens
670 3656 764 3710 est
802 3652 1083 3712 memoria
1129 3653 1194 3710 in
1244 3654 1557 3713 annalibus
1608 3673 1733 3713 car-

449 3740 763 3799 melitanis.
826 3742 898 3799 ln
957 3741 1045 3800 ed.
1098 3744 1494 3818 antverpiensi
1568 3755 1730 3807 1680

448 3836 751 3904 receptum
783 3830 903 3889 fuit
917 3831 1154 3890 nonnisi
1176 3832 1241 3890 in
1273 3833 1574 3907 epitomen
1595 3851 1730 3893 eon-

447 3920 724 3977 tractum.
758 3919 1140 3979 Continuavit
1189 3921 1508 3981 chronicon
1560 3922 1730 3980 Gui-

447 4007 656 4066 lelmi
705 4008 777 4067 de
823 4009 1134 4085 NangiS,
1182 4029 1333 4084 quae
1364 4011 1733 4071 continuatio

445 4100 682 4172 recepta
729 4097 846 4155 fuit
889 4099 953 4157 in
1000 4098 1383 4175 Spicilegium
1433 4099 1733 4176 D’Achery

446 4184 589 4254 1112,
630 4196 992 4250 104—140.
1058 4188 1305 4263 Scripsit
1335 4189 1516 4247 etiam
1547 4208 1731 4247 anno-

446 4274 701 4334 tationes
745 4276 810 4333 in
854 4276 890 4339 l.
928 4286 982 4337 4.
1030 4277 1255 4353 Regum
1289 4272 1613 4359 (ineditas).
1650 4314 1730 4321 —

445 4364 517 4422 In
559 4364 712 4422 idem
748 4366 1056 4441 speculum
1105 4366 1222 4424 fuit
1267 4372 1568 4443 receptum
1616 4368 1731 4426 De-

441 4455 765 4525 fensorium
809 4454 932 4513 ord.
980 4454 1237 4513 fratrum
1280 4456 1384 4515 Dei
1427 4456 1731 4533 genitricis

445 4542 661 4601 Mariae
692 4544 764 4601 de
799 4545 996 4603 Monte
1028 4545 1294 4603 Carmelo
1327 4565 1430 4604 seu
1462 4546 1732 4623 dialogus

443 4631 602 4690 inter
632 4632 981 4692 directorem
1014 4637 1075 4691 et
1104 4633 1500 4694 detractorem
1534 4636 1605 4693 de
1637 4655 1728 4695 or-

444 4720 579 4780 dine
611 4721 1057 4781 carmelitarum
1105 4722 1431 4783 Joannis
1464 4726 1535 4782 de
1569 4725 1661 4783 Hi

1796 2945 1963 3000 stans
2011 2961 2108 3017 pp.
2155 2942 2219 2999 in
2250 2960 2368 3017 quo
2401 2942 2706 3000 historiam
2755 2940 2848 2998 sui
2878 2958 3080 3015 prose·

1794 3031 2003 3105 quitur
2034 3031 2380 3091 monasterii
2400 3036 2460 3089 et
2477 3049 2682 3090 versus
2704 3028 2880 3088 finem
2900 3029 3083 3088 histo-

1795 3120 1938 3178 riam
1971 3121 2230 3196 regionis
2264 3121 2440 3179 etiam
2462 3118 2948 3194 circumjacentis.
2982 3118 3082 3176 Al·

1793 3212 1991 3267 terum
2041 3209 2202 3284 quod
2251 3210 2497 3284 reliquit
2546 3208 2865 3267 chronicon
2902 3208 3083 3266 latius

1792 3301 1977 3372 patet,
2011 3298 2110 3357 sed
2144 3301 2237 3357 est
2266 3298 2601 3373 compilatio
2648 3296 2936 3372 quaedam
2965 3296 3082 3355 fac·

1793 3390 1993 3445 torum
2045 3387 2269 3461 absque
2319 3406 2475 3446 nexu
2525 3386 2597 3444 ad
2648 3406 2696 3443 a.
2755 3395 2936 3455 1353,
2985 3385 3080 3443 cui

1793 3475 2114 3550 subjicitur
2145 3477 2430 3534 memoria
2476 3475 2775 3533 abbatum.
2842 3474 3080 3531 Utrum—

1793 3583 1908 3639 que
1925 3565 2245 3624 chronicon
2260 3563 2708 3623 commendatur
2722 3562 3080 3621 narrationis

1794 3652 2040 3712 candore
2092 3657 2152 3711 et
2201 3653 2486 3711 fidelitate
2537 3655 2599 3710 et
2646 3655 2737 3710 est
2783 3652 2913 3709 fons
2961 3669 3080 3709 non

1792 3742 2259 3801 contemnendus
2309 3761 2416 3818 pro
2450 3747 2730 3816 tempore,
2784 3758 2901 3815 quo
2932 3740 3082 3799 vixit

1794 3833 2016 3890 auctor.
2081 3832 2216 3889 Alia
2262 3850 2412 3905 quae
2460 3834 2731 3906 spectant
2779 3829 2907 3904 ejus
2954 3848 3080 3889 mo-

1791 3920 2120 3979 nasterium
2152 3924 2502 3980 manserunt
2530 3918 2768 3977 inedita.
2800 3952 2883 3961 —
2923 3918 3079 3977 Ste-

1792 4010 2091 4085 phanus
2144 4009 2300 4068 OSB.
2353 4010 2534 4068 abbas
2588 4008 2801 4067 Montis
2845 4007 2951 4065 alti
2995 4004 3077 4089 (fl.

1804 4096 1994 4175 1369)
2028 4100 2362 4173 composuit
2411 4099 2715 4157 chronicon
2750 4097 3081 4156 Neritimom

1874 4346 1907 4405 ¹)
1937 4340 2019 4395 Cf.
2049 4343 2372 4394 accuratam
2403 4339 2804 4409 biographiam
2831 4339 2892 4392 in
2919 4339 3077 4392 stud.

1794 4412 1907 4464 und
1936 4411 2123 4464 Mitt-h.
2149 4428 2252 4464 aus
2279 4411 2407 4464 dem
2448 4410 2677 4463 Bened.-
2719 4411 2836 4464 und
2880 4409 3078 4464 Cister-

1791 4482 2184 4537 cienserorden
2210 4483 2365 4536 XVII
2395 4487 2590 4547 (1896),
2618 4487 2866 4541 547·577;
2895 4481 3077 4535 XVlll

1791 4558 1971 4620 (1897)
2018 4559 2230 4611 44—57
2252 4577 2263 4608 ε
2303 4558 2582 4612 sss—63:
2623 4558 2924 4617 396-411‚
2952 4569 3077 4605 auc-

1790 4627 1913 4679 tore
1941 4626 2042 4684 Ph,
2069 4625 2355 4695 Wagner:
2383 4625 2630 4679 Berliere
2658 4624 2852 4678 Revue
2876 4624 3060 4678 bened

1683 4726 1731 4782 l·
1789 4698 1855 4760 X,
1881 4701 1987 4754 257
2017 4715 2086 4753 ss.
2109 4718 2120 4757 ;
2163 4698 2406 4751 Scheber
2433 4696 2492 4749 in
2522 4697 2710 4750 Etude
2737 4695 2957 4749 lexicol.
2984 4666 3079 4748 sur

1788 4767 1870 4821 les
1897 4768 2118 4821 Possies
2160 4768 2228 4822 de
2265 4768 2330 4823 G.
2356 4767 2399 4820 li
2428 4767 2624 4820 Muisis
2658 4766 2719 4820 in
2760 4766 2924 4819 Mem.
2951 4782 3078 4819 cou-

444 4810 787 4869 desheim
823 4811 886 4870 Ο.
906 4812 1089 4872 Carm.
1111 4812 1368 4871 doctoris
1389 4813 1728 4888 parisiensis
1787 4840 1997 4893 mnu&
2049 4857 2152 4908 pm.
2220 4839 2437 4893 pACad·
2491 4839 2559 4892 de
2612 4837 2770 4906 Belg.
2824 4836 3078 4889 XXXVH

444 4903 505 4957 et
547 4900 894 4975 professoris
940 4901 1351 4960 avenionensis
1405 4898 1465 4982 (†
1501 4914 1554 4966 5.
1589 4903 1730 4978 Maj.
1790 4914 1987 4979 (1886).
