3475 5364
506 283 530 335 1
550 281 627 334 26
639 282 671 335 3
741 267 1096 322 1521—1540.
1116 261 1544 318 controversiae
1562 279 1690 316 cum
1707 261 2064 317 Lutheranis.
2081 261 2429 328 Bachmann,
2446 262 2876 333 Hoogstraeten,
2949 283 2974 333 1
2991 280 3119 336 264

502 453 706 509 ristiae
735 457 1097 509 saera-mento
1129 450 1289 508 inter
1319 450 1386 512 B.
1407 451 1475 509 A.
1509 449 1580 508 de
1599 448 1778 507 Usin·
1836 450 2075 525 carpsit,
2110 450 2234 511 scil.
2268 466 2403 507 cum
2448 467 2578 509 reos
2610 449 2849 525 capitali
2881 455 3119 509 senten-

499 559 613 615 gen
647 540 710 598 O.
745 540 797 598 S.
832 541 898 597 A.
931 540 1180 615 ejusque
1211 539 1357 598 olim
1386 540 1451 597 in
1480 538 1778 597 universi·
1835 538 1921 597 tia
1953 538 2192 598 affectos
2238 555 2360 597 non
2400 538 2818 615 permitterent
2863 539 3117 614 sepeliri,

500 632 623 687 tate
640 627 970 687 erfordiana
985 627 1346 704 discipulum
1361 629 1436 687 M.
1448 628 1779 687 Lutherum
1835 646 1878 686 s.
1914 628 1950 689 l.
1984 629 2046 686 et·
2075 647 2142 699 a;
2207 627 2476 688 Coloniae
2517 637 2681 691 1508
2733 628 2820 686 ed.
2858 637 2911 690 2.
2972 628 3123 687 Cum

504 737 548 775 a.
590 727 775 788 1530,
811 736 961 793 quae
983 718 1071 776 ed.
1092 717 1534 776 introductione
1565 717 1778 776 variis·
1834 735 1976 775 vero
2023 717 2119 777 hic
2162 716 2386 792 duplici
2447 716 2652 775 libello
2702 717 3120 793 respondisset,

500 825 616 883 que
661 807 1099 866 commentariis
1143 825 1372 866 necnon
1419 805 1781 883 imaginibus
1835 806 2094 865 occurrit
2107 801 2155 888 1)
2207 806 2524 883 theologus
2555 814 2750 864 noster
2779 807 3123 880 Defensione

499 899 593 955 est
653 895 972 967 illustrata,
1040 895 1409 973 wirceburgi
1465 905 1649 960 1903.
1692 927 1779 939 ——
1834 896 2173 954 scholastica
2194 898 2539 970 principum
2571 896 2908 955 Alemam‘ae
2938 896 2999 953 in
3031 913 3121 966 eo,

499 985 786 1043 Paulus
830 986 878 1043 B
900 986 1274 1044 achmann
1321 980 1678 1067 (Amnicola)
1712 984 1776 1042 Ο.
1836 984 1995 1060 quod
2028 984 2348 1044 sceleratos
2380 984 2650 1044 detinent
2697 985 3024 1061 insepultos
3055 984 3124 1044 in

499 1074 635 1132 cist.
667 1074 1093 1133 chemnicensis
1139 1094 1197 1133 n.
1231 1092 1276 1133 c.
1318 1084 1503 1144 1466,
1556 1074 1780 1132 artium
1835 1074 2014 1150 ligne,
2049 1074 2324 1133 Coloniae
2365 1083 2548 1137 1508.
2608 1075 2744 1132 Non
2788 1075 2976 1133 tacuit
3007 1074 3109 1132 Ra·

498 1162 784 1240 magister
815 1166 876 1221 et
907 1164 1089 1222 abbas
1130 1163 1475 1222 monasterii
1506 1163 1778 1221 cellensis
1837 1181 2077 1233 vennae,
2114 1181 2296 1238 quare
2327 1163 2545 1222 iterum
2592 1162 2850 1239 arripuit
2892 1163 3125 1222 theolo-

500 1248 897 1335 (Altenzelle)‚
932 1256 1174 1311 strenue
1195 1253 1367 1311 stetit
1399 1271 1531 1311 cum
1552 1253 1776 1321 Emser‚
1836 1269 1950 1328 gus
1981 1255 2184 1311 noster
2227 1252 2517 1310 calamum
2566 1252 2726 1312 edito
2761 1252 3125 1311 Protectorio

498 1341 779 1399 Cochlaeo
810 1348 917 1400 etc.
950 1342 1015 1400 in
1047 1341 1295 1400 Saxonis
1315 1360 1421 1417 pro
1441 1341 1555 1400 fide
1575 1341 1777 1400 catho-
1836 1341 2178 1416 principum
2211 1343 2278 1400 A.
2311 1341 2671 1415 demaleficis
2700 1360 2817 1400 non
2847 1342 3124 1417 sepelien-

499 1429 625 1498 liea,
658 1431 948 1506 nisusque
980 1434 1072 1489 est
1103 1448 1281 1489 suum
1301 1430 1619 1490 reformare
1654 1448 1777 1488 mo·
1834 1430 2138 1493 cii-sibam
2162 1429 3129 1511 1.Controversiademumquievit

497 1520 826 1578 nasterium
890 1517 954 1597 (†
1020 1531 1045 1582 l
1062 1516 1233 1598 535).
1297 1519 1475 1578 Plura
1535 1519 1782 1594 reliquit

502 1608 787 1683 opuscula
817 1627 923 1685 pro
946 1628 1117 1668 >more
1148 1609 1312 1668 illius
1344 1609 1629 1684 temporis
1661 1608 1782 1666 aeri

501 1697 638 1756 stilo
672 1701 877 1757 contra
920 1699 1265 1768 Lutherum,
1313 1716 1490 1774 quem
1518 1715 1678 1756 unus
1710 1717 1781 1756 ex

497 1787 704 1862 primis
734 1805 1049 1864 aggressus
1082 1791 1189 1858 est,
1221 1787 1380 1846 edita
1393 1781 1457 1868 1).

593 1974 735 2028 592.
770 1965 979 2042 Belyae
1008 1965 1174 2024 fuere
1206 1966 1412 2040 plures
1425 1963 1492 2042 ⁸2),
1544 1983 1613 2022 ex
1647 1965 1780 2039 qui-

498 2054 611 2112 bus
642 2054 831 2129 aliqui
876 2055 1052 2129 plane
1095 2055 1371 2131 insignes.
1437 2054 1477 2112 J
1491 2072 1572 2113 ac
1590 2054 1737 2112 obu
1755 2072 1782 2112 s

499 2143 569 2201 de
603 2142 1185 2219 Hoogstraeten,
1221 2142 1620 2202 Hochstraten
1654 2140 1781 2226 (op-

497 2228 705 2307 pidulo
736 2228 1113 2313 Brabantiae)
1149 2252 1205 2291 n.
1242 2251 1286 2290 c.
1318 2241 1506 2302 1460,
1539 2232 1653 2291 sub
1675 2253 1779 2309 pa·

496 2320 692 2379 tribus
725 2321 788 2379 Ο.
812 2320 1014 2380 Praed.
1045 2322 1289 2380 Lovanii
1306 2321 1525 2381 studiis
1541 2341 1783 2396 operam

499 2410 692 2480 dabat,
727 2410 1039 2486 factusque
1072 2411 1357 2487 magister
1390 2412 1612 2469 artium
1646 2430 1782 2470 eum

498 2499 764 2558 ordinem
809 2501 902 2557 est
950 2499 1132 2559 etiam
1165 2500 1473 2576 ingressus
1505 2520 1553 2558 a.
1594 2508 1781 2563 1485.

500 2588 774 2647 Coloniae
826 2588 1154 2665 theologiae
1198 2588 1444 2647 vacabat
1475 2592 1537 2647 et
1567 2589 1781 2664 adepto

499 2677 844 2754 magisterio
907 2677 1093 2737 studii
1156 2678 1510 2738 coloniensis
1570 2697 1782 2755 regens

498 2767 813 2842 primarius
846 2771 940 2826 est
970 2767 1287 2826 institutus
1320 2786 1355 2825 a
1385 2767 1649 2843 capitulo
1681 2787 1783 2844 ge-

499 2855 685 2914 nerali
718 2855 929 2930 Papiae
969 2855 1131 2919 1507
1186 2856 1408 2926 habito,
1457 2860 1588 2915 tum
1620 2857 1786 2933 prior

499 2946 723 3003 electus
757 2941 985 3028 (1508)
1032 2944 1292 3020 ejusdem
1344 2949 1671 3004 conventus
1717 2964 1785 3004 ac

501 3034 854 3092 auctoritate
916 3033 1239 3110 apostolica
1297 3053 1403 3109 per
1449 3034 1783 3109 provincias

500 3123 917 3193 coloniensem,
952 3123 1361 3200 moguntinam
1403 3129 1464 3182 et
1495 3124 1782 3182 treviren-

501 3231 622 3270 sem
656 3212 948 3289 generalis
981 3211 1118 3270 fidei
1149 3230 1356 3271 censor
1387 3230 1453 3271 ac
1484 3213 1786 3288 quaesitor

500 3301 838 3359 institutus.
873 3301 1127 3360 Strenue
1161 3320 1269 3360 suo
1290 3320 1537 3361 munere
1569 3301 1782 3379 funge-

499 3391 698 3460 batur,
733 3391 870 3450 hinc
913 3392 1260 3460 multorum,
1310 3391 1785 3450 humanistarum

498 3480 901 3556 petulantium
978 3481 1327 3557 praesertim
1377 3480 1781 3550 offensionem,

498 3569 1040 3639 contradictionem,
1063 3567 1267 3629 odium
1286 3569 1555 3628 incurrit.
1591 3570 1783 3645 Scrip-

501 3660 579 3717 sit
610 3660 997 3734 defensoriam
1038 3660 1303 3732 fratrum
1336 3660 1784 3717 mendicantium

499 3757 702 3807 contra
735 3750 971 3808 curatos
1004 3749 1147 3816 illos,
1183 3748 1288 3824 qui
1322 3747 1634 3825 privilegia
1664 3747 1783 3807 fra·

499 3843 654 3895 trum
676 3838 896 3913 injuste
916 3838 1294 3914 impugnant,
1329 3855 1374 3899 s,
1406 3838 1443 3895 l.
1477 3841 1538 3896 et
1570 3857 1619 3899 a.
1653 3834 1783 3918 (Co-

501 3928 689 3985 loniae
748 3936 910 3989 1507
965 3927 1028 3984 in
1073 3922 1169 4007 4);
1234 3929 1439 3985 eontra
1484 3926 1781 4002 quandam

501 4016 714 4072 Petri
778 4016 1133 4073 Ravennatis
1187 4014 1282 4096 (cf.
1315 4036 1370 4091 p.
1413 4013 1604 4098 1173)
1656 4016 1781 4091 opi-

498 4105 732 4163 nionem
766 4104 1260 4177 Justifi'eatorium
1289 4106 1625 4183 principum
1647 4106 1781 4164 Ale-

500 4196 731 4251 mam'ae
781 4192 1111 4251 dissolvens
1144 4193 1403 4252 rationes
1434 4239 1446 4249 .
1482 4238 1492 4250 .
1529 4239 1541 4250 .
1576 4195 1636 4251 P.
1669 4194 1782 4252 Ra-

1837 1518 2272 1579 interveniente
2306 1538 2441 1578 mox
2472 1523 2662 1577 morte
2696 1514 2920 1601 (1509)
2957 1519 3126 1578 Petri

1838 1607 1900 1666 R.
1932 1608 2013 1667 Ut
2055 1608 2381 1684 inquisitor
2424 1607 2638 1667 acriter
2682 1609 2808 1686 egit
2837 1609 3125 1667 adversus

1837 1715 2006 1774 sagas
2038 1697 2346 1773 ediditque
2393 1700 2468 1754 tr.
2511 1696 2770 1773 rigidum
2810 1700 2873 1756 et
2903 1697 3122 1775 magis-

1835 1787 2049 1846 tralem
2079 1787 2491 1856 declarantem,
2509 1805 2683 1862 quam
2707 1789 2968 1865 yraviter
2995 1805 3125 1862 pee-

1839 1883 1962 1935 cent
2009 1883 2348 1953 quaerentes
2395 1877 2688 1934 auxilium
2737 1895 2774 1933 a
2828 1876 3124 1951 maleficis,

1839 1965 2111 2025 Coloniae
2151 1974 2337 2028 1510.
2399 1963 2699 2040 Implexus
2742 1964 2860 2023 fuit
2906 1982 3125 2024 causae

1839 2053 2163 2113 diuturnae
2208 2053 2280 2111 de
2326 2053 2496 2112 libris
2535 2053 2894 2129 judaeorum
2922 2053 3122 2128 prohi-

1837 2139 2129 2225 bendis2),
2193 2161 2369 2217 quam
2431 2142 2713 2202 nolumus
2766 2142 2859 2200 hic
2907 2144 3123 2201 iterum

1838 2234 2101 2291 retexere
2153 2228 2254 2313 (cf.
2288 2250 2466 2307 supra
2498 2252 2554 2306 p.
2600 2229 2812 2314 1232).
2876 2233 3125 2307 Propter

1839 2339 1965 2379 eam
1997 2321 2416 2397 indignissime
2462 2320 2581 2379 fuit
2627 2322 3017 2397 impugnatus
3048 2321 3123 2380 ab

1839 2410 2185 2469 auctoribus
2217 2410 2606 2486 epistolarum
2625 2411 2891 2470 virorum
2910 2410 3123 2469 obscu-

1840 2517 2066 2569 rorum,
2101 2498 2459 2557 humanistis
2490 2503 2552 2557 et
2568 2501 2643 2559 ab
2661 2500 2793 2575 ipso
2813 2499 3121 2570 Reuchlin,

1839 2590 2201 2664 quapropter
2231 2588 2406 2663 plura
2437 2587 2625 2646 edidit
2669 2588 2892 2665 scripta
2922 2589 3122 2664 apolo-

1845 2678 2041 2754 getica
2072 2680 2252 2753 atque
2284 2677 2461 2736 etiam
2496 2677 2954 2737 Destructionem
2978 2677 3123 2738 001>-

1843 2768 2005 2824 bcdae
2037 2785 2142 2825 seu
2176 2767 2594 2826 cabbalisticae
2613 2767 2896 2843 perfidiae
2915 2767 3126 2826 adver-

1840 2874 1941 2914 sus
1992 2855 2424 2925 Reuchlinium,
2477 2857 2749 2915 Coloniae
2801 2866 2915 2919 151
2934 2867 2986 2920 9.
3036 2891 3128 2901 --

1841 2944 2015 3003 Haud
2048 2945 2445 3020 spernendum
2467 2963 2616 3021 opus
2648 2946 3128 3022 philosophicum

1841 3033 2219 3092 concinnavit
2250 3034 2607 3110 inscriptum
2638 3035 2974 3113 Maryarita
3004 3055 3126 3093 mo-

1840 3123 1989 3181 ralis
2027 3124 2434 3198 philosophiae
2483 3124 2546 3181 in
2595 3123 2706 3182 XII
2756 3117 2992 3183 redacta
3039 3124 3124 3194 11.,

1841 3211 1921 3274 ib.
1949 3220 2135 3275 1521.
2168 3245 2256 3256 —
2289 3211 2633 3288 Intrepidus
2654 3232 2893 3289 quoque
2924 3215 3124 3272 insur-

1840 3301 1997 3360 rexit
2026 3301 2309 3360 adversus
2355 3302 2701 3372 Lat-herum,
2737 3303 2910 3377 cujus
2960 3303 3126 3361 furo-

1841 3409 1964 3449 rem
1997 3391 2061 3449 in
2097 3409 2160 3449 se
2191 3391 2489 3451 excitavit.
2522 3391 2774 3467 Collegis
2808 3392 2934 3449 suis
2955 3391 3018 3450 in
3039 3391 3126 3450 fa—

1841 3480 2067 3538 cultate
2100 3480 2424 3538 coloniensi
2460 3486 2669 3539 auctor
2699 3481 2834 3549 suit,
2887 3484 2959 3539 ut
2990 3498 3127 3539 cen-

1843 3587 2043 3627 suram
2109 3568 2336 3627 serrent
2396 3569 2468 3628 de
2529 3569 2776 3629 Lutheri
2826 3569 3128 3628 erroribus

1844 3653 2070 3738 (1519)
2105 3658 2354 3733 ejusque
2369 3677 2548 3734 opera
2576 3659 2703 3735 igni
2733 3658 3125 3718 traderentur.

1843 3746 2188 3822 Composuit
2217 3765 2368 3822 opus
2390 3747 2660 3817 solidum,
2696 3747 2799 3806 sed
2829 3748 3127 3823 prolixum

1844 3842 1906 3894 et
1937 3836 2078 3893 stilo
2111 3835 2291 3895 nimis
2322 3837 2487 3913 gravi
2520 3840 2581 3894 et
2612 3836 2729 3895 acri
2751 3836 3126 3913 inscriptum:

1846 3924 1994 3984 Cum
2029 3926 2084 3984 d.
2101 3927 2428 4001 Auyustino
2448 3923 2726 4002 colloquia
2739 3929 2944 3985 contra
2957 3944 3126 3985 enor-

1843 4031 1967 4072 mes
2000 4017 2179 4088 atque
2211 4033 2521 4090 perversos
2540 4015 2788 4074 Lutheri
2816 4033 3043 4074 errores
3055 4011 3127 4094 ⁸),

1921 4133 1955 4202 ¹)
1989 4131 2051 4184 In
2080 4130 2276 4184 eadem
2305 4130 2686 4186 controversia
2723 4131 2947 4201 scripsit
2972 4132 3019 4186 G
3036 4148 3129 4185 er-

1840 4219 1873 4256 a
1890 4220 1917 4256 r
1932 4202 1968 4255 d
1989 4220 2023 4253 ιι
2043 4219 2068 4254 s
2095 4201 2164 4255 de
2181 4201 2443 4272 Zfltphen
2465 4202 2766 4272 theologus
2788 4202 3128 4258 coloniensis

500 4282 790 4351 vennatis,
854 4282 1075 4357 quibus
1151 4281 1484 4357 principum
1556 4282 1784 4359 judicia
1840 4277 1975 4345 (non
2004 4273 2443 4328 confundendus
2470 4288 2600 4327 cum
2627 4290 2709 4336 ‘³02
2751 4275 2915 4343 cujus
2956 4290 3130 4344 Supra

578 4494 613 4554 1)
644 4486 725 4541 Cf.
754 4486 981 4541 Streber
1007 4485 1119 4542 KL.
1150 4487 1188 4548 Ι,
1216 4489 1373 4544 1829.

572 4563 615 4628 ²)
644 4559 727 4612 Ad
770 4575 914 4626 quos
955 4562 1217 4628 spectant
1251 4558 1448 4627 aliqui,
1475 4558 1543 4611 de
1574 4559 1782 4627 quibus

1840 4363 1895 4415 p.
1923 4349 2022 4402 721
2053 4344 2398 4399 mentionem
2428 4346 2718 4415 fecimus):
2761 4346 2851 4402 Tr.
2882 4349 2945 4401 de
2967 4351 3128 4401 cada-

1839 4419 2046 4471 veribus
2075 4421 2430 4484 malefieorum
2453 4421 2633 4472 morte
2655 4417 3008 4487 punitorum,
3031 4417 3130 4472 Co·

1839 4488 2032 4542 Ioniae
2060 4491 2217 4545 1508.

1916 4564 1954 4630 2)
1985 4559 2068 4613 Cf.
2097 4558 2291 4613 Kessel
2331 4557 2445 4612 KL.
2487 4559 2605 4622 Vp,
2655 4564 2812 4624 1158,
2858 4558 2961 4628 qui
3004 4575 3128 4612 eam

493 4632 615 4701 jem
643 4629 866 4702 egimus
906 4632 973 4683 ut
1012 4631 1061 4683 A
1077 4648 1105 4683 r
1122 4648 1153 4682 n
1176 4630 1293 4684 old
1314 4647 1351 4683 u
1369 4648 1394 4684 s
1434 4629 1782 4699 Tungrensis
1838 4635 2100 4685 accurate
2143 4630 2444 4690 describit;
2489 4630 2531 4682 Ε
2549 4648 2577 4684 c
2592 4630 2628 4683 h
2645 4647 2721 4684 ar
2737 4632 2773 4685 d
2813 4632 2879 4696 11,
2920 4635 2987 4688 62
3028 4647 3126 4690 εις

501 4707 734 4774 (p.1234
750 4705 835 4772 a.)‚
858 4702 889 4754 J
907 4719 938 4755 o
956 4719 989 4754 a
1005 4720 1041 4754 n
1060 4721 1098 4755 11
1115 4718 1143 4755 e
1163 4720 1187 4754 s
1214 4702 1282 4755 de
1310 4702 1622 4755 Daventria
1643 4702 1781 4755 Min.
1840 4701 2522 4773 Hefele·Hergenroether
2551 4702 2679 4756 Vm
2707 4712 2734 4770 ἓ
2759 4708 2881 4760 912.

521 4793 577 4844 p.
623 4778 800 4844 1258),
855 4773 895 4828 C
913 4790 944 4828 o
961 4791 989 4826 r
1006 4792 1043 4826 n
1061 4773 1214 4827 eliu
1233 4790 1258 4826 s
1310 4790 1418 4829 van
1466 4774 1688 4827 Sneken
1717 4774 1780 4834 O,

547 4846 695 4902 racd.
727 4849 802 4918 (p.
833 4850 1011 4902 1252).

1911 4780 1953 4842 ³)
1981 4774 2064 4829 Of.
2094 4773 2387 4828 Laemmer
2413 4773 2505 4828 die
2533 4774 2870 4829 vortrident.
2897 4773 3129 4828 Theolo-

1837 4844 1928 4914 gie
1959 4843 2191 4899 Einleit.
2222 4863 2276 4900 n.
2304 4851 2356 4902 9.
