3475 5364
381 344 545 399 1457

370 514 439 587 Τ.
496 525 548 577 7.
610 513 865 588 denique
927 513 1191 589 continet
1251 518 1483 590 praeter
1541 513 1651 571 alia

376 603 789 679 responsiones
850 602 921 660 ad
984 603 1441 678 protestationes
1517 603 1650 661 illo-

377 712 526 763 rum,
579 692 684 767 qui
735 691 808 767 ad
852 692 1126 769 generale
1176 693 1495 761 concilium
1545 693 1652 750 tri-

374 780 691 840 dentinum
734 781 936 839 venire
982 786 1388 844 contemnunt.
1431 815 1516 824 --
1549 782 1651 855 Al-

372 870 652 931 binianus
701 870 1017 928 'Pretius
1068 869 1439 949 (Albigniani
1484 871 1649 939 Trez-

373 955 488 1038 zio)
544 959 702 1034 juris
764 958 1087 1027 consultae,
1145 960 1302 1035 juris
1355 960 1547 1018 civilis
1596 962 1656 1018 et

375 1048 641 1106 canonici
674 1048 838 1106 Trini
887 1048 1195 1123 professor,
1229 1049 1558 1124 disputavit
1588 1049 1655 1106 de

365 1138 666 1210 pontificia
715 1138 1011 1212 diqnitate,
1053 1137 1331 1196 thesauro
1364 1138 1656 1211 Ecclesiae

376 1232 437 1285 et
466 1225 831 1301 confessione
877 1228 1081 1284 contra
1123 1228 1505 1296 LutheranGS,
1541 1227 1653 1285 Ve-

374 1315 554 1390 netiis
602 1324 759 1379 1545
794 1315 859 1373 in
893 1324 962 1388 83
1009 1316 1068 1372 in
1115 1319 1282 1374 tract.
1322 1317 1448 1388 jur.
1492 1316 1652 1373 univ.

370 1410 417 1462 t.
454 1404 590 1465 XIII
621 1424 677 1480 p.
722 1415 741 1466 l
784 1423 918 1480 pag.
960 1414 1113 1475 1303
1158 1405 1373 1481 adjecit
1405 1408 1654 1464 annota-

369 1493 567 1568 tiones
601 1493 675 1551 ad
706 1494 859 1569 Guil.
894 1493 966 1551 de
988 1494 1204 1568 Baysio
1237 1494 1655 1567 commentaria

375 1582 439 1657 in
473 1582 775 1653 decretum
810 1582 1098 1653 Gratiani,
1149 1582 1411 1643 Venetiis
1455 1593 1651 1657 1513;

387 1682 578 1740 15993
640 1681 838 1740 15773
898 1680 1096 1743 15803
1158 1683 1310 1734 1601
1372 1673 1435 1730 in
1480 1672 1519 1734 f.
1570 1705 1651 1714 -

374 1761 588 1832 Petrus
619 1760 899 1819 Aurelius
933 1760 1278 1819 Sanutus
1312 1760 1375 1819 O.
1409 1761 1464 1819 S.
1497 1764 1651 1837 Aug.

1140 392 1147 401 ,
1242 327 1486 400 Treazio,
1514 327 1782 398 Sanutus,
1813 326 2123 395 Contarini.

2825 346 2988 400 1458

1708 514 1938 573 Patavii
1982 513 2287 590 magistris
2338 531 2482 573 usus
2533 517 2625 571 est
2675 514 2772 571 Ge.
2823 513 2993 573 Valla

1711 603 2015 672 sabellico,
2052 605 2124 661 M.
2159 604 2404 677 Musura
2435 606 2495 661 et
2526 604 2701 660 Petro
2733 604 2988 678 Pompo-

1709 693 1889 761 natio,
1923 692 2204 767 adversus
2237 711 2415 767 quem
2446 691 2820 767 postmodum
2853 691 2913 748 ll.
2953 700 2984 753 2

1710 783 1779 840 de
1840 783 2268 843 immortalitate
2330 783 2562 839 animae
2623 779 2989 856 conscripsit,

1710 875 1782 928 ut
1842 889 2024 947 supra
2074 891 2129 946 p.
2191 879 2355 934 1284
2407 869 2680 928 diximus.
2742 869 2991 943 Emenso

1712 960 2047 1019 studiorum
2082 960 2377 1019 curriculo
2395 979 2430 1017 a
2450 958 2752 1035 republica
2785 962 2994 1017 veneta

1710 1055 1912 1121 orator
1945 1049 2162 1111 missus
2196 1051 2288 1121 est
2316 1057 2470 1111 1521
2516 1048 2590 1106 ad
2612 1048 2881 1106 Carolum
2904 1048 2988 1115 V„

1712 1157 1892 1212 quem
1923 1157 2031 1213 per
2060 1138 2337 1214 Angliam
2376 1137 2436 1194 in
2471 1137 2814 1212 Hispaniam
2845 1156 2990 1195 eun-

1710 1230 1833 1286 tem
1849 1228 2165 1286 comitatus
2184 1231 2291 1286 est.
2324 1227 2407 1285 Eo
2424 1245 2668 1284 munere
2686 1230 2810 1284 tam
2823 1244 2991 1301 prae·

1710 1317 1864 1376 clare
1894 1317 2137 1374 functus
2169 1320 2279 1385 est,
2312 1320 2384 1373 ut
2403 1315 2466 1374 in
2485 1314 2848 1390 gravissimis
2870 1317 2989 1379 sta·

1709 1409 1812 1465 tus
1844 1406 2102 1482 negotiis
2135 1405 2517 1465 adhiberetur
2544 1408 2604 1462 et
2624 1404 2992 1479 praefectura

1711 1495 2102 1569 decoraretur.
2136 1494 2319 1553 Paulo
2350 1498 2486 1569 post
2515 1494 2748 1569 legatus
2767 1493 2843 1550 ad
2863 1493 2988 1551 Cle·

1712 1591 1972 1653 mentem
2004 1583 2129 1643 VII.
2175 1601 2305 1641 arce
2345 1601 2390 1641 8.
2423 1582 2640 1658 Angeli
2684 1583 2990 1640 detentum

1714 1668 1940 1754 (1527)
1994 1673 2213 1745 missus
2264 1677 2371 1743 est,
2424 1674 2496 1729 ut
2540 1691 2676 1730 eum
2725 1671 2991 1729 libertati

1711 1762 1949 1835 restitui
1973 1766 2224 1822 curaret.
2258 1760 2578 1837 Legatione
2609 1779 2850 1819 romana
2882 1761 2989 1818 ali-

370 1849 663 1925 patricius
694 1851 965 1923 venetus,
1009 1850 1341 1926 theologiae
1370 1851 1657 1926 magister
1711 1855 1860 1926 quot
1890 1851 2061 1909 annis
2107 1851 2329 1925 optime
2375 1849 2723 1924 perfunctus
2756 1849 2990 1924 aliaque

368 1945 437 1996 et
468 1938 805 2014 provinciae
838 1938 1157 2011 tarvisinae
1177 1938 1528 2009 moderator,
1565 1939 1655 1996 vir
1711 1938 2614 2015 iterumadimperatoreminter
2637 1938 2991 2014 reipublicae

373 2028 711 2102 prudentia,
745 2027 1018 2086 doctrina
1060 2031 1122 2085 et
1153 2028 1308 2086 vitae
1342 2030 1654 2087 sanctitate
1712 2034 2011 2088 senatores
2058 2033 2149 2088 est
2193 2031 2519 2103 cooptatus
2586 2028 2674 2086 Ob
2726 2028 2989 2105 insignes

373 2117 631 2193 insignis
676 2112 736 2197 (†
768 2126 870 2187 26.
903 2117 1056 2194 Aug.
1099 2112 1310 2197 1553),
1358 2121 1654 2176 recentem
1711 2118 1976 2193 ejusdem
2010 2118 2176 2177 dotes
2208 2138 2240 2175 a
2274 2117 2456 2175 Paulo
2487 2117 2591 2174 111.
2641 2117 2990 2175 meritorum

376 2206 845 2264 Luthera-norum
877 2207 1258 2264 assertionum
1273 2208 1652 2282 oppuynatio-
1702 2208 1873 2282 justo
1904 2207 2282 2265 aestimatore
2327 2208 2388 2264 et
2419 2206 2482 2263 in
2516 2204 2832 2282 seligendis
2865 2224 2988 2264 car·

372 2314 500 2353 uem
533 2294 821 2370 vulgavit,
857 2292 1122 2367 Venetiis
1161 2305 1360 2368 15433
1412 2294 1653 2354 Parisiis
1710 2296 2011 2369 dinalibus
2042 2295 2398 2369 felicissim0‚
2432 2295 2546 2353 etsi
2575 2294 2769 2353 adhuc
2800 2295 2989 2369 laicus

384 2393 579 2453 15493
621 2394 819 2454 15503
852 2387 913 2440 et
944 2384 1253 2441 Alberti
1300 2382 1372 2442 de
1406 2384 1656 2455 Saxonis
1711 2385 1925 2444 horum
1942 2386 2074 2443 albo
2091 2384 2535 2458 estadscriptus
2557 2385 2985 2459 21.Maj.1535

366 2473 629 2549 onicam,
665 2471 929 2531 Venetiis
970 2480 1133 2533 1522
1170 2473 1232 2530 in
1266 2473 1300 2531 f.

1711 2474 2178 2551 designat-usque
2211 2473 2314 2548 qui
2348 2491 2480 2531 oum
2500 2472 2635 2531 aliis
2657 2473 2802 2531 viris
2824 2492 2990 2549 egre-

1710 2563 1826 2639 giis
1845 2562 1888 2643 ι)
1911 2563 2155 2622 consilia
2175 2582 2285 2637 sua
2300 2562 2588 2621 conferret
2604 2562 2676 2619 ad
2698 2562 2991 2623 Ecclesiae

465 2660 499 2714 6
512 2661 544 2714 6
557 2660 611 2713 9.
646 2650 975 2710 Plurimum
1005 2650 1274 2710 innotuit
1290 2648 1332 2730 ¹)
1374 2651 1414 2710 C
1430 2670 1461 2709 a
1478 2670 1506 2711 s
1522 2672 1561 2728 p
1576 2672 1609 2710 a
1623 2671 1655 2709 r
1710 2652 2185 2728 reformationem
2207 2672 2220 2711 ε
2245 2670 2362 2728 quo
2376 2652 2441 2711 in
2456 2651 2694 2729 negotio
2710 2651 2990 2711 libertate

369 2741 414 2810 C
429 2760 462 2799 0
478 2759 518 2799 11
535 2745 562 2798 t
577 2762 610 2799 a
626 2760 654 2798 r
670 2760 700 2799 e
719 2760 759 2798 n
775 2761 817 2798 u
834 2758 861 2798 s
928 2735 1278 2822 (Conterini)
1331 2741 1652 2800 clarissimo

367 2848 587 2905 genere
620 2830 883 2890 Venetiis
922 2841 944 2892 1
965 2841 1020 2893 6.
1054 2831 1178 2889 Oct.
1206 2841 1231 2892 1
1246 2838 1371 2894 483
1392 2833 1570 2902 natus
1582 2827 1651 2911 2).

453 3039 488 3104 ι)
553 3033 923 3089 Reumont
984 3036 1167 3090 Briefe
1230 3035 1469 3104 heiliger
1534 3036 1651 3089 und

365 3105 876 3174 gottesfiirchtiger
904 3107 1184 3171 Italiener,
1223 3107 1485 3175 Friburgi
1513 3112 1653 3163 1874

375 3194 433 3245 p.
458 3180 595 3232 234:
636 3177 700 3228 In
741 3177 842 3230 der
882 3177 1213 3232 Geschichte
1258 3178 1356 3230 der
1400 3177 1651 3232 Reform-

378 3250 693 3316 bewegung
733 3248 830 3300 des
871 3253 955 3305 16.
994 3248 1190 3304 Jahrb.
1229 3248 1357 3318 gibt
1390 3265 1447 3302 es
1486 3249 1651 3303 keine

369 3318 793 3388 ehrwiirdigere
843 3320 960 3372 und
998 3319 1259 3388 zugleich
1287 3319 1651 3372 einnehmen-

366 3389 501 3442 dere
519 3389 740 3442 Gestalt
754 3390 838 3443 als
856 3390 945 3443 die
962 3391 1059 3452 des
1077 3389 1239 3444 Card.
1258 3391 1322 3444 G.
1341 3390 1649 3456 Coutarini,

371 3460 431 3512 in
454 3461 725 3516 welchem
738 3460 857 3514 sich
870 3461 1091 3516 Wissen
1106 3462 1211 3514 mit
1223 3461 1650 3532 Frommigkeit,

1710 2898 1759 2965 (τ
1791 2898 1962 2965 1476),
2005 2894 2169 2963 cujus
2211 2911 2356 2964 opus
2398 2893 2768 2964 praecipuum
2812 2897 2896 2946 est
2922 2894 2991 2948 de

1708 2967 1893 3030 rebus,
1908 2965 2117 3033 quibus
2142 2965 2263 3034 ipse
2285 2965 2546 3019 interfuit
2559 2965 2732 3034 gestis
2748 2964 2808 3018 in
2831 2965 2992 3018 Etru-

1709 3040 1795 3091 ria
1821 3042 1962 3094 1453
2000 3037 2073 3090 ab
2113 3036 2409 3107 Alphonso
2449 3052 2580 3106 rege
2607 3037 2990 3106 neapolitanO,

1709 3125 1743 3162 a
1769 3108 2001 3163 Venetis
2042 3111 2100 3161 et
2123 3108 2465 3162 Senensibus
2493 3109 2552 3162 ll.
2583 3109 2673 3162 111.
2702 3141 2767 3148 —-
2796 3107 2876 3161 De
2903 3108 2991 3162 Jo.

1710 3180 1969 3249 Baptista
1997 3179 2070 3234 M.
2093 3179 2150 3234 C.
2171 3178 2233 3232 Ο.
2253 3179 2450 3234 Praed.
2477 3181 2552 3248 (fl.
2581 3183 2739 3248 1654)
2766 3181 2991 3250 agimus

1710 3254 1749 3305 t.
1767 3252 1860 3316 11²,
1880 3255 2036 3306 1454.
2066 3285 2128 3291 —-
2159 3250 2211 3303 H
2227 3249 2246 3302 i
2264 3267 2292 3303 6
2309 3269 2335 3303 1·
2352 3267 2382 3302 0
2404 3269 2440 3302 11
2455 3269 2492 3318 y
2511 3269 2562 3303 m
2589 3268 2624 3302 u
2642 3268 2666 3302 s
2694 3250 2750 3304 C.
2769 3255 2993 3331 praeter

1710 3322 1890 3375 totius
1907 3321 2056 3374 orbis
2082 3321 2541 3389 descript-ionem,
2559 3320 2818 3374 Venetiis
2834 3326 2989 3380 1605.

1708 3391 1930 3462 publici
1957 3393 2098 3461 juris
2127 3392 2264 3445 fecit
2279 3409 2439 3460 opus,
2463 3392 2616 3459 quod
2641 3396 2876 3445 vocatur
2897 3409 2991 3445 au·

1708 3480 1886 3526 reum,
1926 3465 1985 3516 in
2015 3463 2288 3517 Thomam
2317 3470 2382 3516 A.
2425 3468 2487 3518 de
2526 3473 2637 3516 ente
2681 3473 2727 3516 ee
2752 3470 2992 3526 essentia,

366 3532 878 3586 staatsnittnnische
907 3532 1241 3602 Thiitigkeit
1275 3532 1381 3586 mit
1406 3539 1650 3586 ernstem
1706 3536 1783 3589 ib.
1812 3539 1968 3591 1606.
1990 3567 2056 3575 —
2077 3535 2324 3588 Joannes
2355 3533 2614 3604 Baptista
2635 3537 2691 3586 C.
2711 3533 2993 3587 Patricius

367 3603 964 3660 schriftstellerischen
992 3604 1246 3668 Wirkeu,
1292 3604 1649 3659 Weltkennt-

370 3673 459 3740 nis
505 3675 613 3728 mit
656 3675 874 3728 Frende
919 3693 992 3740 an
1037 3675 1650 3745 Zurnckgezogenheit,

369 3746 521 3800 Festi
568 3743 987 3815 keitreligioser
1000 3747 1351 3801 Grundstttze
1366 3747 1650 3801 mitMilde

370 3817 490 3870 und
520 3765 1016 3872 {ersohnlichkeit
1039 3818 1099 3871 in
1125 3818 1427 3889 religiosen
1457 3817 1651 3871 Streit·

370 3889 570 3959 ⁸fragen
604 3889 971 3959 vereinigten.

447 3960 908 4030 ²)111ustrinsima
935 3969 1021 4016 est
1048 3959 1645 4015 Contarenorum

371 4031 611 4098 familia,
664 4032 827 4103 cujus
879 4033 1072 4102 plures
1124 4049 1390 4101 magnam
1454 4032 1651 4101 adepti

366 4106 505 4155 sunt
531 4103 777 4157 nominis
795 4105 1022 4158 famam.
1051 4104 1136 4157 lta
1153 4106 1376 4172 praeter
1392 4108 1651 4156 nostrum

369 4175 415 4224 A
436 4192 490 4226 m
508 4175 543 4226 b
558 4191 586 4226 r
602 4191 634 4228 o
651 4192 676 4227 s
694 4174 714 4227 i
732 4192 767 4227 11
786 4192 811 4228 s
853 4173 911 4230 C.
963 4175 1309 4229 Venetorum
1354 4180 1477 4228 erat
1503 4174 1651 4243 lega-

370 4246 462 4298 tus
526 4245 598 4298 ad
663 4245 885 4299 Persiae
947 4263 1135 4315 regem
1191 4245 1650 4300 Usuncassanum

362 4319 692 4388 (lus—77)
720 4316 942 4386 iterque
971 4335 1137 4370 81111111
1166 4317 1447 4386 persicum
1474 4317 1652 4371 literis

366 4387 731 4456 consignavit
754 4387 922 4458 (inter
950 4389 1154 4457 Script.
1180 4406 1299 4459 reg.
1318 4405 1460 4458 pers.
1484 4391 1653 4443 Fran·

366 4458 579 4511 cofurti
610 4464 742 4516 1601
770 4478 824 4529 p.
840 4463 1163 4532 487—512).
1191 4493 1258 4500 —
1286 4460 1369 4513 Al
1390 4460 1608 4528 oysiu
1627 4478 1651 4513 s

369 4529 735 4600 (Ludovieus)
775 4533 837 4587 0.
865 4531 1074 4585 Crucif.
1109 4531 1384 4585 avunculi
1404 4532 1494 4585 sui
1522 4533 1651 4585 Cas-

367 4601 538 4670 paris,
566 4602 634 4654 de
663 4619 776 4669 quo
805 4602 1046 4672 egimus,
1068 4602 1250 4656 edidit
1266 4602 1496 4656 Parisiis
1512 4608 1648 4660 1571

367 4688 558 4740 opera,
576 4676 634 4727 et
649 4673 861 4727 Romae
878 4673 1143 4743 vulgavit
1159 4679 1298 4731 1569
1320 4678 1653 4730 Descrizimne

366 4746 780 4810 dell’Antichita,
808 4747 932 4809 Sita,
960 4750 1138 4800 Chiese
1162 4749 1269 4804 ete.
1303 4748 1360 4800 da·
1375 4750 1562 4801 Roma.
1588 4779 1651 4787 —

370 4814 411 4868 C
429 4832 460 4868 o
478 4833 502 4868 8
520 4833 575 4868 111
593 4834 625 4869 a
643 4834 667 4869 s
696 4817 752 4869 C.
785 4820 908 4870 erat
930 4817 1225 4871 canonista
1254 4815 1478 4871 Patavii
1495 4822 1650 4875 1460.

1749 3606 2073 3673 hysicorum
2101 3605 2538 3676 perscrutationi
2566 3608 2688 3658 crat
2712 3604 2989 3659 addictus.

1708 3626 1773 3746 {j
1782 3695 1848 3730 us
1873 3680 1935 3729 de
1948 3680 2057 3730 Deo
2084 3680 2142 3729 et
2157 3694 2302 3745 quae
2321 3694 2387 3729 ex
2403 3676 2518 3730 Deo
2537 3676 2989 3734 effluxere11.111.

1709 3748 2051 3817 prodierunt
2075 3748 2331 3801 Venetiis
2358 3752 2527 3806 1594:
2555 3752 2880 3817 quaestiones
2899 3769 2990 3817 pe-

1708 3819 2308 3944 gpatgtieatzitzierrebus
2337 3819 2702 3944 1151113111ρἶ
2728 3819 2805 3947 (ΥΞ
2811 3836 2990 3947 1ipen-

1769 3910 1823 3944 m
1899 3909 1976 3944 ris
2068 3907 2695 3955 eisexamma‘e‚1.
2884 3923 2986 3942 .--

1711 3963 1739 4017 .1
1764 3979 1800 4014 11
1818 3961 1867 4015 11
1887 3981 1923 4015 11
1942 3980 1967 4014 8
1996 3960 2054 4015 C.
2082 3963 2204 4016 erat
2230 3962 2528 4031 episcopus
2555 3962 2908 4016 bellunensis
2936 3964 2993 4015 et

1709 4032 2015 4086 cardinalis
2043 4043 2089 4095 (†
2115 4036 2292 4104 1575).
2322 4066 2387 4074 --
2413 4032 2529 4087 Alii
2550 4034 2721 4103 hujus
2746 4033 2990 4087 nominis

1709 4106 1866 4158 fuere
1893 4103 2261 4174 magistratus
2290 4104 2507 4174 politici
2537 4105 2627 4159 vel
2651 4103 2784 4159 belli
2804 4104 2989 4160 duces.

1709 4176 1793 4230 Cf.
1823 4176 2112 4230 Fabricius
2138 4174 2276 4230 bibl.
2304 4176 2401 4229 lat.
2429 4177 2470 4242 1,
2496 4181 2600 4234 392
2628 4194 2669 4230 s.

1788 4251 1824 4319 ¹)
1857 4247 1930 4300 Hi
1957 4246 2056 4300 alii
2080 4247 2192 4301 viri
2211 4247 2464 4317 insignes
2481 4248 2638 4301 fuere
2667 4247 2706 4302 C
2723 4263 2756 4299 a
2772 4266 2800 4301 r
2815 4265 2847 4300 a
2864 4248 2892 4301 f
2903 4248 2988 4313 fa,

1710 4318 2039 4383 Sadolet,
2093 4318 2285 4382 Polc,
2340 4319 2470 4373 Fre
2543 4337 2685 4384 oso,
2737 4320 2991 4374 Alcan-

1708 4389 1851 4456 der‚
1881 4389 2200 4446 Giberti.
2228 4390 2472 4445 Thomas
2561 4391 2746 4444 adia.
2773 4391 2854 4444 De
2881 4391 2990 4444 sin·

1709 4461 1864 4531 gulis
1881 4462 1996 4514 suis
2012 4461 2150 4515 locis
2168 4461 2389 4530 egimus
2405 4465 2634 4532 excepto
2648 4463 2754 4516 1100
2769 4461 2989 4520 ultimo.

1710 4533 1813 4600 qui
1853 4533 2080 4602 scriptis
2119 4550 2237 4587 non
2276 4533 2548 4588 innotuit.
2601 4533 2734 4586 Fuit
2772 4533 2989 4603 origine

1711 4604 2066 4668 Mutinensis,
2080 4605 2427 4674 professione
2444 4605 2856 4664 dominicanus,
2873 4622 2990 4657 niu·

1710 4692 1843 4729 nere
1856 4676 2126 4746 magister
2137 4694 2180 4731 s.
2201 4677 2418 4746 palatii.
2441 4678 2645 4730 merito
2658 4693 2690 4728 a
2705 4675 2880 4729 Paulo
2895 4675 2989 4730 111.

1710 4750 1930 4801 creatus
1957 4752 2138 4806 (1542)
2167 4747 2488 4801 cardinalis
2518 4748 2661 4800 Eum
2681 4747 2831 4800 idern
2856 4765 2990 4815 pon-

1711 4817 1850 4872 tifex
1877 4819 2108 4873 miserat
2134 4824 2275 4876 1540
2301 4836 2428 4873 cum
2459 4819 2589 4873 aliis
2616 4819 2890 4886 delegatis
2917 4818 2988 4870 ad

366 4919 436 4925 —
460 4886 501 4939 F
518 4905 545 4940 r
562 4904 595 4939 a
611 4905 648 4940 n
665 4903 693 4940 c
712 4886 730 4940 i
747 4905 772 4940 s
788 4905 817 4940 c
833 4907 870 4940 u
888 4905 912 4942 8
941 4887 997 4948 C.
1020 4892 1141 4943 erat
1159 4888 1654 4959 historiographus
1710 4890 2063 4959 colloquium
2092 4891 2485 4945 wormatiense
2513 4896 2558 4959 (†
2587 4894 2764 4960 1547).
