3475 5364
579 386 651 439 71
1125 367 1495 422 1109—1141.
1522 362 1627 416 Jus
1653 360 2016 437 canonicum.
2041 358 2140 411 lvo
2169 376 2341 423 carn„
2367 358 2648 411 Placidus,
3118 372 3204 425 72

575 553 872 613 sentaneis
924 569 1154 610 summo
1205 549 1470 626 praesuli
1519 546 1853 607 virtutibus
1908 543 2182 618 epistolae
2196 550 2340 614 292,
2360 562 2614 619 quarum
2628 551 2752 606 285
2775 541 2967 600 edidit
2979 542 3212 600 Petrus

576 642 789 702 ceteris
821 640 993 718 regni
1011 640 1312 716 praeluxit
1329 637 1640 714 episcopis,
1673 637 1852 695 Sanc·
1911 631 2130 690 Pithou
2162 631 2409 690 Parisiis
2451 641 2648 703 1585;
2690 650 2825 690 cum
2857 630 3206 689 annotatio·

574 733 657 790 tis
718 732 1159 800 adnumeratur,
1222 728 1325 787 sed
1376 727 1612 803 quando
1671 725 1856 784 fuerit
1908 720 2086 779 nibus
2118 719 2210 782 Fr.
2242 719 2283 778 J
2284 720 2444 780 ureti
2474 724 2537 780 et
2566 720 2607 779 J
2608 739 2660 779 o.
2690 721 2758 783 B.
2782 720 3061 779 Saucheti
3083 720 3198 779 Pa-

576 820 954 880 canonizatus
985 837 1108 878 non
1137 820 1387 881 constat.
1419 816 1564 874 Pius
1585 815 1651 874 V.
1682 833 1853 873 cano·
1908 808 2070 868 risiis
2114 819 2307 880 16103
2342 810 2626 885 epistolas
2658 810 2732 867 ad
2765 809 3199 868 investituram

577 910 727 968 nicis
760 908 1138 986 regularibus
1183 905 1433 966 indulsit
1479 904 1617 964 festi
1661 904 1853 980 ipsius
1909 900 2242 981 spectantes
2272 898 2513 958 exhibet
2553 899 2776 958 Sackur
2820 898 2885 957 in
2927 898 3055 956 MG.
3089 898 3207 957 lib-

581 1010 681 1062 20.
712 999 853 1074 Maji
893 992 1433 1075 celebrationeml).
1481 993 1730 1052 Maxime
1763 993 1853 1052 in·
1907 987 1981 1045 de
2013 986 2107 1044 lit·
2137 986 2212 1058 II,
2249 996 2631 1058 642—6573
2665 987 2967 1046 Sermones
3002 996 3085 1050 24
3119 988 3206 1045 de

577 1088 778 1147 notuit
798 1088 900 1146 Ivo
932 1085 1349 1161 compilatione
1368 1083 1720 1143 Panormiae
1739 1082 1850 1139 tri·
1908 1074 2326 1134 ecclesiasticis
2359 1076 2743 1136 sacramentis
2788 1078 2850 1135 et
2880 1076 3093 1136 officiis
3125 1094 3210 1135 ac

577 1178 758 1236 butae
802 1176 864 1235 'm
911 1194 1010 1250 pp.
1045 1184 1100 1246 8,
1153 1192 1303 1248 quae
1334 1175 1428 1233 est
1458 1172 1726 1232 collectio
1759 1189 1852 1230 oa·
1909 1163 2242 1240 praecipuis
2256 1183 2363 1241 per
2377 1184 2602 1225 annum
2617 1165 3085 1241 festiS,quorum
3110 1175 3184 1227 21

578 1284 798 1325 nonum
815 1282 1004 1324 senex
1019 1263 1346 1322 canonibus
1370 1261 1854 1339 compendiosum
1909 1253 2099 1311 edidit
2131 1254 2337 1314 Meleh.
2361 1254 2605 1331 Hittorp
2637 1255 2703 1313 in
2733 1255 2953 1313 divinis
2987 1254 3203 1313 catho-

578 1356 898 1424 decretum,
947 1371 1065 1427 quo
1113 1358 1253 1411 ante
1285 1351 1555 1410 Gratiani
1587 1354 1857 1425 tempora
1909 1342 2056 1400 licae
2088 1341 2381 1403 Ecclesiae
2426 1343 2652 1414 officiis,
2700 1344 2971 1403 Coloniae
3024 1352 3200 1406 1568

577 1444 904 1504 utebantur
926 1442 1200 1517 juristae.
1261 1441 1334 1498 In
1377 1459 1445 1499 eo
1485 1439 1730 1499 Burch
1748 1458 1853 1496 ar·
1910 1434 2018 1490 01³0·
2050 1431 2215 1490 Infffl'
2246 1449 2346 1491 00⁵
2364 1433 2716 1509 praecipuus
2744 1435 2838 1491 est
2852 1433 3106 1508 quintus
3126 1430 3194 1512 ¹),

578 1534 748 1592 dum
792 1530 1148 1590 Wormatiae
1191 1531 1535 1607 episcopum
1565 1529 1653 1587 ita
1683 1545 1854 1587 accu·
1910 1538 2087 1594 quem
2139 1519 2270 1595 ipse
2320 1521 2624 1597 inscripsit
2684 1523 2753 1580 de
2797 1524 3202 1581 convenientia

577 1626 702 1682 rate
735 1624 977 1680 secutus
1008 1622 1115 1690 est,
1149 1622 1220 1678 ut
1251 1619 1433 1678 etiam
1478 1619 1608 1693 ejus
1641 1616 1854 1676 menda
1908 1610 2110 1667 veleri-3
2124 1617 2176 1666 et
2191 1612 2322 1668 novi
2336 1612 2632 1687 sacrificii,
2655 1611 2716 1669 in
2737 1629 2854 1686 quo
2875 1610 3202 1669 artificiose

577 1709 1017 1778 transcriberet,
1063 1726 1184 1766 non
1228 1726 1397 1767 secus
1437 1726 1504 1766 ac
1535 1707 1666 1782 ipse
1698 1705 1851 1765 Bur·
1908 1697 2087 1756 nimis
2118 1699 2380 1758 ostendit
2411 1718 2617 1758 omnes
2648 1699 2866 1759 missae
2896 1718 3199 1759 caeremo-

577 1800 830 1859 chardus
862 1797 1073 1856 menda
1121 1797 1566 1874 Reginonis.
1627 1794 1856 1853 Prodiit
1907 1787 2039 1844 nias
2071 1789 2133 1845 et
2163 1787 2319 1846 ritus
2340 1788 2767 1866 praefiguratos
2787 1789 2975 1848 fuisse
3009 1789 3200 1847 sacri—

578 1889 837 1966 primnm
896 1885 1165 1945 Basileae
1222 1896 1417 1956 1499;
1479 1885 1851 1953 restitutum,
1909 1875 2055 1933 ficiis
2117 1875 2183 1934 V·
2244 1875 2307 1939 T.
2367 1877 2684 1936 Tribuunt
2738 1878 2851 1954 ipsi
2916 1877 3197 1936 nonnulli

578 1981 903 2038 correctum
938 1979 999 2034 et
1029 1976 1405 2034 emendatum
1458 1992 1637 2050 opera
1667 1975 1728 2032 et
1761 1972 1852 2031 di·
1909 1964 2303 2041 Microloyum,
2351 1966 2424 2024 de
2471 1985 2590 2042 quo
2634 1967 2868 2043 egimus
2914 1967 2959 2036 1,
3005 1976 3192 2029 1037.

575 2068 827 2145 ligentia
840 2062 1617 2124 MelchiorisaVosmediano
1631 2062 1853 2121 artium
1914 2053 2233 2111 Chronicon
2277 2056 2346 2112 de
2407 2056 2635 2132 reyibus
2679 2057 3046 2115 Francorum
3097 2056 3196 2113 vel

578 2159 638 2215 et
686 2174 731 2215 s.
778 2154 1110 2230 theologiae
1160 2153 1435 2223 doctoris,
1481 2154 1553 2210 ut
1598 2150 1857 2228 praefert
1908 2141 2175 2200 Historia
2202 2142 2561 2203 Francorum
2607 2144 2805 2204 brevis
2849 2165 2882 2203 a
2914 2145 3198 2203 Lothario

578 2246 816 2317 titulae,
851 2242 1097 2303 Lovanii
1129 2253 1309 2307 1557.
1342 2242 1542 2319 Longe
1563 2240 1856 2316 copiosior
1909 2230 2192 2290 Ludovici
2224 2232 2316 2290 Pii
2346 2232 2570 2291 filio—
2602 2245 2783 2306 1105,
2818 2234 2893 2292 ab
2924 2234 3061 2292 aliis
3082 2234 3190 2291 tri-

578 2338 670 2393 est
718 2335 833 2393 alia
883 2331 1240 2408 compilatio,
1304 2350 1456 2407 quae
1505 2329 1856 2388 inscribitur
1911 2319 2122 2379 buitur
2166 2320 2482 2398 Hugoni
2523 2323 2870 2393 floriacensi,
2904 2326 2974 2382 ut
3007 2341 3198 2399 supra

577 2424 780 2482 Ivonis
812 2424 1097 2481 decretum
1127 2421 1188 2479 in
1217 2432 1289 2484 17
1313 2439 1412 2495 pp.
1442 2419 1855 2487 distributum,
1911 2408 2187 2480 diximus,
2222 2414 2283 2468 0¹²
2313 2430 2349 2468 8·
2379 2411 2579 2488 Migne
2625 2412 2946 2489 subjicitur
2989 2412 3192 2470 lvonis

577 2512 736 2588 quod
753 2509 1384 2573 ediditJ0.Molinaeus
1404 2507 1853 2570 Levaniil5612
1911 2498 2190 2573 operibus
2240 2494 2484 2580 (CLXII,
2535 2500 2929 2581 611-618).
2994 2500 3196 2559 Habes

579 2601 682 2659 sed
713 2600 786 2659 de
816 2601 946 2675 ejus
977 2598 1350 2673 genuinitate
1391 2597 1548 2656 haud
1582 2597 1730 2655 levis
1765 2598 1858 2654 est
1914 2588 2054 2645 haec
2086 2586 2285 2646 omnia
2316 2589 2475 2664 apud
2506 2590 2705 2667 Migne
2737 2590 2938 2661 CLX13
2974 2589 3188 2650 CLXII·

579 2685 1059 2771 controversia2).
1120 2688 1417 2746 Pretiosae
1463 2690 1607 2745 sunt
1649 2686 1856 2746 Ivonis
1915 2676 2248 2753 Reliquiflse
2279 2676 2476 2754 ipsum
2511 2682 2571 2738 et
2602 2680 3096 2739 commentarium
3131 2676 3192 2738 in

1912 2764 2175 2824 Psalmos
2204 2765 2498 2826 ineditum
2528 2769 2768 2846 legitur.
2814 2803 2901 2813 —
2947 2769 3191 2828 Placi-

1017 2920 1028 2931 υ
1214 2921 1225 2931 ι
1913 2855 2052 2914 dus
2085 2856 2352 2914 coenobii
2382 2859 2778 2917 nonantulani
2813 2858 2971 2920 OSB.
3005 2859 3192 2934 prior,

694 2926 729 2986 ¹)
759 2921 839 2978 Cf.
884 2921 1069 2974 Gallia
1109 2921 1298 2974 christ.
1338 2936 1485 2973 nova
1515 2919 1658 2985 vul,
1686 2925 1856 2980 1126:

579 2991 718 3048 vitas
748 2993 928 3062 ipsius
980 2992 1287 3061 praemissa
1345 2990 1614 3061 operibus
1664 2991 1857 3062 Migne
1912 2944 2050 3002 dein
2085 2940 2372 3046 (ignoi'ae.
2395 2944 2578 3029 sedis)
2623 2948 2953 3024 episcopus,
3003 2948 3189 3050 insig-

580 3066 764 3129 CLXI,
826 3063 1129 3123 XVII-L2
1194 3066 1252 3117 et
1308 3063 1489 3117 altera
1534 3062 1856 3124 Frontonis,⁹
1911 3052 2047 3092 nem
2067 3033 2643 3109 reliquit-librumdo
2670 3037 2884 3096 honore
2904 3038 3199 3095 Ecclesaeae

579 3136 681 3206 qui
722 3135 905 3204 ipsius
954 3151 1127 3206 opera
1177 3134 1373 3200 edidit,
1424 3134 1501 3189 ib.
1548 3140 1758 3192 11——28
1803 3137 1860 3188 et
1912 3122 2195 3181 adversus
2245 3122 2571 3184 Henricum
2620 3125 2707 3195 V„
2759 3126 2821 3184 in
2872 3145 2990 3202 quo
3041 3126 3193 3184 nihil

576 3211 725 3263 inter
750 3211 877 3261 acta
904 3207 996 3263 SS.
1023 3212 1107 3263 20.
1126 3206 1288 3260 Mart.
1306 3206 1858 3273 cumpbservationi-
1912 3212 2078 3271 aliud
2097 3211 2239 3289 agit,
2275 3230 2455 3287 quam
2486 3219 2558 3273 ut
2575 3214 2970 3293 magistratus
3004 3215 3194 3273 131003

578 3282 685 3333 bus
735 3277 1114 3360 Ηθῑὲὃοὴῗῦᾓῑ
1178 3277 1543 3332 Kreutzwald
1595 3277 1706 3331 KL·
1762 3278 1855 3340 VL
1912 3322 1946 3360 a
1994 3319 2288 3360 sacrarum
2336 3302 2698 3380 dignitatum
2749 3308 2811 3362 et
2871 3322 3194 3363 munerum

578 3355 747 3408 1144:
777 3349 923 3403 Hlst.
950 3350 1037 3402 ht.
1065 3349 1132 3410 X,
1162 3353 1461 3405 102-147,
2094 3391 2106 3402 .
2505 3393 2515 3404 .
2635 3393 2647 3405 .

686 3425 727 3494 2)
756 3421 837 3475 Οἱ
883 3421 1127 3474 Michael
1169 3437 1202 3474 a
1248 3438 1290 3474 s·
1328 3420 1542 3490 Joseph
1580 3419 1855 3490 Εἰώθει..
1913 3391 2224 3450 collatione
2274 3409 2340 3449 ac
2390 3393 2762 3452 ordinatione
2813 3412 2994 3468 quam
3057 3393 3190 3451 lon-

578 3493 699 3547 crit.
728 3494 820 3554 111,
847 3498 949 3550 157
967 3511 1055 3556 se„
1074 3491 1176 3561 qui
1193 3491 1488 3562 proposita
1501 3491 1857 3559 quaestione,
1911 3479 2155 3557 gissime
2216 3485 2413 3540 arceat
2485 3481 2975 3558 persuadeatque,
3039 3482 3197 3540 nihil

578 3582 714 3618 num
742 3563 1003 3620 collectio
1033 3563 1219 3618 [vonis
1258 3562 1642 3632 praestantior
1667 3563 1742 3615 sit
1767 3563 1857 3615 de·
1912 3570 2280 3629 secularibus
2297 3571 2668 3647 principibus
2681 3571 2748 3630 in
2762 3571 3003 3629 Domini
3020 3590 3195 3629 sanc-

576 3638 728 3717 εἴρῃ.)
757 3634 1017 3691 Gratiani
1060 3634 1364 3702 mamque
1404 3634 1732 3716 quomribuss
1774 3649 1855 3686 ω’
1910 3659 2176 3718 tuarium
2209 3659 2384 3719 licere
2435 3678 2587 3735 quae
2619 3660 2908 3719 modestia
2939 3667 2999 3719 et
3033 3662 3190 3719 inte-

577 3710 944 3775 tiombusque
972 3724 1074 3776 pro
1103 3710 1161 3759 et
1186 3710 1383 3760 contra
1410 3707 1614 3759 infert:
1671 3705 1857 3766 „Haec
2388 3704 2401 3732 ’

576 3783 725 3832 certe
775 3780 1025 3848 probant
1075 3776 1263 3832 lvonis
1306 3777 1698 3831 collectionem
1740 3792 1856 3830 non
1911 3749 2099 3850 &fitas
2141 3749 2532 3807 sanotiSSimifl
2577 3750 2919 3850 quibusque
2969 3749 3197 3849 Prifwi·

576 3850 759 3904 solum
788 3849 1006 3910 utilem,
1034 3864 1231 3902 verum
1271 3847 1443 3901 etiam
1486 3847 1854 3902 necessariam
1911 3838 2087 3914 pibus
2118 3855 2252 3896 cara
2282 3842 2342 3896 et
2387 3838 2668 3897 solemnis
2711 3834 2910 3920 fu1t2).
2972 3838 3193 3897 Edide·

575 3936 692 3974 esse
733 3923 864 3989 post
902 3919 1291 3974 collectionem
1336 3919 1616 3984 Gratiani,
1656 3935 1720 3972 ex
1749 3919 1857 3973 hac

573 3994 765 4045 autem
783 3991 952 4059 plura
972 3991 1266 4044 commoda
1279 3990 1498 4061 percipi
1515 4006 1695 4059 posse,
1708 4007 1855 4058 quae

573 4063 636 4115 in
663 4062 761 4116 illa
788 4061 1200 4126 desiderantur,
1227 4062 1393 4115 facile
1422 4078 1651 4130 quoque
1673 4067 1855 4116 osten-

574 4133 763 4187 ditur⁶·
795 4137 900 4187 etc.
952 4133 1034 4187 Cf.
1076 4133 1322 4187 Theiner
1360 4134 1423 4187 in
1464 4150 1567 4186 sua
1607 4133 1740 4186 diss.
1785 4133 1854 4187 de
1911 4149 2044 4203 pore
2096 4132 2511 4202 Gregorius
2562 4134 2856 4203 presbyter
2918 4148 3191 4186 romanus

573 4206 816 4270 decret0‚
858 4204 1011 4273 quod
1040 4204 1201 4259 Ivoni
1237 4205 1527 4268 tribuitur,
1568 4205 1718 4258 inter
1746 4204 1853 4258 dis·
1910 4203 2302 4259 collectionem
2364 4221 2648 4259 canonum
2711 4204 3080 4259 concinnavit
3129 4205 3191 4257 in

575 4276 914 4346 quisitiones
956 4276 1179 4330 criticis
1219 4275 1279 4329 in
1367 4276 1662 4347 raecipuas
1690 4293 1853 4331 cano·
1910 4275 1970 4328 11.
1995 4281 2029 4332 8
2056 4275 2442 4339 distributam,
2483 4292 2657 4343 quam
2686 4278 2974 4344 Polym-pa·
3017 4275 3190 4331 titulo

573 4366 712 4402 num
739 4351 797 4402 et
822 4347 1193 4402 decretalium
1235 4350 1323 4403 col
1350 4348 1613 4414 ectiones,
1641 4348 1853 4402 Romae
1907 4346 2214 4417 inscripsit.
2233 4346 2313 4400 Ea
2328 4364 2626 4414 nunquam
2641 4347 2872 4400 videtur
2889 4346 3192 4417 prodiisse,

574 4423 712 4477 1836
753 4437 807 4488 p.
850 4423 953 4477 139
997 4437 1082 4484 ss.‚
1131 4420 1303 4474 etiam
1343 4421 1403 4473 in
1443 4421 1637 4489 Migne
1666 4419 1851 4484 CLXI,
1908 4419 2003 4472 sed
2055 4418 2395 4474 describitur
2444 4435 2477 4470 a
2528 4417 2854 4472 Balleriniis
2904 4417 2966 4470 in
3020 4417 3056 4469 l.
3122 4419 3192 4471 de

572 4491 1183 4552 Xle—LXXXVIlh
1212 4509 1347 4562 prae
1375 4493 1574 4562 primis
1603 4491 1660 4545 F.
1680 4491 1852 4547 Four-
1906 4490 2087 4558 antiq.
2128 4508 2250 4544 can.
2292 4490 2511 4546 collect.
2553 4508 2608 4559 p.
2637 4490 2712 4542 lV
2739 4506 2784 4544 c.
2814 4495 2909 4545 17:
2951 4490 3192 4558 ejusque

571 4562 696 4616 nier
723 4562 843 4617 Yve
871 4563 940 4617 de
969 4564 1232 4618 Chartres
1273 4567 1329 4617 et
1365 4563 1416 4616 10
1444 4563 1597 4617 droit
1622 4563 1850 4617 canoni·
1905 4562 2168 4616 rubricae
2219 4562 2421 4615 saltem
2475 4561 2820 4616 exhibentur
2880 4560 2941 4613 10
2994 4560 3191 4631 Migne

572 4652 685 4702 que
724 4635 785 4690 in
826 4635 1018 4689 Revue
1060 4636 1156 4688 des
1198 4652 1292 4703 qq.
1332 4635 1466 4688 hist.
1492 4638 1850 4695 63.51—98;
1905 4632 2112 4705 patrol.
2143 4638 2261 4697 163,
2290 4637 2555 4690 751—58.

570 4711 869 4770 384-4115,
887 4706 1019 4760 dein
1037 4706 1270 4760 seorsim
1291 4705 1449 4759 Paris
1475 4710 1627 4770 1898,
1652 4723 1766 4774 qua
1787 4707 1849 4759 in
2022 4708 2056 4777 ¹)
2085 4704 2167 4759 Cf.
2194 4705 2374 4758 Franz
2421 4703 2522 4757 Die
2552 4703 2728 4760 Messe
2767 4703 2847 4757 im
2876 4704 3196 4757 deutschen

571 4779 703 4835 diss,
725 4778 987 4849 disputat
1001 4778 1070 4831 de
1088 4795 1324 4848 operum
1344 4778 1533 4831 lvonis
1560 4780 1848 4831 momento
1906 4776 2031 4837 MA,
2059 4797 2114 4848 p.
2138 4781 2441 4834 429—431.

570 4853 744 4918 atque
795 4848 1152 4912 auctoritate,
1194 4865 1309 4918 qua
1334 4848 1642 4903 valuerunt
1691 4849 1846 4920 apud
2014 4854 2054 4920 2)
2083 4849 2164 4903 Cf.
2193 4849 2406 4917 Kayser
2434 4845 2698 4900 Placidus
2717 4864 2770 4901 v.
2793 4846 2862 4899 N.
2885 4847 2952 4899 de
2976 4847 3193 4901 honore

572 4925 823 4993 posteros
851 4921 1190 4974 canonistas.
1223 4952 1286 4962 -
1314 4920 1523 4974 Eodem
1568 4921 1682 4974 fere
1710 4923 1847 4974 tem-
1905 4919 2204 4974 Ecclesiae.
2257 4919 2366 4974 Ein
2408 4917 2639 4988 Beitrag
2682 4936 2784 4971 zur
2836 4918 3036 4972 Gesch.
3091 4918 3199 4972 des.
