3475 5364
343 349 502 400 1589

1275 329 1548 384 Addenda
1574 334 1634 384 et
1656 330 2008 402 corrigenda.

2786 348 2943 400 155³«)

332 527 432 564 cus
449 509 590 564 saris
607 508 890 572 heriensis,
909 509 1011 579 qui
1025 509 1312 579 intrepide
1329 508 1491 564 stetit
1508 526 1611 579 pro
1667 512 1933 565 abbatem
1962 509 2504 564 commendatarium
2518 511 2589 563 ad
2605 529 2647 565 s,
2667 509 2947 563 Victorem

335 581 525 636 valore
553 580 909 635 matrimonii
934 580 1162 635 Henrici
1185 581 1331 637 VIII.
1358 599 1485 636 cum
1515 581 1612 635 Ca·

333 654 558 708 tharina
571 656 632 707 et
643 654 842 707 contra
867 652 1017 722 regis
1035 652 1434 722 usurpationes
1450 652 1510 706 in
1529 669 1613 706 re-

332 726 438 778 bus
448 724 633 778 sacris.
648 724 797 778 Hinc
807 722 1011 792 laqueo
1028 723 1455 795 Fuitsuspensus
1467 728 1525 778 et
1536 740 1613 778 se-

332 795 578 850 mivivus
599 796 658 850 in
672 800 920 863 quatuor
933 795 1199 849 discissus
1211 799 1402 864 partes
1415 799 1613 869 (1540).

336 867 529 921 Edidit
565 872 762 922 contra
807 868 1121 922 Lutherum
1150 870 1612 937 Propuynaculum

330 945 529 994 summi
570 944 855 994 sacerdotii
890 942 1172 1004 evanqelim·
1213 955 1278 992 ac
1302 939 1608 1010 septenarii

332 1011 829 1076 sacramentorum,
874 1008 1122 1065 Londini
1167 1015 1307 1067 1524
1348 1010 1408 1064 in
1450 1016 1503 1067 4.
1544 1045 1608 1053 —-

331 1082 580 1136 Joannes
630 1081 1102 1142 Traversius,
1153 1082 1257 1149 qui
1303 1081 1363 1135 in
1417 1081 1610 1137 Hiber-

333 1152 432 1206 nia
456 1154 703 1208 extremo
730 1154 1013 1224 supplicio
1039 1154 1276 1207 affectus
1302 1153 1414 1207 tuit,
1443 1154 1548 1217 „ob
1574 1154 1610 1206 l.

333 1225 608 1294 scriptum
639 1241 738 1294 pro
766 1225 1016 1295 primatu
1058 1222 1277 1283 &Petri
1320 1229 1377 1277 et
1400 1240 1612 1279 succes-

333 1313 523 1350 sorum
576 1297 714 1365 ejus.
786 1297 862 1350 De
912 1312 1028 1365 quo
1071 1299 1321 1377 rogatus,
1371 1295 1611 1350 illumne

334 1367 664 1437 scripsisset,
707 1369 935 1422 strenue
973 1370 1199 1430 annuit,
1239 1368 1480 1422 ostensis
1517 1368 1610 1421 tri·

337 1441 438 1492 bus
479 1438 689 1509 digitis,
731 1439 942 1507 quibus
982 1438 1149 1492 illum
1196 1444 1472 1493 exararat.
1525 1442 1611 1495 Ita

332 1510 452 1580 igni
514 1509 802 1564 addicitur
864 1526 1048 1579 eoque
1111 1511 1451 1573 amburitur,
1517 1510 1612 1564 tri-

334 1584 438 1635 bus
490 1585 680 1636 tamen
728 1582 843 1636 illis
919 1581 1115 1652 digitis
1176 1581 1467 1637 divinibus
1522 1600 1611 1636 ex-

332 1653 541 1723 ceptis0·
598 1655 702 1706 etc.
769 1654 856 1707 Ita
907 1654 1193 1707 Aubertus
1245 1652 1490 1707 Miraeus
1542 1655 1611 1707 de

335 1724 527 1794 script.
572 1726 706 1779 eccl.
751 1758 819 1766 —-·
863 1725 1188 1793 Stephanus
1240 1724 1286 1778 G
1303 1743 1336 1779 a
1350 1743 1379 1779 r
1393 1724 1429 1778 d
1445 1724 1466 1777 i
1483 1743 1521 1779 n
1539 1742 1567 1779 e
1585 1742 1612 1777 r
1666 1724 1832 1779 navit
1857 1728 2270 1794 Descra'ptc’onem
2312 1737 2582 1780 serrarum

1669 581 1929 636 Lutetiae
1971 584 2029 635 et
2066 581 2412 636 sacerdotem
2459 584 2506 653 (ι
2534 587 2582 638 7.
2608 582 2742 636 Jun.
2770 584 2947 652 1554),

1669 652 1770 721 qui
1797 654 2002 722 majori
2031 654 2147 708 zelo
2176 669 2348 722 quam
2385 652 2647 708 doctrina
2714 653 2840 707 lura
2867 670 2948 706 re·

1668 724 1847 792 liquit
1897 724 1966 777 de
2017 724 2414 779 controversiis
2457 741 2674 793 opuscu
2701 742 2749 790 a,
2801 740 2948 793 quae

1670 795 2012 866 prodierunt
2056 799 2094 852 t.
2141 802 2173 852 2
2226 795 2435 865 partim
2486 796 2747 851 Lutetiae
2792 800 2949 859 1551,

1669 867 1879 937 partim
1894 867 2161 938 Lugduni
2180 872 2335 924 1552.
2358 867 2437 921 Ea
2449 867 2949 922 recensetJoecher

1668 939 1734 993 11.
1778 943 1934 1003 2476,
1982 937 2102 993 scil.
2148 939 2219 992 de
2264 957 2305 991 s.
2358 939 2558 993 Bibliis
2602 939 2665 992 in
2709 938 2947 1009 vulgare

1665 1009 1879 1065 idioma
1921 1010 2154 1064 minime
2200 1010 2503 1076 vertendis,
2544 1010 2615 1064 de
2640 1010 2950 1064 auriculari

1666 1081 2036 1145 confessione,
2063 1082 2133 1137 de
2150 1082 2649 1153 praeceptionibus
2668 1081 2948 1137 Ecclesiae

1667 1153 1722 1206 ll.
1752 1153 1857 1207 Vl:
1886 1153 1947 1207 in
1974 1154 2191 1222 pseudo
2212 1154 2569 1223 evangelicos
2586 1153 2732 1207 etde
2753 1170 2947 1207 eorum

1667 1225 2163 1280 animadversione
2192 1229 2291 1279 etc.

1742 1295 1877 1367 Pag.
1907 1299 2060 1353 1479.
2114 1296 2384 1351 Orontius
2412 1295 2453 1348 F
2469 1296 2489 1349 i
2508 1315 2542 1348 n
2561 1313 2638 1350 ae
2655 1314 2693 1349 u
2711 1313 2737 1349 s
2764 1295 2946 1366 (Fine)

1667 1366 1995 1439 Delphinas,
2023 1368 2475 1432 mathematicus,
2503 1369 2558 1420 in
2578 1384 2855 1422 carcerem
2876 1368 2951 1420 ab

1666 1456 1715 1492 a.
1745 1443 1883 1496 1518
1899 1444 2027 1496 -24
2051 1441 2358 1507 conjectus,
2380 1440 2518 1507 quia
2538 1439 2732 1492 renuit
2748 1456 2949 1509 appro-

1667 1512 1798 1564 bare
1848 1511 2253 1565 concordatum
2305 1529 2340 1565 a
2383 1510 2680 1565 Francisco
2725 1511 2764 1563 1.
2819 1528 2944 1563 eum

1667 1582 1933 1650 pontifice
1982 1582 2208 1646 initum,
2254 1582 2388 1637 dein
2414 1582 2606 1653 regius
2633 1581 2948 1636 matheseos

1668 1652 1900 1707 Parisiis
1926 1655 2211 1722 professor
2238 1658 2284 1726 (†
2310 1661 2360 1711 6.
2390 1656 2508 1709 Oct.
2539 1658 2697 1778 15553
2724 1653 2947 1779 ‘3⁰23ss-

2736 1742 2797 1778 in
2929 1758 2946 1768 ·

338 1796 577 1851 Henrico
617 1796 766 1850 vm.
807 1813 841 1849 a
887 1797 1131 1855 secretis,
1172 1797 1610 1850 archidiaconus
1666 1796 1921 1867 gentiam
1964 1796 2263 1866 utriusque
2314 1796 2664 1851 Testamenti
2708 1796 2948 1850 maxime

332 1866 706 1921 leicestrensis
746 1870 806 1921 et
842 1869 915 1921 ob
952 1866 1270 1921 doctrinam
1313 1884 1342 1921 e
1385 1868 1613 1940 iscopus
1667 1868 2062 1937 pertinentem,
2090 1867 2321 1922 Parisiis
2343 1873 2512 1926 1536:
2540 1870 2596 1921 et
2620 1887 2663 1922 s.
2686 1871 2845 1922 Paula·
2860 1887 2950 1938 ap.

337 1939 727 1993 wintoniensis
772 1942 970 2010 (1531.
1023 1938 1194 1993 Stetit
1234 1939 1333 2008 qui
1377 1956 1466 1993 em
1507 1956 1611 2009 pro
1665 1945 2145 2008 peram-{nationem
2173 1940 2558 2011 geographica
2584 1939 2781 1994 tabula
2807 1938 2946 1994 deli-

333 2009 580 2064 ‹livortio
606 2011 808 2080 regisa
830 2010 934 2065 Cat
976 2010 1138 2063 arina
1157 2009 1416 2079 legitima
1438 2027 1611 2064 uxore
1665 2011 1865 2065 neavit
1902 2011 1963 2064 in
2004 2011 2271 2065 thesauro
2317 2010 2701 2081 geographico
2728 2009 2948 2066 Ortelii.

333 2100 437 2135 sua
504 2099 681 2150 roque
709 2098 773 2135 eo
801 2082 1029 2149 scripsit
1060 2085 1124 2135 de
1151 2101 1275 2136 vera
1300 2085 1610 2150 obedientia,

1740 2081 1876 2153 Pag.
1904 2087 2095 2139 147912.
2124 2082 2289 2137 Hisce
2315 2081 2461 2136 adde
2484 2082 2758 2136 Basilium
2784 2081 2821 2136 Z
2838 2100 2872 2135 a
2888 2101 2947 2135 n-

334 2152 448 2206 Lov
493 2153 575 2206 ini
603 2156 758 2214 1533,
803 2154 862 2206 in
904 2152 1287 2207 defectionem
1317 2155 1509 2207 tamen
1538 2154 1611 2207 ab
1667 2152 1919 2207 chium
1961 2171 2085 2209 can.
2124 2170 2240 2224 reg.
2287 2154 2720 2217 lateranensem,
2748 2151 2949 2208 biblio·

334 2223 585 2278 Ecclesia
610 2241 844 2277 romana
870 2242 988 2277 non
1010 2224 1312 2289 consensit,
1339 2224 1454 2277 imo
1479 2224 1610 2278 libri
1668 2225 1863 2278 thecae
1891 2223 2185 2279 vaticanae
2222 2225 2513 2279 custodem
2553 2228 2600 2297 (ι
2629 2228 2806 2295 1560),
2847 2225 2947 2294 qui

331 2295 487 2348 illius
502 2297 687 2348 exstat
695 2299 974 2362 palinodia
991 2295 1073 2364 (in
1086 2295 1171 2349 ed.
1189 2294 1420 2349 Parisiis
1434 2299 1610 2365 1552).
1667 2296 1898 2365 collegit
1921 2313 1987 2351 ex
2012 2313 2082 2350 ss.
2111 2298 2339 2367 patrum
2367 2296 2528 2351 libris
2554 2301 2862 2352 Notationes
2885 2296 2946 2348 in

335 2367 453 2420 Sub
465 2364 729 2420 Eduardo
748 2367 823 2419 vl
870 2368 1273 2436 conjectusque
1298 2367 1460 2420 estin
1475 2366 1612 2420 Tur·
1667 2384 1862 2421 ornnes
1889 2385 1931 2420 s.
1960 2367 2285 2437 Scripturas
2312 2368 2506 2430 libroS,
2542 2367 2753 2422 Romae
2782 2372 2946 2429 1553:

330 2437 1613 2564 {12¹3ss⁰Z⁶Jli¹z³3r¹z⁰ffiz¹ffiffizqge{35³3
1668 2439 1866 2580 ⁸¹³}ssAE
1895 2443 2033 2567 {2²2}
2058 2439 2375 2565 &3533
2376 2440 2688 2566 3³3⁹0¹1133²4
2699 2528 2728 2564 1-
2743 2528 2769 2564 .
2784 2514 2857 2565 ta
2873 2510 2891 2564 i
2910 2530 2947 2564 n

329 2579 521 2634 cendit
547 2584 747 2652 (1553).
773 2581 1131 2635 carcere'fuit
1154 2580 1447 2645 liberatus,
1492 2580 1612 2635 sedi
1666 2580 2168 2653 (Conincsteinius)
2210 2582 2423 2652 oppido
2467 2581 2651 2636 natali
2677 2581 2947 2638 dioecesis

330 2667 464 2707 suae
490 2653 809 2717 restitutus,
826 2652 943 2707 imo
957 2656 1161 2708 auctus
1177 2652 1461 2723 dignitate
1482 2670 1609 2707 can-
1666 2656 2040 2724 moguntinae
2064 2654 2305 2724 reliquit
2331 2653 2769 2709 elucidationem
2797 2660 2855 2709 in
2868 2673 2944 2724 ep.

329 2724 547 2778 cellarii
598 2724 873 2795 Angliae:
937 2725 1092 2779 brevi
1155 2727 1348 2778 tamen
1413 2728 1610 2794 postea
1664 2728 1974 2780 &Paulina
1994 2730 2276 2791 Romanos,
2307 2726 2573 2781 Coloniae
2590 2730 2746 2784 1556.
2773 2728 2947 2782 Juxta

332 2813 539 2864 magno
579 2799 808 2866 reginae
850 2796 1043 2850 dolore
1083 2795 1329 2851 decessit
1350 2801 1433 2853 12.
1462 2797 1607 2853 Nov.
1666 2798 1985 2852 Aubertum
2032 2797 2311 2852 Miraeum
2352 2797 2473 2852 fuit
2512 2799 2574 2853 Ο.
2602 2796 2742 2852 Min.
2781 2816 2947 2869 guar-

338 2871 484 2924 1555.
539 2866 712 2922 Plura
763 2867 999 2936 reliquit
1047 2884 1223 2937 opera
1271 2868 1608 2938 praesertim
1667 2867 1876 2922 dianus
1902 2868 2381 2941 noviomagiensis
2410 2878 2455 2934 (†
2483 2873 2659 2936 1541),
2678 2870 2791 2939 'qui
2815 2871 2946 2924 scri-

327 2954 431 3006 pro
459 2939 799 2993 eucharistia
826 2943 1022 2994 contra
1043 2941 1440 3009 protestantes,
1461 2956 1609 3009 quae
1666 2939 1847 3010 pserit
1895 2941 2067 2995 etiam
2116 2946 2387 2996 condones
2437 2941 2497 2994 in
2538 2941 2851 3013 Evangelia
2890 2944 2949 2996 et

329 3014 582 3089 recenset
628 3010 835 3064 Gillow
877 3014 924 3063 A
967 3011 1224 3080 Literary
1268 3011 1382 3065 and
1429 3012 1607 3084 biogr.
1665 3012 1935 3093 epistolas
1975 3012 2153 3067 totius
2192 3012 2346 3077 anni,
2390 3018 2795 3068 concordantias
2834 3031 2947 3067 om·

332 3081 477 3135 Hist.
509 3122 522 3135 .
550 3123 561 3133 .
592 3124 604 3135 .
633 3083 696 3133 of
717 3083 814 3134 the
832 3081 1073 3151 English
1093 3082 1607 3148 Cath.11,368-387.
1665 3102 1826 3139 mum
1852 3084 1969 3155 fere
1995 3084 2361 3138 materiarum
2401 3101 2465 3138 ex
2492 3101 2561 3138 ss.
2603 3085 2795 3138 bibliis
2822 3102 2946 3154 par·

404 3149 535 3220 Pag.
562 3155 717 3207 1359.
773 3152 1080 3206 Mercurius
1122 3152 1260 3222 Vip
1278 3171 1400 3207 era
1438 3155 1610 3210 Bene·
1666 3154 1770 3207 tim
1798 3151 2046 3219 Parisiis,
2074 3157 2285 3226 partim
2328 3155 2595 3210 Coloniae
2623 3159 2682 3210 et
2705 3155 2946 3210 Lovanii

336 3224 611 3274 ventanus
632 3239 812 3276 annos
828 3222 1041 3276 multos
1067 3242 1107 3276 s.
1137 3223 1609 3292 poenitentiariae
1666 3225 1866 3280 editas.

331 3308 549 3362 regens,
579 3293 753 3346 Rotae
794 3293 1027 3347 auditor
1066 3297 1124 3348 et
1167 3294 1466 3365 episcopus
1495 3297 1609 3350 bal·
1739 3296 1871 3366 Pag.
1926 3302 2078 3354 1533.
2141 3297 2321 3351 Janus
2372 3297 2589 3366 Pyrrho
2640 3299 2947 3352 Pincius

332 3364 724 3434 neoregiensis,
773 3365 835 3418 in
888 3363 1054 3418 Urbis
1102 3365 1319 3419 excidio
1369 3383 1419 3420 a.
1473 3372 1608 3423 1527
1667 3367 2015 3421 Mantuanus
2056 3368 2289 3437 collegit
2328 3373 2565 3424 Annales
2606 3374 2669 3424 de
2692 3375 2948 3439 episcopis

329 3438 530 3505 captus
581 3437 667 3489 est
733 3439 791 3489 et
847 3436 1172 3501 exstinctus,
1223 3441 1447 3506 praeter
1496 3437 1611 3492 alia
1666 3441 1816 3492 urbis
1834 3442 2169 3503 tridentinae,
2193 3439 2261 3493 de
2289 3440 2469 3508 gestis
2505 3440 2713 3494 ducum
2735 3441 2946 3495 triden-

329 3505 389 3562 11.
417 3506 463 3559 X
492 3516 676 3562 contra
703 3510 1011 3561 aberrantes
1046 3528 1079 3562 a
1125 3517 1262 3562 rect.»
1301 3513 1472 3563 de‘ve'm'
1509 3514 1611 3564 cul·
1665 3507 1932 3574 tinorum,
1961 3509 2031 3565 de
2058 3510 2275 3580 origine
2302 3511 2458 3565 urbis
2479 3514 2537 3564 et
2558 3512 2945 3581 appellatione

329 3589 412 3630 ms
437 3583 638 3648 itinere,
665 3577 877 3632 Romae
905 3583 1041 3635 1522
1072 3578 1324 3647 reliquit.
1667 3580 1907 3649 alpium,
1935 3582 2203 3635 Mantuae
2234 3585 2402 3639 1546:
2428 3581 2619 3636 italice
2650 3587 2802 3640 1548.

401 3647 536 3720 Pag.
554 3653 693 3706 1396
729 3647 1001 3703 Claudius
1019 3649 1059 3704 C
1076 3668 1107 3703 ο
1126 3668 1162 3703 ιι
1180 3668 1205 3703 s
1221 3669 1246 3703 s
1263 3668 1296 3705 o
1312 3669 1340 3704 r
1357 3651 1393 3705 d
1411 3651 1610 3706 Gallus
1740 3652 1872 3720 Pag.
1895 3657 2049 3709 1541.
2080 3657 2362 3721 Aymarus
2382 3653 2424 3706 F
2442 3653 2510 3706 al
2527 3671 2556 3707 c
2573 3670 2605 3708 o
2627 3672 2661 3706 n
2688 3671 2811 3708 can.
2828 3673 2944 3725 reg.

321 3724 581 3775 >recenset
624 3723 976 3775 Waldensium
1000 3741 1063 3776 ac
1088 3727 1431 3791 quorundum
1477 3726 1609 3777 alio·
1667 3743 1707 3776 s.
1752 3725 1884 3777 Ant.
1937 3724 2240 3794 delphinas
2286 3724 2499 3778 ordinis
2549 3725 2636 3779 sui
2701 3726 2945 3780 vicarius

329 3811 451 3846 rum
477 3810 703 3856 errores,
730 3808 877 3861 quae
916 3809 1070 3845 nunc
1113 3793 1311 3863 vigent
1352 3794 1610 3849 haereses
1663 3794 1948 3864 generalis
2008 3799 2054 3866 (τ
2106 3800 2263 3860 1544)
2328 3796 2563 3865 reliquit
2612 3801 2946 3852 Antonianae

328 3864 698 3929 continentes,
729 3863 960 3917 Parisiis
989 3868 1146 3929 1548,
1191 3864 1395 3934 gallice
1422 3865 1607 3919 Sedan
1663 3869 1916 3921 historiae
1939 3870 2318 3936 compendi-um,
2345 3866 2612 3938 Lugduni
2641 3872 2797 3932 1534,
2838 3869 2945 3922 his-

336 3939 490 3990 1618.
1665 3937 1867 4007 panice
1897 3937 2115 4007 Hispali
2145 3942 2309 3995 1603:
2351 3943 2414 3992 de
2453 3947 2566 3993 tuta
2592 3943 2822 4007 fidelium
2848 3961 2945 3995 na-

402 4006 479 4058 Pa
521 4050 534 4064 .
569 4012 717 4063 1465.
759 4007 802 4058 Ε
830 4025 867 4076 g
884 4022 918 4058 a
936 4004 992 4059 ll
1010 4007 1071 4059 is
1097 4007 1287 4061 adhuc
1314 4008 1609 4062 nominare
1664 4014 1921 4077 rigatione
1947 4009 2098 4063 inter
2122 4009 2308 4063 varias
2394 4011 2784 4081 eregrinorum
2810 4012 2945 4084 dog·

328 4077 462 4130 licet
480 4024 715 4132 {etrum
748 4076 821 4130 Li
841 4081 971 4158 zet,
999 4081 1333 4144 Arvernum,
1356 4080 1605 4149 supremi
1664 4081 1880 4135 matum
1912 4080 2312 4135 fluctuationes
2340 4028 2553 4153 dialogi
2581 4082 2646 4146 X,
2678 4082 2943 4155 Lugduni

332 4148 673 4202 Francorum
725 4148 949 4203 consilii
1012 4149 1347 4218 praesidem.
1412 4153 1607 4220 postea
1633 4157 1637 4223 ξ
1665 4156 1823 4208 1536.
