3475 5364
627 398 750 451 239
866 385 998 438 1201
1009 384 1234 437 -1225.
1263 379 1406 433 ffist.
1435 379 1554 434 ord.
1582 378 1969 443 Kerkestedes‚
1988 380 2251 441 Jacobus,
2269 368 2629 449 Peregrina,
2648 378 2883 437 Gerard.
2900 381 3008 432 etc.
3157 392 3299 445 240

622 569 760 625 ante
795 565 1157 641 quingentos
1187 582 1403 635 annos;
1454 566 1712 624 alterum
1764 585 1900 624 vero
1958 564 2205 641 collegit
2238 565 2546 622 historiam
2557 567 2983 639 possessionum
2999 570 3065 620 et
3078 579 3298 636 prae-

623 658 763 713 ante
794 654 1266 730 quadringentos
1298 674 1347 712 a.
1370 654 1444 711 ab
1464 673 1758 729 anonymo
1781 656 1899 713 cla·
1959 656 2210 712 latorum
2244 650 2296 733 (1
2325 650 2739 732 127—1200)
2773 653 2940 711 illius
2974 652 3300 710 abbatiae

622 743 975 802 raevallensi
1006 743 1341 818 conscripta
1372 746 1433 801 et
1465 762 1625 802 nunc
1644 745 1902 819 primum
1960 743 2177 801 editam
2215 763 2250 800 a
2285 742 2586 817 D'Achery
2621 742 2819 818 Spicil.
2843 742 2952 809 112,
2981 751 3299 809 573·81;

623 832 786 908 typis
821 850 1050 901 excusa,
1085 832 1245 889 edita
1276 835 1338 890 et
1367 832 1677 892 recollecta
1708 852 1814 908 per
1840 833 1902 890 D.
1960 835 2021 890 et
2065 831 2291 904 absque
2340 831 2598 889 auctoris
2644 831 2883 889 nomine
2929 851 2962 887 a
3010 831 3298 888 Salmon

624 922 824 979 Franc.
872 922 998 995 Igu.
1052 921 1122 979 de
1170 920 1344 996 lbery
1390 921 1479 979 ab.
1530 921 1903 989 fiteriensem‚
1962 921 2075 979 suh
2127 920 2310 980 titulo
2363 919 2627 978 Historia
2678 922 3021 978 monasterii
3079 921 3143 977 b.
3210 917 3298 977 M.

625 1010 1014 1085 Pampelonae
1056 1020 1211 1071 1621
1256 1010 1343 1067 ed.
1366 1029 1513 1080 rara,
1537 1012 1598 1068 in
1623 1030 1741 1084 qua
1757 1030 1906 1086 opus
1962 1012 2030 1067 de
2064 1011 2344 1069 Fontanis
2376 1009 2523 1066 albis
2554 1012 2615 1067 in
2637 1009 2879 1067 Recueil
2910 1009 2983 1066 de
3015 1007 3295 1067 chroni-

625 1098 921 1157 tribuitur
995 1098 1327 1156 Helinando
1406 1100 1624 1159 Montis
1700 1100 1907 1176 frigidi
1962 1118 2108 1175 ques
2153 1098 2224 1156 de
2270 1098 2565 1156 Touraine
2620 1107 2782 1162 1854
2832 1118 2885 1172 p.
2925 1106 3293 1160 257—91.

628 1184 690 1267 (†
730 1197 915 1254 1227,
949 1187 1022 1245 de
1054 1206 1172 1261 quo
1219 1183 1426 1267 infra);
1472 1188 1648 1261 illud,
1671 1189 1908 1247 recudit
1970 1224 2043 1234 —
2067 1186 2459 1246 Gerardus
2491 1206 2561 1244 ex
2591 1187 2877 1245 monacho
2898 1186 3295 1245 richenbur-

627 1278 772 1335 satis
836 1277 1091 1334 correcte
1154 1276 1374 1334 Tissier
1441 1278 1505 1335 in
1568 1278 1709 1335 bibl.
1790 1281 1905 1334 vet.
1963 1277 2133 1354 gensi
2164 1276 2756 1352 stederburgensium
2802 1276 3184 1333 monialium
3222 1275 3291 1331 in

627 1366 826 1440 script.
862 1366 991 1423 cist.
1025 1366 1069 1426 Ι,
1118 1375 1388 1435 13-246;
1421 1366 1905 1442 Mignecxxxv,
1963 1366 2218 1424 dioecesi
2297 1364 2779 1423 hildesheimensi
2873 1365 3323 1440 praeposit-ns

631 1463 1039 1516 996—1198.
1105 1454 1357 1512 Domum
1416 1455 1639 1531 prodiit
1699 1455 1908 1531 gallice
1966 1451 2022 1535 (1
2045 1450 2481 1531 163—1209),
2504 1454 2747 1530 collegit
2775 1455 3019 1511 annales
3037 1454 3287 1511 steder-

628 1543 711 1600 Le
733 1544 879 1618 petit
911 1550 961 1600 et
993 1543 1250 1619 leyrcmd
1272 1546 1478 1602 exorde
1496 1545 1564 1602 de
1583 1546 1641 1601 la
1666 1544 1910 1603 Citeaux
1965 1546 2269 1619 buryenses
2330 1543 2403 1600 ab
2466 1562 2516 1599 a.
2579 1552 3036 1607 1100-1195,
3113 1560 3287 1616 quos

629 1635 950 1690 contenent
984 1631 1069 1688 les
1102 1632 1360 1708 origines
1396 1633 1476 1691 du
1496 1638 1831 1691 monestere
1849 1638 1909 1690 et
1964 1634 2188 1691 Pertz
2233 1634 2370 1707 post
2413 1631 2563 1689 alias
2609 1631 2898 1689 editiones
2931 1631 3284 1689 admodum

629 1720 701 1778 de
720 1719 932 1778 l’ordre
949 1720 1022 1777 de
1039 1738 1255 1778 cenom
1272 1739 1410 1780 avec
1431 1722 1503 1779 de
1520 1722 1905 1780 nombreuses
1965 1722 2276 1779 mendosas
2354 1723 2623 1778 accurate
2698 1719 2933 1778 recudit
3011 1721 3077 1778 in
3142 1720 3283 1777 MG.

627 1810 904 1885 legendes
949 1826 1053 1866 sur
1098 1809 1154 1866 la
1185 1810 1280 1867 vie
1312 1810 1634 1868 admirable
1667 1810 1771 1869 des
1805 1829 1905 1869 an·
1964 1810 2114 1879 XVI,
2142 1808 3286 1872 197—231.—Historiamm2astm'i

628 1898 788 1955 ciens
835 1897 1058 1955 moines
1102 1897 1174 1955 de
1208 1899 1534 1965 Clairvaux,
1589 1898 1821 1975 Soligni
1854 1900 1910 1957 la
1963 1901 2301 1958 viconiensis
2316 1894 2360 1977 ¹)
2380 1897 2444 1956 O.
2465 1896 2708 1972 Praem,
2723 1916 3279 1974 quamanonymus

627 1986 854 2061 Trappe
893 1995 1054 2049 1885
1091 1986 1153 2043 in
1192 1998 1244 2047 8.
1284 1988 1366 2045 Ex
1400 2007 1468 2046 eo
1490 1989 1795 2046 derivatus
1817 1991 1911 2046 est
1968 1992 2239 2063 coeperat
2269 1988 2343 2045 ab
2363 2006 2412 2045 a.
2447 1996 2902 2049 llis-1157,
2938 1987 3274 2045 continua·

628 2076 664 2133 l.
680 2076 1006 2133 Exordias.
1022 2077 1144 2132 ord.
1163 2076 1322 2149 Cist„
1342 2077 1768 2138 Rixhemiilsv
1790 2089 1909 2138 1.-
1967 2078 2056 2135 vit
2076 2078 2147 2134 ad
2182 2096 2230 2135 a.
2272 2085 2437 2137 1202
2476 2076 2848 2134 Nicolaus
2884 2075 3052 2134 illius
3073 2076 3272 2151 prior.

628 2164 843 2241 Hugo
876 2164 1386 2223 Kerkestedes
1421 2167 1542 2224 sive
1575 2166 1909 2224 Kirkostal-
1967 2166 2071 2241 qui
2118 2164 2611 2240 subsequentium
2676 2169 2905 2238 septem
2968 2165 3274 2222 abbatum

627 2253 826 2319 lensis‚
862 2254 1186 2311 monachus
1208 2254 1577 2313 fontanensis
1599 2255 1661 2314 Ο.
1686 2255 1824 2312 Cist.
1847 2255 1909 2312 in
1966 2258 2131 2332 gesta
2163 2254 2336 2312 testis
2369 2254 2644 2311 oculatus
2685 2252 2933 2315 viderat.
2983 2260 3045 2310 et
3081 2253 3269 2310 Nico-

628 2341 861 2417 Anglia,
883 2342 1122 2416 scripsit
1154 2343 1304 2401 circa
1336 2365 1382 2400 a.
1419 2353 1578 2406 1220
1603 2345 1671 2401 de
1691 2346 1911 2419 oriyine
1968 2345 2098 2401 laus
2161 2342 2232 2401 de
2297 2342 2492 2400 Moni
2515 2343 2700 2419 igny
2751 2342 2991 2405 sodalis,
3045 2347 3274 2417 postes

629 2430 885 2489 Fontani
913 2434 1247 2488 monasterii
1277 2437 1338 2489 et
1370 2433 1679 2491 historiam
1711 2452 1910 2490 rerum
1969 2428 2193 2513 (1308)
2227 2432 2407 2489 abbas
2439 2431 2677 2489 Castelli
2714 2431 2817 2489 Dei
2848 2450 2892 2488 S.
2928 2431 3181 2489 Martini
3206 2430 3267 2487 in

627 2539 660 2577 a
704 2519 1088 2577 Bernardinis
1141 2520 1266 2578 sive
1317 2521 1799 2579 cisterciensibus
1849 2522 1909 2578 in
1970 2521 2220 2579 dioecesi
2272 2520 2605 2578 tornacensi
2654 2519 2727 2577 ad
2759 2539 2807 2576 a.
2850 2529 3038 2583 13ol,
3073 2538 3268 2595 quam

627 2608 847 2682 Anglia
878 2613 1179 2684 gesturum
1213 2612 1281 2665 ad
1317 2609 1607 2669 Joannem
1660 2610 1748 2667 ab.
1784 2610 1910 2668 son·
1967 2610 2356 2685 publicarunt
2388 2609 2561 2687 Hugo
2594 2609 2658 2666 in
2692 2628 2735 2666 s.
2770 2609 2955 2684 antiq.
2989 2627 3263 2667 monum.

627 2701 854 2760 tanum,
906 2698 1076 2772 cujus
1127 2699 1385 2758 chronici
1432 2699 1764 2776 fragmenta
1813 2719 1910 2758 ex·
1971 2701 2043 2768 11,
2089 2708 2465 2768 191—221;
2528 2698 2733 2757 Heller
2779 2702 2842 2756 in
2889 2699 3015 2756 ΜΘ.
3049 2697 3263 2759 XXIV.

630 2789 793 2845 stant
837 2787 900 2843 in
935 2786 1058 2844 ΜΘ.
1093 2787 1323 2852 XXVII.
1367 2797 1760 2851 13—15.—
1794 2788 1910 2846 Ja-
1974 2797 2346 2851 291—313.

629 2876 865 2933 cobus
942 2877 1261 2934 monachus
1339 2877 1401 2936 Ο.
1465 2878 1605 2935 Cist.
1672 2879 1911 2951 Majoris

630 2963 976 3022 Monasterii
995 2961 1447 3044 (Marmouiier),
1469 2966 1572 3040 qui
1594 2967 1747 3024 obiit
1760 2967 1914 3024 circa

629 3071 677 3110 a.
708 3062 893 3115 1210,
934 3053 1171 3111 videtur
1202 3074 1328 3112 esse
1359 3060 1567 3113 auctor
1592 3053 1910 3114 Narratio·
2064 3064 2203 3117 135.
2239 3052 2620 3112 Eccardus
2653 3054 2810 3112 OSB.
2852 3054 2918 3111 in
2952 3059 3257 3112 monaste·

630 3143 723 3200 nis
772 3142 841 3198 de
887 3143 1371 3201 commendatione
1421 3147 1723 3202 turonicae
1774 3162 1910 3218 pro-
1968 3144 2057 3203 rio
2092 3142 2450 3219 sangallensi
2483 3141 2758 3210 decenne,
2806 3147 2879 3201 ut
2918 3143 3257 3220 distingua-

629 3233 849 3287 vinciae
877 3234 938 3287 et
963 3230 1036 3287 de
1058 3232 1398 3291 nominibus
1431 3237 1491 3291 et
1508 3233 1654 3291 actis
1685 3235 1910 3308 episco-
1967 3238 2071 3291 tur
2102 3234 2174 3291 ab
2209 3233 2361 3300 aliis,
2412 3232 2787 3300 Minimu8‚
2836 3232 2929 3290 vel
2978 3232 3253 3290 ultimus

630 3337 840 3393 porum
875 3319 1132 3377 civitatis
1166 3322 1487 3390 turonicae,
1539 3322 1820 3379 similiter
1853 3325 1913 3379 et
1969 3322 2064 3380 vel
2096 3322 2345 3396 quintus
2376 3320 2590 3390 dictus,
2640 3319 2882 3394 scripsit
2913 3339 2959 3378 c.
2995 3339 3043 3378 a.
3092 3329 3257 3382 1214

628 3408 702 3466 de
763 3408 1104 3466 nominibus
1167 3413 1227 3468 et
1287 3411 1568 3486 operibus
1631 3411 1911 3468 abbatum
1972 3413 2149 3469 vitam
2199 3410 2442 3467 Notkeri
2492 3409 2729 3467 Balbuli
2779 3405 2841 3490 (†
2875 3406 3051 3479 912),
3109 3427 3256 3486 quae

630 3497 866 3572 Majoris
898 3498 1246 3557 Monasterii
1293 3505 1354 3558 et
1398 3500 1468 3558 de
1510 3499 1913 3558 destructione
1971 3502 2132 3556 caret
2163 3499 2373 3574 pretio,
2408 3517 2539 3557 cum
2576 3497 2788 3568 inscite
2810 3497 3079 3556 diversos
3102 3500 3258 3557 inter

629 3591 691 3642 et
721 3586 1189 3646 reaedificatione
1241 3588 1504 3664 ejusdem
1540 3589 1819 3646 ecclesiae
1854 3592 1915 3645 et
1970 3606 2031 3645 se
2082 3588 2409 3646 confundat
2458 3588 2767 3645 Notkeros.
2834 3586 2976 3644 Eam
3042 3585 3254 3668 (inter-

630 3693 810 3749 quare
831 3675 1064 3735 dicatur
1077 3676 1267 3752 Majus
1283 3678 1915 3752 Monasterium.quam
1969 3675 2253 3754 polstam)
2308 3676 2545 3734 exhibet
2593 3675 2864 3734 canisius
2926 3676 2989 3732 in
3053 3678 3253 3750 Antiq.

630 3763 820 3822 edidit
850 3765 923 3822 ad
956 3766 1170 3823 calcem
1205 3766 1469 3840 Gregorii
1503 3766 1913 3824 turon.histo-
1971 3766 2101 3824 lect.
2148 3765 2288 3834 1112,
2356 3774 2734 3833 552-5763
2787 3765 2946 3822 notis
2994 3765 3254 3824 illustra-

630 3853 751 3910 riae
813 3853 1146 3912 francorum
1195 3855 1555 3913 Laurentius
1601 3855 1915 3913 Bochelius
1971 3858 2091 3912 tam
2125 3854 2564 3929 Papebrochius
2613 3853 2678 3910 in
2709 3853 2857 3911 actis
2892 3857 2988 3914 SS.
3026 3863 3080 3916 6.
3119 3857 3253 3929 Apr.

631 3941 872 3999 Parisiis
937 3953 1128 4008 1610;
1181 3947 1240 4000 et
1291 3944 1529 4002 Salmon
1582 3945 1644 4001 in
1678 3943 1913 4002 Recueil
1972 3944 2014 4012 Ι,
2054 3953 2373 4005 579—96.
2406 3976 2495 3986 —
2527 3941 3064 4001 Theodoricus
3100 3943 3252 4002 OSB.

631 4030 704 4088 de
754 4031 1111 4104 chroniques
1162 4032 1233 4089 de
1284 4033 1605 4090 Tourraine
1668 4033 1914 4090 Parisiis
1973 4032 2153 4090 abbas
2203 4029 2332 4112 (sed
2366 4032 2538 4107 cujus
2580 4032 2921 4089 monasterii
2953 4031 3251 4106 ignotum)

642 4128 806 4181 1854
841 4138 893 4193 p.
933 4129 1298 4183 292-317.
1332 4155 1414 4163 -
1447 4122 1915 4197 Peregrinus
1974 4120 2214 4196 scripsit
2262 4123 2438 4178 vitam
2487 4140 2532 4178 s.
2586 4117 2966 4196 Hildeyardis
3017 4121 3090 4179 de
3122 4122 3255 4180 Ale-

634 4207 696 4266 0.
751 4207 828 4266 Οἱ.
881 4209 1169 4283 septimus
1230 4210 1411 4268 abbas
1461 4211 1808 4268 monasterii
1861 4212 1913 4268 b.
1971 4209 2243 4268 manniae
2277 4209 2606 4268 abbatissae
2650 4209 2920 4267 coenobii
2960 4208 3025 4267 in
3057 4217 3255 4268 monte

633 4296 847 4356 Mariae
880 4298 950 4354 (le
971 4298 1252 4356 Fontanis
1285 4299 1429 4357 albis
1451 4297 1797 4380 (Fontaines
1830 4300 1916 4357 les
1972 4318 2013 4356 s.
2063 4299 2304 4357 Roberti
2366 4316 2551 4374 prope
2613 4297 2887 4375 Bingiam
2944 4296 3005 4376 (†
3065 4295 3253 4364 1179)

633 4383 945 4458 Blanches)
965 4387 1244 4446 dioecesis
1263 4389 1605 4447 turonensis
1630 4386 1690 4470 (†
1724 4397 1830 4450 121
1859 4384 1913 4468 l)
1975 4388 2034 4445 ll.
2073 4397 2127 4456 3,
2162 4405 2312 4462 quae
2347 4386 2569 4462 prodiit
2599 4405 2732 4445 cum
2768 4390 3003 4444 sanctae
3036 4388 3255 4462 episto-

1974 4477 2063 4543 lis,
2117 4476 2392 4534 Coloniae
2435 4485 2596 4539 1568
2646 4475 2711 4533 in
2749 4490 2817 4545 ⁴3
2881 4476 2946 4533 in
2996 4477 3128 4534 Act.
3164 4476 3255 4534 SS.

636 4572 857 4643 peritur
896 4573 957 4626 in
1003 4573 1352 4628 bibliotheca
1379 4573 1633 4627 civitatis
1674 4573 1916 4626 divinio·
1981 4576 2074 4627 17.
2125 4566 2280 4640 Sept.
2314 4564 2382 4628 V,
2421 4574 2696 4631 svs—972
2745 4565 2944 4640 Migne
2991 4564 3254 4628 CXCVII,

633 4645 841 4698 nensis.
908 4645 989 4698 Cf.
1047 4644 1269 4699 Denifle
1325 4646 1537 4698 Archiv
1580 4647 1670 4698 fur
1710 4644 1819 4697 Lit.
1861 4663 1916 4698 u.
1977 4664 2299 4715 91—130.
2366 4686 2450 4694 -.
2514 4654 2768 4712 Thomas
2818 4653 2891 4711 (10
2938 4653 3256 4712 Radolio

633 4715 1012 4783 Kunstgesch.
1071 4718 1163 4782 IV,
1189 4722 1294 4773 266
1321 4735 1421 4776 88.;
1449 4716 1500 4769 J.
1533 4718 1590 4770 Β.
1613 4716 1918 4784 Dalgairus

635 4788 756 4840 Life
815 4788 880 4842 of
937 4789 987 4842 S.
1041 4787 1120 4841 St.
1175 4787 1450 4856 Harding,
1497 4787 1688 4841 edited
1745 4788 1816 4854 by
1866 4787 1918 4842 J.

636 4860 703 4912 Η.
749 4859 1105 4922 Newman‚
1147 4858 1589 4918 Londin11898;
1644 4857 1790 4911 Hist.
1832 4858 1915 4912 lit.
2054 4860 2089 4927 ¹)
2117 4858 2427 4912 Goovaerts
2472 4857 2767 4911 Ecrivains
2794 4899 2807 4914 .
2836 4897 2849 4910 .
2875 4899 2889 4913 .
2938 4857 3009 4910 de
3057 4856 3255 4911 l’ordre

637 4930 730 4992 XI,
758 4935 1060 4987 213-236.
1977 4929 2046 4983 de
2074 4929 2251 4985 Prem.
2282 4931 2321 4994 Ι,
2349 4933 2474 4986 601.
