3475 5364
426 354 549 408 325
1107 338 1234 391 Alb.
1262 355 1294 391 a
1322 339 1600 404 Sardano,
1630 341 1894 395 Sanctius
1923 339 2110 402 Porta,
2144 338 2370 408 Weigel
2927 356 3050 409 826

421 524 570 583 tales
601 524 779 582 Indos
826 529 888 581 et
936 522 1353 600 circumposita
1403 543 1601 601 regna,
1635 527 1707 581 ut
1767 526 1958 585 festim
1994 530 2053 584 et
2084 544 2371 584 carcerem
2406 525 2652 584 miserit.
2686 525 2833 583 Inde
2855 528 3055 584 tamen

420 613 552 672 illos
582 612 655 671 ad
688 612 966 672 unionem
1008 630 1141 671 cum
1174 613 1434 673 Ecclesia
1465 632 1708 672 romana
1764 614 2085 673 amicorum
2106 633 2215 689 ope
2231 614 2518 673 liberatus
2540 614 2613 673 ad
2635 614 3051 673 Innocentium

421 701 741 761 ineundam
785 704 848 760 et
890 701 963 759 ad
1005 719 1163 761 conc.
1197 703 1581 761 florentinum
1613 702 1703 760 in·
1763 703 1888 762 VII.
1921 703 2209 779 confugit,
2256 723 2290 762 a
2334 723 2454 779 quo
2496 707 2870 780 peramanter
2917 722 3052 762 sus·

419 791 656 860 vitaret,
708 809 832 849 non
863 791 992 849 sine
1024 793 1254 851 fructu:
1305 793 1551 851 Armeni
1586 793 1700 850 sal·
1763 797 1970 868 ceptus
2034 793 2377 868 capellanus
2441 797 2499 850 et
2553 792 3052 869 poenitentiarius

419 883 543 939 tem
561 880 902 939 invitationi
922 881 1418 941 obsecundarunt.
1453 881 1705 939 Biennio
1763 883 1954 940 factus
1975 885 2068 940 est
2086 882 2447 958 apostolicus
2467 879 2527 963 (†
2552 893 2645 945 19.
2664 882 2812 941 Nov.
2840 877 3053 961 1429).

420 970 485 1028 in
517 970 760 1028 Oriente
792 974 1188 1029 commoratus
1239 974 1332 1029 est
1362 971 1705 1044 multosque
1762 972 1921 1029 Haec
1953 971 2084 1046 ejus
2118 989 2296 1047 opera
2326 971 2486 1048 typis
2534 971 2916 1047 prodierunt:
2952 971 3052 1029 Di-

419 1058 743 1118 haereticos
774 1061 836 1116 et
855 1059 1256 1118 schismaticos
1287 1059 1358 1118 ad
1387 1058 1703 1119 Ecclesiam
1762 1060 1971 1118 vinum
2003 1078 2069 1118 ac
2098 1060 2345 1135 proinde
2381 1059 2833 1128 inaestimabile,
2869 1059 2973 1119 sed
2993 1063 3051 1118 et

420 1148 673 1207 reduxit.
735 1148 1028 1207 Reversus
1067 1148 1131 1206 in
1162 1149 1398 1207 Italiam
1429 1147 1707 1207 interfuit
1762 1149 2047 1219 omnium,
2085 1168 2235 1225 quae
2270 1150 2575 1223 hucusque
2608 1150 2679 1207 de
2711 1148 3053 1207 christifera

420 1236 664 1297 concilio
682 1237 996 1296 florentino
1016 1238 1313 1314 interpres
1333 1239 1701 1297 constitutus
1764 1238 1995 1315 virgine
2041 1238 2261 1314 scripta
2305 1242 2463 1308 sunt,
2517 1238 3051 1313 praeclarissimum

420 1327 579 1385 inter
598 1327 886 1385 Armenos
918 1329 980 1385 et
1002 1327 1408 1386 occidentales.
1443 1326 1706 1385 Praefuit
1767 1327 2348 1397 Mariale‚Valentiae
2367 1339 2440 1391 15
2454 1338 2479 1389 1
2497 1336 2553 1397 2;
2570 1327 2846 1403 Lugduni
2869 1336 3051 1389 1513.

422 1416 682 1491 capitulo
714 1416 973 1491 generali
999 1417 1227 1476 ordinis
1249 1417 1478 1475 Patavii
1499 1416 1702 1475 habito
1771 1426 1932 1480 1517
1971 1435 2110 1475 cura
2132 1417 2307 1492 Alph.
2331 1416 2404 1475 de
2435 1417 2527 1475 Ca
2545 1420 2728 1485 str03
2763 1405 3054 1474 aer'mones

421 1507 632 1563 auctus
661 1524 696 1563 a
723 1504 861 1563 sede
889 1507 1214 1580 apostolica
1235 1524 1482 1565 munere
1498 1505 1705 1564 vicarii
1763 1506 1837 1564 de
1864 1509 2134 1582 tempore
2165 1506 2562 1574 dominicales,
2580 1505 2858 1581 Lugduni
2882 1516 2907 1565 1
2925 1514 3044 1567 517

421 1593 728 1671 generalis.
764 1594 1072 1653 Piissimae
1104 1596 1260 1654 vitae
1294 1614 1531 1655 cursum
1570 1611 1706 1653 con·
1762 1601 1804 1653 t.
1833 1604 1866 1656 2
1906 1595 1969 1653 in
2002 1605 2072 1664 43
2106 1614 2405 1654 sermones
2425 1596 2495 1652 de
2514 1597 2753 1670 sanetis,
2775 1594 2853 1652 ib.
2882 1604 3045 1656 1517

423 1683 745 1741 summavit
783 1693 876 1746 15.
905 1684 1056 1760 Aug.
1085 1693 1251 1747 1450
1287 1686 1496 1760 totque
1530 1685 1706 1742 mira-
1765 1684 1826 1742 in
1854 1695 1928 1754 4.‚
1951 1685 2265 1761 Hagenoae
2303 1696 2329 1748 1
2347 1694 2500 1752 5143
2536 1683 2609 1741 de
2630 1683 2852 1758 quibus
2872 1701 3050 1761 gene-

421 1771 574 1830 culis
604 1772 836 1841 claruit,
868 1776 939 1830 ut
970 1773 1131 1848 apud
1163 1792 1302 1833 suos
1333 1774 1504 1832 Beati
1535 1791 1704 1831 voca·
1765 1774 1941 1831 ratim
1973 1774 2059 1832 ita
2090 1774 2358 1834 Sixtus
2391 1773 2690 1832 senensis:
2760 1772 2956 1840 ,Budi
2987 1789 3052 1829 ac

422 1861 561 1920 bulo
592 1865 977 1936 nuncupetur
989 1857 1056 1942 1).
1089 1863 1234 1938 Ejus
1267 1880 1445 1939 opera
1466 1862 1700 1938 prodie-
1764 1862 2023 1938 simplici
2056 1881 2324 1921 sermone
2356 1863 2669 1922 conciones
2700 1861 2905 1928 edidit,
2954 1862 3050 1936 pia

420 1952 567 2008 runt
585 1951 952 2026 argumentis
980 1954 1042 2009 et
1060 1951 1544 2010 adnotationibus
1564 1951 1705 2008 illu·
1762 1954 1964 2009 tamen
1995 1953 2331 2010 moralitate
2375 1952 2683 2010 refertas.‘
2717 1982 2803 1992 —
2837 1950 3051 2008 Nico-

422 2041 610 2097 strata
626 2039 841 2097 Romae
869 2049 1054 2108 1688,
1090 2041 1310 2115 quibus
1332 2040 1592 2115 praefixa
1610 2042 1703 2098 est
1764 2041 1934 2099 laus
1967 2041 2074 2098 wi
2091 2041 2310 2118 geliu
2328 2059 2354 2099 s
2390 2036 2659 2122 (Weigel)
2711 2039 3050 2115 Briegensis

421 2129 547 2204 ejus
578 2128 704 2186 vita
751 2148 787 2186 a
835 2128 923 2186 Fr.
959 2129 1301 2189 Haroldo
1350 2129 1700 2204 conscripta.
1763 2130 1825 2187 in
1861 2128 2086 2199 Silesia,
2119 2129 2455 2206 theologiae
2485 2129 2707 2198 doctor,
2755 2128 3052 2204 professor

377 2265 382 2266 ff
421 2218 493 2275 In
523 2235 591 2275 ea
621 2236 707 2276 ex.
741 2236 826 2293 gr.
861 2223 1005 2275 sunt
1033 2222 1108 2276 tr.
1132 2221 1201 2277 de
1212 2220 1563 2294 poenitentia
1577 2238 1607 2289 ,·
1637 2220 1706 2275 de
1762 2219 1826 2275 in
1873 2218 2140 2294 lipsiensi
2184 2219 2493 2288 academia,
2546 2218 2664 2276 imo
2710 2221 2771 2276 et
2819 2213 2970 2298 (142
2985 2211 3048 2296 7)

421 2303 798 2364 eucharistiae
826 2316 1221 2383 sacramento;
1271 2309 1339 2366 de
1387 2308 1708 2366 conditione
1761 2315 1955 2365 rector
1972 2310 2033 2365 et
2062 2317 2492 2371 1427--1428
2512 2306 3050 2365 vicecancellarius.

422 2397 709 2454 amicitiae
766 2397 828 2453 et
889 2396 960 2455 de
1022 2397 1251 2456 malitia
1310 2396 1703 2464 invidentiae;
1763 2397 2081 2455 canonicus
2102 2396 2610 2466 wratislaviensis,
2646 2395 2924 2454 interfuit
2941 2412 3051 2452 no-

422 2492 624 2543 contra
668 2492 998 2562 martyrum
1043 2489 1459 2561 vituperatores
1472 2506 1501 2557 ;
1545 2485 1703 2561 quod
1764 2485 1923 2544 mine
1988 2486 2249 2562 episcopi
2310 2484 2831 2562 merseburgensis,
2883 2483 3052 2542 ducis

422 2573 572 2632 nihil
623 2576 798 2633 nocet
831 2575 918 2632 ad
969 2576 1254 2635 virtutem
1303 2575 1516 2633 humili
1579 2575 1705 2633 loco
1766 2574 2049 2632 Saxoniae
2081 2578 2144 2633 et
2172 2574 2582 2633 universitatis
2612 2573 2863 2633 concilio
2894 2572 3051 2630 basi-

421 2663 599 2733 nasci‚
633 2664 902 2739 epistolae
935 2662 1211 2747 (quarum
1241 2674 1318 2728 20
1348 2666 1471 2741 jam
1503 2663 1703 2724 edide·
1763 2662 1951 2722 leensi
1982 2658 2045 2747 (†
2088 2675 2180 2728 11.
2217 2663 2374 2745 Sept.
2416 2659 2626 2745 1444).
2661 2662 3052 2722 Concinnavit

420 2757 515 2812 rat
563 2753 830 2811 Martene
879 2754 944 2813 in
993 2755 1146 2814 Mon.
1198 2755 1422 2813 collect.
1474 2758 1515 2812 t.
1568 2748 1701 2833 111.)
1763 2772 2034 2828 magnam
2072 2754 2374 2813 Summam
2420 2754 2488 2811 de
2519 2754 2904 2830 indulqmiis,
2942 2769 3052 2809 suo

423 2846 530 2901 etc.
578 2877 665 2887 —
711 2842 1079 2902 Sanctius
1124 2839 1427 2926 (Saucius)
1475 2844 1707 2901 Porta
1762 2845 2028 2917 tempore
2075 2843 2220 2901 satis
2267 2842 2561 2911 diffusam,
2610 2861 2792 2918 quam
2825 2841 3052 2900 celeber

425 2930 487 2989 Ο.
522 2931 613 2989 Pr.
648 2934 824 3007 gente
843 2932 1158 3010 Aragonus
1190 2934 1254 2991 in
1286 2949 1704 3008 caesaraugus·
1763 2931 1915 2990 card.
1949 2932 2254 2991 Bessarion
2285 2932 2441 2990 tanti
2461 2931 2812 3002 aestimavit,
2834 2932 2905 2988 ut
2923 2948 3052 2988 eam

422 3026 565 3080 tano
596 3024 892 3080 conventu
924 3022 1283 3099 theologiam
1334 3021 1536 3080 docuit
1566 3039 1704 3079 con·
1764 3020 1879 3079 sibi
1923 3021 2425 3080 transcribendam
2478 3020 2785 3079 curaverit.
2848 3019 2931 3076 Ex
2981 3037 3053 3076 ea

424 3110 811 3184 cionibusque
831 3109 1123 3169 inclaruit.
1146 3113 1194 3170 A
1212 3111 1533 3169 Benedicto
1549 3109 1704 3167 XIII.
1766 3128 1810 3167 c.
1835 3119 1909 3171 41
1950 3111 2175 3184 prodiit
2206 3111 2279 3168 de
2313 3111 2508 3169 valore
2539 3108 3051 3184 indulgentiarum
3078 3164 3083 3167 ,

424 3198 785 3257 Avenionem
836 3200 1059 3259 accitus
1093 3219 1136 3258 s.
1168 3200 1376 3275 palatii
1426 3198 1710 3276 magister
1765 3198 2045 3258 adversus
2061 3199 2153 3258 Jo.
2170 3199 2655 3275 Husdisputatio‚
2673 3198 2830 3274 apud
2845 3196 3052 3255 Walch

423 3287 826 3346 constituitur.
888 3289 1028 3348 Cum
1060 3289 1464 3357 Benedictum,
1497 3291 1569 3347 ut
1599 3288 1705 3345 ali·
1766 3288 2148 3347 Monumenta
2197 3288 2376 3346 medii
2420 3289 2549 3346 aevi
2599 3288 2671 3345 11.
2719 3287 2855 3344 fasc.
2911 3298 2960 3348 1.
2995 3305 3049 3360 p.

425 3377 528 3452 qui
604 3376 888 3447 referunt,
970 3379 1163 3437 verbis
1218 3377 1706 3454 argumentisque
1768 3386 1979 3440 25——6
1991 3386 2043 3439 6.
2108 3376 2247 3453 Ipsa
2294 3396 2527 3435 summa
2574 3393 2881 3450 nunquam
2914 3392 3049 3450 pro-

424 3466 601 3524 etiam
648 3483 840 3525 coram
886 3487 993 3542 pro
1038 3468 1313 3526 concione
1358 3469 1603 3542 urgeret
1635 3465 1706 3524 de
1763 3465 1894 3534 diit,
1929 3466 2031 3523 sed
2061 3467 2191 3541 ejus
2236 3465 2488 3541 epitome
2523 3464 2814 3524 Clava'cula
2860 3463 3050 3521 indul-

426 3555 740 3614 scbismate
772 3574 1124 3632 quacunque
1166 3556 1394 3614 meliori
1423 3556 1519 3613 via
1551 3573 1707 3613 com·
1763 3555 2028 3630 qentialis
2088 3559 2148 3613 et
2200 3554 2597 3613 absolutionis
2650 3551 3046 3611 sacerdotalis·

423 3645 694 3719 ponendo
724 3647 787 3703 et
804 3646 1220 3723 extinguendo,
1255 3646 1350 3703 hic
1370 3645 1456 3703 ita
1475 3662 1706 3703 exacer-
1774 3653 1932 3706 1481
1991 3662 2034 3701 s.
2067 3645 2105 3701 l.
2158 3643 2449 3701 Prolixam
2500 3643 2602 3701 sed
2651 3660 2772 3700 non
2822 3659 3053 3715 semper

423 3732 599 3791 batus
630 3735 736 3802 est,
768 3739 841 3793 ut
871 3735 1174 3796 Sanctium
1206 3734 1269 3792 in
1299 3733 1538 3793 vincula
1569 3751 1706 3791 con·
1767 3733 1913 3792 satis
1930 3736 2265 3791 accuratam
2280 3732 2578 3807 epitomen
2592 3730 3049 3790 exhibetAmort

1767 3822 1839 3880 de
1890 3822 2033 3898 orig.
2084 3820 2595 3897 indulgentiarum
2643 3818 2875 3887 notitia,
2928 3821 3051 3876 Au-

504 3908 540 3975 ¹)
567 3904 650 3958 Cf·
678 3904 935 3974 Argelafi
961 3903 2062 3989 Ser¹9¹³·1¹[¹⁴³d¹01·b¹bl¹0¹⁵h·gustaeV
2091 3920 2253 3973 1735
2291 3930 2343 3985 p.
2369 3919 2584 3972 266-
2593 3918 2736 3972 281.
2770 3908 3049 3966 Auctoris

426 3975 493 4030 11.
523 3995 576 4044 p.
607 3983 655 4033 1.
683 3993 813 4045 pag
831 3975 1448 4035 1290ss4'1‘iraboschi
1478 3975 1568 4030 VI.
1587 3992 1640 4044 p.
1661 3980 1708 4030 1.

426 4046 646 4172 1ῑῖᾗὲὲὲ
663 4056 702 4173 ᾗ)
709 4046 1197 4187 ἒέωὲξῑέἒέῑᾶξῇξ
1217 4046 1712 4187 ἳζξὶξξξῑξξζζῖ
1773 4089 2051 4148 zeitschr.
2085 4090 2120 4147 f.
2154 4089 2312 4147 kath.
2347 4089 2543 4147 Theoi
2578 4088 2767 4146 xxm
2802 4082 3047 4169 (1899).

426 4190 518 4243 del
546 4190 598 4244 b.
630 4190 756 4243 Alb.
784 4189 856 4242 da,
884 4190 1172 4254 Sarteano‚
1217 4190 1526 4254 Quaracchi
1559 4194 1712 4245 19()2..
1777 4188 2120 4243 743-754
2156 4178 2435 4237 adversus
2467 4178 2726 4254 Brieger.

1337 4478 1440 4575 ΙΙ.
1512 4478 1589 4576 S.
1658 4478 2158 4597 Scriptura.

521 4726 665 4779 412.
713 4717 1042 4774 Paucorum
1087 4716 1404 4774 admodum
1437 4717 1705 4791 exegeta-
1733 4712 1739 4753 ¹
1766 4720 2078 4791 propterea
2112 4716 2447 4790 neglectum
2479 4714 2595 4772 fuit
2629 4733 2672 4771 s.
2710 4713 3049 4786 Scripturae

425 4825 562 4865 rum
593 4824 769 4881 opera
799 4806 962 4881 typis
993 4806 1278 4881 impressa
1323 4805 1488 4863 fuere
1521 4823 1706 4878 eaque
1732 4762 1739 4915 Ι
1766 4804 2049 4873 studium,
2100 4808 2172 4862 ut
2202 4806 2504 4862 testantur
2535 4804 2627 4861 tot
2660 4802 2891 4859 labores
2923 4820 3048 4859 ma-

428 4894 549 4953 sere
609 4894 1120 4954 concionatoribus
1181 4894 1508 4963 destinata3
1587 4911 1705 4951 non
1733 4893 2070 4968 .nuscripti.
2121 4894 2562 4968 Stephanus
2613 4888 3050 4963 Mssarquardi

1770 4000 1958 4060 nostri
2007 4000 2331 4060 doctrinam
2381 4001 2530 4058 bene
2579 4002 2787 4058 tuetur
2830 3997 3052 4055 Paulus
3152 3995 3156 3999 ’
