3475 5364
642 330 763 383 227

1235 316 1606 372 mol—1225.
1636 309 1690 364 S.
1718 308 2029 380 Scriptura.
2059 308 2321 364 Joachim
2347 308 2418 362 de
2443 308 2638 374 Floria,

3144 325 3273 380 228

637 500 881 574 penitus
900 496 1622 574 prosternant.ettandem
1641 496 1918 555 aChristo
1974 494 2462 554 substituendum
2480 490 2545 575 ¹).
2610 493 2798 563 Quam
2861 495 2937 552 ob
3004 514 3137 553 rem
3201 495 3275 552 ab

637 607 851 664 sponso
885 591 1209 646 renovetur
1251 592 1342 645 ut>
1365 586 1599 662 aquilae
1623 586 1917 661 juventus
1973 583 2196 643 ordinis
2252 584 2661 660 superioribus
2707 583 2951 651 citatuS,
3006 584 3085 641 ad
3139 603 3273 659 per-

637 685 803 735 sua‘.
838 711 924 721 —
957 676 1035 734 ln
1068 672 1385 751 Danielem,
1422 674 1690 734 Venetiis
1730 683 1915 744 15173
1974 680 2191 747 petuos
2223 690 2487 731 carceres
2520 672 2836 731 damnatus
2882 673 2983 730 est
3011 673 3273 747 ejusque

650 776 845 833 1519;
889 766 1133 828 1525in
1152 775 1214 832 43
1250 764 1735 826 Coloninel577.
1760 763 1918 820 Haec
1973 761 2131 820 liber,
2185 761 2260 819 ab
2326 761 2661 819 Alexandro
2725 760 2819 819 IV.
2882 761 3270 836 reprobatus.

638 858 837 914 tamen
869 855 986 912 tria
1017 854 1346 929 posteriora
1395 871 1571 929 opera
1603 852 1919 928 supposita
1974 869 2095 909 non
2127 869 2265 909 vero
2297 850 2588 909 Joachimi
2622 850 2856 924 scripta,
2892 850 3006 908 etsi
3038 854 3106 909 et
3138 869 3212 908 ea
3240 870 3273 908 a

634 945 728 1002 vel
762 945 973 1002 saltem
1008 943 1190 1001 dubia
1209 944 1369 1001 sunt.
1390 942 1633 999 -Alia
1647 940 1915 1016 ejusdem
1973 939 2389 998 Florentio
2426 957 2515 1015 ep.
2555 939 2901 997 acconitano
2941 939 3018 996 ad
3060 938 3267 997 sedem

635 1052 812 1108 opera
843 1036 984 1091 sunt
1015 1031 1257 1100 inedita,
1285 1034 1357 1089 ut
1389 1030 1706 1088 Concordia
1736 1048 1915 1088 evan-

634 1122 946 1198 geliorum,
996 1124 1200 1179 contra
1244 1115 1564 1199 Judae0s1)
1600 1122 1709 1177 etc.
1775 1119 1846 1176 In
1877 1119 1913 1175 1.

638 1206 995 1291 (deperdito)
1027 1212 1233 1268 contra
1251 1209 1490 1267 Petrum
1513 1207 1915 1266 Lombardum

634 1301 702 1357 de
733 1301 956 1357 unitate
987 1317 1093 1357 seu
1125 1298 1386 1356 essentia
1429 1297 1751 1372 Trinitatis,
1801 1296 1914 1353 hu-

624 1388 728 1462 jus
747 1387 1093 1455 doctrinam,
1118 1386 1446 1446 secundum
1466 1405 1645 1462 quam
1662 1385 1837 1443 Pater
1856 1386 1917 1442 et

632 1472 821 1535 Filius
872 1479 936 1535 et
967 1476 1224 1551 Spiritus
1272 1494 1316 1533 S.
1350 1475 1636 1550 quaedam
1684 1492 1917 1532 summa

633 1585 726 1624 res
760 1569 868 1633 est,
903 1584 1054 1640 quae
1075 1584 1266 1640 neque
1286 1564 1366 1623 sit
1385 1581 1689 1640 generans,
1724 1581 1915 1636 neque

632 1655 850 1730 genita,
885 1673 1079 1729 neque
1096 1653 1437 1729 procedens,
1471 1671 1591 1711 non
1620 1650 1917 1709 intellexit

636 1745 846 1818 utpote
891 1742 954 1800 in
1002 1741 1327 1800 subtilibus
1359 1741 1499 1799 fidei
1530 1739 1914 1818 dogmatibus

630 1832 816 1901 rudis,
852 1831 971 1890 imo
993 1851 1119 1890 eam
1141 1834 1342 1889 censet
1362 1830 1730 1899 haereticam,
1754 1829 1916 1904 quod

630 1921 876 1979 inducat
909 1920 1402 1994 quaternitatem:
1442 1919 1573 1993 ipse
1605 1937 1743 1977 vero
1775 1918 1914 1975 illu-

632 2014 785 2068 strat
833 2010 1126 2068 unitatem
1177 2009 1359 2067 trium
1412 2025 1799 2084 personarum
1846 2024 1914 2064 ex

629 2099 862 2157 unitate
894 2098 1158 2172 plurium
1190 2097 1501 2156 hominum
1533 2096 1759 2165 morali,
1795 2114 1916 2171 qua

632 2191 777 2246 sunt
808 2204 908 2246 cor
938 2206 1124 2245 unum
1147 2190 1207 2245 et
1227 2186 1423 2244 anima
1440 2204 1575 2243 una.
1609 2184 1768 2243 Haec
1782 2185 1912 2261 ejus

630 2277 833 2352 opinio
883 2276 1139 2334 examini
1185 2276 1451 2352 subjecta
1495 2274 1609 2331 fuit
1655 2274 1718 2330 in
1753 2290 1911 2331 conc.

629 2366 989 2424 lateranensi
1010 2364 1102 2423 IV.
1136 2369 1198 2423 et
1217 2365 1509 2433 damnata,
1544 2363 1690 2437 quin
1712 2364 1913 2420 tamen

633 2455 758 2530 ipse
805 2455 898 2511 vel
945 2456 1075 2529 eJus
1122 2453 1428 2511 institutio
1461 2451 1911 2526 reprobaretur:

636 2562 768 2600 nam
800 2543 860 2600 in
885 2561 994 2601 sua
1013 2542 1333 2601 Concordia
1354 2541 1418 2597 V.
1440 2543 1501 2598 et
1518 2539 1590 2596 N.
1612 2540 1670 2598 T.
1685 2538 1910 2614 judicio

636 2650 905 2690 romanae
938 2631 1232 2690 Ecclesiae
1253 2630 1439 2689 libros
1472 2647 1676 2688 omnes
1710 2628 1911 2705 subje-

636 2724 793 2780 cerat
823 2720 1130 2796 professus
1168 2738 1272 2789 ,se
1305 2719 1556 2794 abjicere
1589 2718 1749 2793 quod
1783 2719 1914 2799 ipsa

636 2809 854 2885 abjicit,
890 2814 950 2867 et
982 2809 1280 2883 suscipere
1299 2807 1460 2884 quod
1481 2807 1733 2883 suscipit
1755 2807 1769 2863 i
1779 2826 1909 2883 psa:

636 2899 876 2957 credens
910 2897 1156 2956 firmiter
1188 2916 1307 2956 non
1339 2897 1703 2955 detecturam
1735 2895 1908 2954 fidem

635 2989 760 3061 ejus
781 2986 1054 3062 usquead
1077 2985 1644 3044 consummationem
1663 2986 1849 3043 seculi
1862 2993 1909 3041 ί.

635 3077 880 3152 Majores
926 3076 1131 3133 turbas
1173 3074 1454 3133 excitavit
1504 3074 1629 3132 suis
1661 3074 1910 3132 visioni-

631 3164 741 3223 bus
805 3168 865 3222 et
925 3163 1420 3239 explicationibus
1471 3162 1908 3240 apocalypticis‚

631 3254 852 3328 quibus
887 3272 1108 3311 novum
1145 3255 1368 3310 statum
1389 3270 1493 3310 seu
1512 3251 1911 3310 oeconomiam

630 3343 887 3417 Spiritus
922 3361 965 3400 s.
999 3341 1426 3417 praesagiebat,
1449 3360 1596 3415 quas
1616 3341 1766 3398 mira
1785 3341 1908 3397 avi-

628 3431 815 3491 ditate
848 3431 1360 3507 amplectebantur
1403 3433 1464 3488 et
1503 3433 1740 3504 praeter
1770 3446 1909 3487 auc-

627 3521 778 3579 toris
817 3520 1213 3579 intentionem
1246 3520 1397 3578 male
1438 3518 1911 3594 interpretaban-

626 3614 730 3668 tur
760 3609 845 3669 sic
876 3609 1020 3668 dicti
1063 3609 1407 3685 spirituales
1440 3611 1502 3665 et
1531 3607 1807 3665 fraticelli
1840 3625 1910 3665 ex

628 3699 1150 3758 Franciscanorum
1161 3697 1389 3756 familia
1404 3697 1552 3755 duce
1574 3696 1622 3754 G
1638 3715 1669 3754 e
1684 3715 1716 3752 r
1730 3715 1765 3753 a
1779 3715 1808 3753 r
1819 3695 1855 3753 d
1874 3714 1908 3752 o

627 3788 698 3845 de
733 3791 924 3864 Borgo
958 3806 1002 3845 s.
1038 3788 1312 3845 Donnino
1347 3785 1409 3844 Ο.
1446 3786 1499 3843 S.
1532 3786 1733 3843 Franc.
1797 3784 1910 3842 Hic

626 3877 691 3934 in
722 3877 914 3935 lucem
960 3875 1126 3934 dedit
1178 3873 1446 3955 (Parisiis
1487 3870 1678 3954 1254)
1716 3873 1908 3932 Intro-

626 3966 953 4023 ductorium
1025 3967 1089 4022 in
1151 3964 1529 4039 Evanyelt'um
1589 3971 1905 4038 aeternum,

627 4072 733 4113 seu
781 4052 1286 4111 introductionem
1338 4052 1633 4127 quandam
1678 4052 1744 4109 in
1790 4051 1910 4110 tria

626 4143 944 4218 praecipua
975 4139 1266 4200 Joachimi
1300 4141 1518 4215 scripta
1565 4140 1637 4199 de
1670 4157 1905 4199 concor·

626 4232 736 4296 dia,
772 4230 1112 4308 apocalypsi
1162 4234 1224 4287 et
1253 4230 1552 4306 psalterio,
1607 4249 1759 4305 quae
1791 4229 1908 4304 ipsi

630 4325 768 4379 sunt
800 4321 938 4378 libri
969 4319 1246 4395 inspirati
1294 4322 1353 4377 et
1398 4319 1680 4388 canonici,
1715 4319 1908 4377 Evan-

631 4410 851 4486 gelium
929 4412 1235 4467 aeternum
1295 4408 1619 4485 Evangelio
1688 4407 1907 4466 Christi

1973 1028 2356 1103 apostolicam
2403 1027 2628 1086 fuerint
2673 1027 2868 1085 delata
2898 1030 2960 1085 et
3004 1029 3269 1085 examini

1974 1117 2261 1191 subjecta.
2327 1117 2470 1176 Cum
2518 1134 2657 1174 vero
2688 1116 3036 1175 Florentius
3068 1117 3267 1175 sactus

1973 1208 2133 1264 esset
2149 1205 2627 1281 archiepiscopus
2642 1205 2991 1263 arelatensis
3011 1202 3071 1285 (1
3086 1214 3172 1267 26
3184 1203 3262 1285 2)

1973 1295 2102 1369 ipse
2133 1293 2428 1353 Joachimi
2475 1293 2696 1369 scripta
2743 1294 2808 1351 in
2839 1294 3090 1352 concilio
3126 1314 3263 1370 pro·

1972 1383 2216 1441 vinciali
2247 1403 2283 1441 a
2313 1402 2376 1441 se
2407 1383 2609 1441 habito
2639 1382 2966 1458 prohibuit.

2071 1569 2212 1622 123.
2249 1559 2301 1617 S.
2336 1559 2725 1618 Martinus
2770 1559 3140 1636 legionensis
3172 1561 3260 1618 in·

1975 1648 2162 1725 signis
2224 1648 2492 1707 coenobii
2553 1666 2598 1706 s.
2662 1647 2879 1707 Isidori
2956 1667 3084 1706 can.
3137 1668 3257 1726 reg.

2052 1877 2086 1937 ι)
2116 1868 2411 1924 Wahrend
2457 1871 2603 1923 nach
2642 1869 2902 1923 Joachim
2946 1870 3051 1923 das
3081 1870 3256 1924 Evan-

1969 1941 2186 2012 gelium
2227 1944 2524 1995 aeternum
2565 1941 2663 1994 des
2703 1940 2920 1994 dritten
2961 1941 3253 1997 Zeitalters

1970 2013 2135 2066 nicht
2159 2013 2286 2066 eine
2306 2012 2536 2077 schrift,
2565 2011 2809 2065 sondern
2835 2012 2916 2065 im
2941 2013 3253 2083 Gegensatz

1971 2102 2100 2137 zum
2155 2083 2584 2145 „Buchstabenu
2638 2082 2740 2136 das
2784 2083 3090 2153 geistliche
3142 2086 3252 2138 und

1970 2155 2180 2209 hohere
2222 2154 2596 2209 Verstauduis
2637 2154 2737 2207 der
2775 2154 2854 2207 hl.
2893 2156 3131 2219 Schrift,
3169 2174 3253 2209 zu·

1967 2228 2081 2282 mal
2142 2227 2239 2279 des
2291 2225 2697 2295 Evangeliums
2750 2225 2960 2279 Christi
3012 2244 3148 2291 war,
3198 2245 3252 2280 so

1970 2296 2097 2350 sind
2138 2300 2230 2350 fiir
2256 2295 2470 2351 Gerard
2508 2297 2642 2366 jene
2682 2296 2804 2349 drei
2841 2295 3133 2351 Schriften
3160 2299 3253 2351 das

1968 2367 2071 2424 Ev.
2106 2372 2400 2422 aeternum
2443 2367 2562 2421 und
2588 2367 2845 2423 Joachim
2881 2369 2958 2421 ist
2998 2368 3120 2423 ihm
3162 2370 3254 2422 der

1972 2440 2311 2509 Evangelist
2353 2439 2453 2493 der
2479 2439 2696 2493 dritten
2723 2438 2859 2492 Zeit.
2914 2439 2988 2492 Es
3018 2440 3252 2494 bestand

1968 2513 2087 2565 also
2132 2511 2281 2564 nach
2325 2510 2441 2563 ihm
2491 2509 2582 2564 die
2627 2510 2704 2563 hl.
2730 2510 2947 2565 Schrift
2985 2527 3094 2564 aus
3138 2512 3252 2565 drei

1969 2581 2224 2646 Theilen,
2254 2580 2382 2635 dem
2412 2584 2479 2634 A.
2507 2580 2587 2643 T„
2614 2580 2742 2634 dem
2770 2584 2841 2635 N.
2869 2582 2932 2634 Τ.
2980 2583 3101 2635 und
3132 2583 3253 2637 dem

1969 2655 2068 2708 Ev.
2108 2656 2406 2707 aeternum
2434 2651 2754 2708 Joachims:
2795 2652 3010 2707 diesem
3047 2655 3254 2709 letzten

1969 2731 2152 2779 iniisse
2188 2725 2295 2778 mit
2332 2725 2458 2779 dem
2498 2724 2550 2777 J.
2578 2728 2717 2780 1269
2756 2725 2857 2777 das
2902 2725 3002 2780 Ev.
3047 2725 3253 2780 Christi

1968 2797 2225 2850 weichen
2265 2797 2373 2848 wie
2416 2796 2516 2849 dae
2558 2799 2625 2848 A.
2653 2794 2713 2848 T.
2740 2797 2870 2849 dem
2899 2796 2969 2849 N.
3024 2797 3135 2850 Mit
3159 2797 3252 2851 der

1970 2867 2432 2937 Verkiindigung
2477 2868 2574 2921 des
2620 2866 2799 2921 durch
2851 2869 3119 2922 Joachim
3168 2885 3248 2939 ge-

1966 2939 2334 2992 schriebenen
2351 2937 2758 3008 Evangeliums
2780 2939 2855 2991 sei
2874 2939 2975 2992 der
2998 2939 3055 2993 h.
3079 2939 3250 2993 Franz

1968 3027 2079 3064 von
2144 3010 2321 3062 Assisi
2387 3009 2506 3063 und
2571 3010 2690 3063 sein
2754 3010 2945 3063 Orden
3009 3011 3249 3064 betraut.

1968 3082 2256 3135 Letzterer
2295 3079 2376 3133 sei
2416 3081 2517 3134 der
2543 3097 2655 3134 von
2678 3081 2939 3134 ,loachim
2982 3083 3248 3151 gefeierte

1968 3154 2157 3206 Orden
2200 3154 2298 3207 der
2336 3151 2675 3221 geistlichen
2702 3151 2955 3216 Miinner,
2985 3154 3245 3207 welchem

1967 3224 2059 3278 die
2110 3223 2283 3278 dritte
2335 3223 2457 3276 Zeit
2505 3222 2631 3277 eine
2682 3241 2744 3278 so
2796 3223 3246 3295 hervorragende

1968 3294 2127 3349 Rolle
2173 3294 2546 3364 zugewiesen.
2600 3293 2709 3347 Mit
2746 3293 2873 3347 dem
2914 3294 2968 3347 J.
2996 3300 3140 3352 1260
3167 3297 3245 3350 be·

1966 3366 2142 3436 ginne
2192 3365 2285 3419 die
2336 3365 2499 3420 Fene
2550 3365 2647 3418 des
2698 3364 2909 3420 letzten
2956 3366 3245 3420 Zeitalters

1965 3438 2085 3490 und
2127 3437 2282 3491 daun
2323 3443 2508 3490 miisse
2549 3435 2640 3489 die
2670 3435 2906 3507 Predigt
2944 3437 3045 3490 des
3074 3437 3243 3491 Evan-

1963 3507 2209 3576 geliums
2261 3507 2488 3570 Christi,
2552 3506 2645 3560 die
2695 3506 2903 3561 Kirche
2955 3509 3077 3562 und
3129 3510 3243 3562 ihre

1967 3581 2337 3632 Sakrainente
2388 3579 2688 3632 aufhbren.
2742 3577 2912 3632 Ehrle
2964 3579 3106 3633 KL’.
3163 3579 3241 3640 vl,

1970 3654 2263 3712 1471-80,
2292 3650 2392 3719 qui
2419 3653 2681 3704 accurate
2709 3651 2777 3704 de
2803 3649 2835 3702 J
2844 3650 3105 3705 oachimo
3143 3651 3242 3704 dis·

1965 3723 2103 3776 serit
2145 3725 2204 3775 et
2241 3722 2601 3775 literaturam
2639 3720 2927 3791 copiosam
2974 3722 3045 3777 de
3073 3739 3138 3777 eo
3163 3739 3241 3775 ex-

1965 3794 2156 3850 hibet:
2208 3792 2589 3845 eruditissime
2632 3807 2762 3846 vero
2790 3792 3009 3846 Denifle
3039 3794 3240 3848 Archiv

1969 3865 2010 3929 1,
2036 3868 2315 3922 49—143:
2360 3864 2526 3917 Feret
2551 3863 2614 3918 11.
2645 3863 2681 3916 l.
2710 3867 2744 3920 3
2771 3880 2818 3919 c.
2846 3869 2908 3920 1:
2950 3864 3240 3920 Rousselot

1966 3935 2228 3991 Joachim
2270 3935 2338 3987 de
2367 3934 2547 3999 Flore,
2589 3933 2731 3988 Jean
2772 3935 2841 3988 de
2870 3934 3072 3988 Parme
3113 3938 3169 3989 et
3190 3936 3238 3988 la

1964 4006 2221 4061 doctrine
2263 4007 2331 4059 de
2374 4004 2694 4075 l'Evangile
2735 4006 2968 4071 eternel,
3020 4006 3237 4060 Parisiis

1967 4083 2139 4137 1867:
2168 4077 2227 4137 Ρ,
2255 4077 2533 4131 Fournier
2557 4076 2644 4130 J0.
2672 4076 2742 4130 de
2768 4076 2951 4131 Fiore.
2999 4077 3097 4131 Ses
3123 4078 3254 4133 doc-⁴

1967 4151 2156 4212 trinae,
2201 4165 2301 4202 seu
2342 4148 2639 4210 influence,
2679 4146 2741 4201 in
2782 4147 2975 4202 Revue
3013 4151 3113 4202 des
3151 4167 3235 4217 qq.

1962 4221 2093 4274 hist.
2124 4219 2320 4274 vau
2371 4223 2546 4290 1900),
2567 4223 2832 4278 457-5052
2859 4219 3040 4288 quiin
3056 4220 3235 4273 Revue

1965 4291 2169 4346 d'Hist.
2225 4294 2282 4345 et
2382 4307 2411 4342 e
2476 4291 2651 4346 litter.
2703 4290 2863 4372 relig.
2923 4291 3000 4344 IV
3065 4295 3232 4361 (1899)

1963 4367 2175 4420 37-66
2202 4361 2410 4416 nititur
2430 4361 2614 4415 eidem
2636 4362 2929 4416 Joach1mo
2951 4378 3187 4415 asserere
3201 4362 3232 4415 1.

1963 4439 2027 4489 de
2074 4454 2202 4488 vera
2246 4437 2618 4502 philosophia,-
2664 4432 2929 4499 Deutsch,
2983 4433 3230 4488 Realem..

1962 4507 2080 4568 IX⁸‚
2109 4509 2407 4561 sev—232.

2038 4585 2076 4643 ξ)
2108 4576 2190 4631 Cf.
2242 4576 2483 4630 historia
2534 4577 2593 4629 et
2639 4578 2767 4628 acta
2816 4575 2881 4627 in
2925 4575 3032 4628 hac
3076 4590 3231 4627 causa

704 4657 738 4722 ¹)
768 4651 850 4706 Ct'.
878 4651 946 4704 de
974 4650 1135 4705 libris
1152 4650 1321 4704 editis
1350 4653 1404 4703 et
1432 4648 1681 4714 ineditis,
1710 4647 1909 4719 genui·
1962 4649 2215 4718 primum
2267 4648 2422 4701 edita
2472 4665 2505 4700 a
2557 4646 2774 4700 Denifle
2825 4645 2883 4699 in
2939 4645 3148 4698 Archiv
3196 4646 3230 4708 Ι,

629 4722 712 4776 nis
740 4727 795 4775 et
821 4721 1031 4794 spuriis
1072 4721 1158 4777 Jo.
1200 4721 1394 4789 Chrys.
1436 4721 1645 4774 Huck
1685 4720 1747 4772 in
1775 4721 1907 4773 diss.
1961 4724 2473 4777 49—1422errores
2489 4716 2907 4786 31amagistris
2924 4716 3230 4787 parisiensi·

633 4793 864 4848 Ubertin
916 4811 1026 4847 von
1074 4793 1267 4848 Casale
1315 4792 1432 4845 und
1477 4811 1519 4844 s.
1563 4792 1889 4846 Ideenkreis
1965 4795 2069 4845 bus
2097 4807 2163 4843 ex
2190 4790 2612 4845 introductorio
2652 4792 2757 4846 etc.
2799 4788 3049 4858 excerpti
3087 4787 3225 4857 apud

630 4865 890 4937 Friburgi
919 4865 956 4919 i.
985 4865 1044 4917 B.
1075 4869 1214 4921 1903
1239 4883 1295 4934 p.
1324 4868 1588 4921 70—107.

1896 4834 1907 4856 ⁹
1932 4838 1937 4911 Ι
1964 4863 2206 4917 eundem
2233 4862 2291 4914 in
2322 4861 2642 4916 Chartular.
2670 4859 2840 4931 paria,
2870 4862 2909 4924 Ι,
2935 4863 3040 4916 272
3067 4876 3132 4911 ss.
