3475 5364
533 355 645 407 771
1150 340 1519 392 Mor-1425.
1546 336 1648 388 Jus
1676 333 2031 388 canonicum.
2060 336 2190 385 Ant.
2220 333 2289 385 de
2318 331 2537 386 Butrio.
3026 350 3053 401 7
3071 351 3149 403 72

621 530 763 584 387.
799 521 907 578 His
959 520 1194 580 duobus
1243 521 1457 580 merito
1507 520 1812 579 addendus
1867 538 1995 577 mae
2025 523 2338 589 1473t.2;
2384 528 2573 586 1474;
2608 519 2925 577 Mediolani
2958 527 3147 586 1488;

528 614 621 669 est
652 610 1041 668 Antonius
1076 610 1147 669 de
1177 610 1433 670 Butrio
1457 607 1809 686 (deBudriO,
1876 618 2072 679 14893
2147 617 2306 672 1582
2361 612 2489 676 etc„
2553 626 2703 683 opus
2764 608 2915 667 utile
2969 608 3150 666 etiam

529 699 688 775 quod
720 702 809 757 est
839 700 1004 759 locus
1037 699 1371 758 nativitatis
1402 718 1584 776 prope
1615 701 1808 757 Bono·
1869 700 2113 773 propter
2144 715 2316 756 casus
2363 697 2681 772 plurimos;
2730 697 3152 755 commentaria

527 783 733 867 niam),
779 787 1166 865 dignissimus
1213 788 1520 847 amborum
1567 789 1810 864 collega,
1866 789 1929 844 in
1975 787 2211 846 Sextum
2262 786 2490 861 pariter
2538 785 2855 845 admodum
2900 786 3149 860 copiosa,

526 877 632 953 qui
678 877 741 935 in
778 877 916 952 jure
947 878 1173 953 pariter
1217 897 1396 952 quam
1428 878 1681 937 maxime
1713 895 1812 934 ex·
1870 875 2137 934 Venetiis
2164 886 2364 945 1499;
2405 885 2604 944 15753
2638 877 2707 933 de
2711 877 2854 950 jure
2858 882 3148 950 patrona·

529 966 750 1025 celluit.
813 967 1005 1025 Natus
1038 969 1130 1025 est
1161 984 1208 1029 c.
1251 976 1413 1031 1338
1455 967 1698 1041 jurique
1730 967 1810 1024 ci·
1870 973 1982 1039 tus,
2016 965 2391 1024 Francofurti
2434 974 2587 1027 1581
2618 986 2631 1033 3
2677 966 2748 1022 de
2777 964 3153 1039 emptionibus

529 1056 633 1116 vili
667 1074 905 1130 operam
937 1054 1102 1114 dedit
1134 1056 1243 1114 sub
1277 1055 1451 1115 Petro
1482 1055 1554 1115 de
1579 1055 1809 1114 Ancha-
1867 1061 1917 1111 et
1946 1051 2364 1112 venditionibus
2407 1057 2468 1112 et
2500 1053 2571 1112 de
2603 1054 2835 1112 notorio
2886 1053 3045 1112 inter
3077 1057 3151 1111 tr.

528 1163 671 1203 rano
722 1147 902 1220 atque
933 1145 996 1202 in
1057 1161 1125 1203 eo
1175 1145 1430 1204 lauream
1484 1145 1815 1221 promeruit
1867 1143 2029 1202 univ.
2057 1143 2212 1219 juris
2253 1143 2349 1212 IV,
2399 1153 2509 1205 50:
2559 1143 2865 1218 Speculum
2908 1144 2976 1200 de
3020 1161 3149 1201 con-

531 1229 774 1316 (1384).
837 1233 1062 1292 Exinde
1107 1233 1305 1293 studio
1344 1235 1501 1310 juris
1548 1232 1816 1294 canonici
1868 1234 2129 1309 sessione,
2223 1231 2523 1290 Vicentiae
2599 1241 2797 1302 14763
2889 1231 3153 1289 Venetiis

529 1342 591 1381 se
622 1322 917 1398 impendit
959 1326 1139 1399 atque
1189 1323 1251 1381 in
1283 1342 1350 1382 eo
1382 1324 1643 1382 doctoris
1676 1340 1811 1399 gra·
1877 1331 2039 1385 1586
2074 1326 2181 1381 etc.
2230 1321 2411 1378 Plura
2441 1322 2569 1396 ejus
2601 1340 2776 1397 opera
2808 1320 3155 1395 prodierunt

528 1412 670 1470 dum
719 1415 813 1469 est
857 1415 1211 1471 consecutus
1281 1422 1375 1474 12.
1437 1412 1557 1472 Jul.
1628 1421 1811 1474 1387.
1869 1410 2112 1469 collecta
2144 1410 2409 1470 Venetiis
2454 1418 2615 1473 1578
2649 1413 2690 1467 t.
2729 1420 2762 1473 8
2798 1410 2860 1467 in
2881 1418 2938 1472 4.
2973 1410 3055 1467 Ex
3077 1414 3151 1467 tr.

527 1501 682 1559 Illud
734 1500 947 1559 deinde
997 1500 1299 1576 professus
1351 1504 1440 1560 est
1489 1502 1550 1560 in
1601 1501 1811 1577 primis
1870 1499 1945 1558 ad
1978 1500 2306 1559 cardinales
2357 1500 2630 1573 pisanum
2683 1498 3001 1558 concilium
3052 1500 3152 1557 ha-

529 1590 844 1658 Bononiae,
875 1589 1033 1648 unde
1054 1590 1380 1649 Ferrariam
1414 1593 1655 1666 propter
1676 1590 1809 1648 doc·
1868 1590 2076 1648 bentes
2109 1609 2157 1647 a.
2189 1598 2350 1651 1409
2367 1596 2706 1663 propaceet
2724 1590 2935 1646 unione
2953 1588 3152 1664 gregis

529 1679 723 1738 trinae
739 1678 1310 1738 famamestaccitus.
1332 1680 1676 1757 AGregorio
1688 1679 1812 1738 XII.
1869 1678 2084 1737 Christi
2162 1679 2557 1753 fragmentum
2622 1677 2921 1752 reperitur
2996 1677 3151 1753 apud

531 1769 751 1827 missus
815 1772 906 1824 est
965 1787 1098 1826 cum
1151 1769 1410 1826 Antonio
1461 1769 1702 1827 Corraro
1755 1771 1816 1825 et
1871 1767 2114 1826 Mansi
2160 1765 2385 1836 xxvn,
2438 1775 2758 1830 313—30.
2825 1766 3075 1824 Lectum
3120 1786 3153 1824 a

531 1857 827 1916 Guilelmo
859 1857 1133 1932 episcopo
1165 1857 1468 1915 tudertino
1520 1857 1596 1916 ad
1626 1858 1814 1915 Bene·
1868 1857 2050 1915 titulo
2096 1854 2168 1915 de
2212 1855 2705 1914 translationibus
2753 1856 3151 1932 praelatorum

532 1945 755 2004 dictum
773 1945 1460 2021 XIII.procomponendo
1477 1945 1813 2016 schismate,
1869 1965 2061 2020 usque
2094 1945 2165 2003 ad
2199 1945 2292 2003 tit.
2326 1946 2398 2003 de
2431 1944 2622 2003 officio
2654 1944 2932 2021 delegati,
2977 1963 3155 2020 super

528 2033 699 2092 irrito
732 2039 930 2093 tamen
964 2053 1256 2093 successu.
1321 2036 1571 2094 Videtur
1615 2039 1813 2094 autem
1871 2034 2089 2109 quibus
2138 2034 2232 2096 tit.
2286 2033 2347 2090 D.
2394 2033 2594 2091 Abbas
2644 2027 3153 2114 (panormitanus)

528 2127 732 2199 postea
775 2127 1021 2182 nutasse
1067 2125 1129 2181 in
1175 2125 1456 2200 obsequio
1501 2143 1642 2202 erga
1674 2124 1815 2182 Gre-
1869 2143 1991 2183 non
2040 2123 2295 2198 scripsit,
2346 2123 2442 2181 vel
2493 2123 2544 2180 si
2589 2123 2847 2199 scripsit,
2894 2122 3153 2198 reperire

530 2214 764 2289 gorium
799 2211 922 2280 XII,
959 2217 1028 2270 ut
1061 2213 1366 2290 colligitur
1414 2233 1482 2272 ex
1514 2215 1644 2289 ejus
1678 2231 1815 2271 con·
1871 2216 2073 2288 potest
2102 2231 2293 2281 nemo,
2328 2231 2423 2288 pp.
2462 2221 2496 2274 2
2532 2231 2573 2269 e.
2608 2212 2644 2269 l.
2678 2233 2727 2271 a.
2762 2220 2824 2270 et
2854 2216 2979 2287 typ.
3015 2209 3154 2292 (Ve-

529 2302 660 2360 silio
693 2301 1093 2360 cardinalibus
1124 2303 1281 2373 dato,
1329 2303 1490 2378 quod
1518 2303 1693 2362 nobis
1723 2321 1814 2360 as·
1871 2303 2052 2360 netiis
2093 2296 2307 2382 1471),
2352 2301 2775 2376 Norimbergae
2818 2310 3000 2368 1486,
3032 2319 3154 2359 non

528 2391 791 2449 servavit
824 2392 1063 2448 Mansi
1106 2392 1168 2450 in
1203 2393 1398 2467 suppl.
1432 2410 1591 2450 conc.
1623 2392 1816 2450 Lucae
1872 2394 1965 2450 est
1995 2391 2207 2466 ipsius,
2242 2389 2347 2448 sed
2378 2390 2452 2448 ab
2484 2389 2619 2448 aliis
2653 2408 2719 2448 ex
2753 2391 2884 2464 ejus
2917 2389 3153 2464 scriptis

540 2481 849 2546 1749,111‚
897 2489 1283 2543 1042-1059.
1319 2480 1480 2539 Obiit
1506 2490 1670 2545 1409
1697 2477 1816 2560 (se-
1871 2480 2202 2555 compilata.

532 2570 789 2628 cundum
813 2569 958 2627 alios
987 2565 1177 2648 1408)
1209 2569 1409 2646 magni
1438 2570 1511 2627 ab
1536 2570 1815 2628 omnibus

529 2659 878 2717 aestimatus
910 2661 970 2717 et
1000 2658 1300 2734 frequenti
1333 2677 1562 2734 semper
1581 2659 1814 2718 audito·
1966 2667 2107 2721 388.
2142 2658 2337 2733 Hujus
2371 2657 2629 2717 illustris
2676 2657 3007 2734 discipulus
3041 2657 3156 2717 fuit

530 2768 662 2806 rum
710 2765 921 2807 corona
967 2749 1244 2823 stipatus.
1307 2747 1415 2806 Vir
1454 2751 1586 2808 erat
1616 2748 1815 2807 admo·
1875 2747 2323 2806 Dominicus
2415 2748 2488 2805 de
2564 2767 2607 2809 s,
2700 2748 2865 2807 Gem
2887 2747 3155 2806 iniano

531 2836 1560 2911 dumpiu8,beneficu8,veneratione
1575 2836 1814 2914 dignus,
1874 2832 2058 2917 (quod
2107 2840 2200 2894 est
2230 2837 2540 2894 castellum
2592 2838 2653 2894 in
2686 2836 2910 2896 ditione
2942 2836 3151 2895 floren—

531 2926 635 3000 qui
668 2926 874 2984 vivens
907 2930 967 2984 et
997 2926 1253 2984 moriens
1270 2926 1471 2985 domos
1504 2926 1816 3002 religiosas
1871 2920 2055 3005 tina),
2138 2925 2387 2984 vicarius
2462 2926 2724 3001 episcopi
2798 2925 3154 2983 mutinensis

530 3014 786 3089 copiosis
821 3015 1202 3074 sustentabat
1222 3015 1626 3091 eleemosynis.
1661 3016 1813 3073 Dum
1875 3010 2121 3095 (1407),
2165 3014 2458 3089 professor
2484 3014 2881 3084 bononiensis,
2916 3015 3152 3073 demum

532 3103 633 3162 alii
664 3104 896 3178 magnis
929 3104 1127 3179 ipsum
1159 3104 1409 3179 ejusque
1456 3123 1633 3180 opera
1679 3121 1815 3179 pro·
1872 3104 2084 3162 Romae
2118 3102 2356 3163 auditor
2386 3122 2665 3175 camerae,
2713 3104 2817 3178 qui
2865 3103 3153 3180 singulari

533 3195 873 3266 sequuntur
903 3193 1202 3263 encomiis,
1237 3212 1354 3251 non
1386 3193 1606 3251 desunt
1625 3193 1815 3268 quiin
1871 3194 2172 3268 aequitate
2197 3194 2299 3267 jus
2324 3191 2545 3251 dixisse
2565 3192 2840 3250 traditur.
2873 3191 3156 3251 Interfuit

529 3281 605 3339 iis
637 3280 808 3356 plura
839 3285 1099 3358 carpant.
1152 3282 1241 3340 Ita
1288 3301 1373 3341 ex.
1420 3302 1504 3359 gr.
1538 3282 1813 3341 Panciro-
1871 3282 2047 3340 etiam
2066 3281 2312 3340 concilio
2329 3282 2556 3358 pisano.
2579 3282 2820 3341 Potiora
2833 3282 2963 3357 ejus
2981 3300 3156 3357 opera

530 3366 688 3451 lus1)
722 3372 963 3428 scribit:
1031 3372 1374 3440 ,Praeclara
1420 3389 1708 3447 responsa
1756 3377 1817 3430 et
1871 3374 2043 3429 sunt:
2108 3371 2541 3430 commentaria
2601 3371 2842 3446 propria
2901 3370 3151 3447 diligen-

532 3460 595 3518 in
620 3462 723 3535 jus
755 3460 1123 3535 pontificium
1156 3462 1577 3519 commentaria
1607 3460 1813 3531 edidit,
1869 3461 2100 3519 tissime
2134 3461 2421 3536 castigata
2459 3462 2523 3518 in
2555 3460 2860 3519 Decretum
2903 3460 2991 3518 ed.
3025 3479 3059 3517 a
3091 3460 3152 3517 P.

532 3568 682 3623 quae
713 3549 906 3624 pluris
939 3551 1013 3608 ob
1045 3550 1159 3608 viri
1183 3551 1618 3619 auctoritatem,
1636 3569 1813 3624 quam
1871 3548 2472 3625 Albignac,Venetiis
2500 3559 2692 3619 15o4;
2716 3549 2965 3607 Lectura
2980 3567 3156 3623 super

530 3657 733 3697 eorum
765 3640 1179 3697 auctoritatem
1212 3640 1338 3697 fieri
1359 3643 1812 3709 consueverunt,
1872 3638 2108 3697 Sextum
2183 3638 2571 3714 decretalium,
2654 3638 2915 3696 Venetiis
2985 3647 3148 3701 1476

529 3728 580 3787 si
615 3726 853 3802 quidem
888 3727 1227 3803 saepissime
1272 3728 1413 3787 adeo
1446 3729 1717 3804 perplexe
1751 3746 1817 3786 ac
1871 3747 1925 3801 p.
1968 3739 1989 3789 1
2019 3749 2031 3793 ς
2067 3727 2333 3786 Venetiis
2382 3737 2569 3797 14773
2610 3735 2771 3791 1485
2810 3746 2863 3801 p.
2906 3738 2956 3788 l.
2989 3730 3050 3784 et
3086 3735 3153 3794 2;

528 3817 864 3875 inordinate
913 3818 1168 3894 scripsit,
1223 3825 1293 3876 ut
1341 3818 1435 3877 vix
1486 3819 1615 3894 ejus
1647 3837 1814 3877 meus
1871 3816 2076 3892 Spirae
2121 3835 2165 3878 s,
2201 3837 2250 3878 a.
2284 3836 2337 3891 p.
2376 3826 2564 3878 3-5.
2627 3816 3053 3874 Commentario.
3091 3818 3152 3873 in

530 3907 1375 3983 quandoquepercipipossit.‘
1415 3907 1816 3982 Haecpotiora
1870 3907 1929 3964 ll.
1963 3904 2337 3965 decretalium
2381 3913 2431 3963 et
2476 3912 2697 3964 sextum
2744 3904 3035 3981 prodiisse
3066 3904 3153 3962 di-

531 3995 798 4071 ejusdem
834 4015 1040 4071 opera:
1079 3997 1356 4070 Consilia,
1391 3997 1603 4055 Romae
1629 4006 1814 4065 14723
1870 3999 2092 4054 cuntur
2132 4005 2313 4059 1558.
2346 3995 2490 4070 EjUS
2511 3994 3153 4070 commentaria-ingen·

540 4093 703 4147 1474
723 4105 736 4154 ;
772 4082 1035 4143 Venetiis
1063 4095 1258 4155 1493;
1301 4094 1460 4149 1575
1481 4086 1545 4143 in
1564 4097 1598 4147 4
1620 4108 1632 4154 ;
1655 4103 1817 4143 nunc
1870 4086 1949 4143 tis
1963 4089 2107 4143 sunt
2126 4085 2300 4143 molis
2312 4084 2798 4159 etcopiosissima.
2819 4084 3156 4141 Summulae

531 4173 729 4232 denuo
762 4192 798 4231 a
827 4175 1033 4233 multis
1064 4172 1704 4251 erroribusrepurgata
1723 4179 1813 4231 at·
1870 4177 1932 4232 et
1963 4173 2285 4232 divisiones
2317 4173 2700 4233 decretalium
2725 4192 2829 4231 seu
2862 4171 3153 4249 synopsiS,

534 4281 650 4336 que
680 4264 1018 4338 pereximiis
1052 4265 1227 4339 Gasp.
1270 4263 1363 4321 Ca
1383 4264 1673 4322 bellini
1707 4263 1816 4321 Icti
1872 4263 2141 4321 Venetiis
2186 4272 2380 4332 15783
2417 4263 2669 4320 Consilia
2705 4263 2829 4320 sive
2860 4279 3151 4336 responsa,

533 4352 774 4411 scholiis
792 4353 1113 4419 illustrata,
1150 4353 1393 4415 1582in
1416 4354 1484 4421 f.;
1518 4371 1816 4412 commen·
1870 4353 1947 4413 ib.
2010 4362 2210 4421 1550;
2262 4352 2493 4426 aliquot
2545 4351 2927 4427 reperiuntur
2976 4351 3151 4408 etiam

528 4442 683 4501 taria
715 4438 992 4523 (prolixa)
1027 4445 1087 4501 in
1125 4446 1160 4499 5
1181 4444 1238 4500 ll.
1274 4444 1666 4515 decretalium,
1701 4443 1814 4499 Ro·
1871 4441 2030 4500 inter
2076 4459 2355 4517 responsa
2403 4441 2495 4504 J0.
2529 4443 2591 4498 et
2622 4441 2789 4515 Casp.
2843 4439 3152 4507 Calderini,

623 4569 636 4573 —
1872 4530 2186 4589 Mediolani
2227 4540 2421 4595 1491;
2471 4531 2630 4588 Petri
2683 4529 2757 4587 de
2808 4529 3153 4588 Ancharano

609 4618 645 4685 ¹)
673 4613 753 4669 De
780 4613 947 4668 claris
976 4613 1169 4683 legum
1196 4613 1488 4682 interpret.
1523 4613 1627 4669 l.'3
1661 4629 1706 4667 C.
1730 4617 1814 4669 27.
1872 4625 1979 4679 etc,
2016 4653 2103 4663 —-
2149 4619 2523 4697 Aegidius
2572 4619 3012 4677 Bellamera
3056 4618 3154 4674 de-

531 4684 1816 4821 ἓξὲέἤιῗέἒξίἒὲξιξὶῗωῖἰῖἓθξξῖἓὲδἓξὲξ
1871 4714 2164 4768 cretorum
2198 4709 2417 4779 doctor,
2452 4730 2486 4767 a
2516 4708 2796 4785 Gregorio
2828 4707 2923 4770 XI.
2955 4707 3153 4765 dictus

530 4828 898 4884 Mazzucheffi
919 4828 984 4882 Π,
1005 4845 1060 4897 p,
1075 4833 1257 4897 41m3.⁸
1285 4832 1453 4886 2269:
1484 4827 1818 4882 Thabowhi
1871 4799 2110 4858 auditor
2124 4798 2426 4858 literarum
2445 4798 2968 4897 contradictarum,
2998 4797 3151 4897 epis-

530 4901 566 4954 l.
595 4918 639 4954 e.
668 4918 723 4955 n.
751 4905 835 4957 17.
1871 4907 2051 4964 copus
2102 4888 2433 4948 vauriensis
2467 4880 2769 4968 (Lavaur),
2822 4886 3153 4953 aniciensis,
