<?xml version="1.0" encoding="UTF-8"?>
<!DOCTYPE html PUBLIC "-//W3C//DTD XHTML 1.0 Transitional//EN"
    "http://www.w3.org/TR/xhtml1/DTD/xhtml1-transitional.dtd">
<html xmlns="http://www.w3.org/1999/xhtml" xml:lang="en" lang="en">
 <head>
  <title>
</title>
<meta http-equiv="Content-Type" content="text/html;charset=utf-8" />
  <meta name='ocr-system' content='tesseract 3.04.00' />
  <meta name='ocr-capabilities' content='ocr_page ocr_carea ocr_par ocr_line ocrx_word'/>
</head>
<body>
  <div class='ocr_page' id='page_1' title='image "./nomenclatorlite10hurtgoog_0066.png"; bbox 0 0 3475 5364; ppageno 0'>
   <div class='ocr_carea' id='block_1_1' title="bbox 565 403 683 457">
    <p class='ocr_par' dir='ltr' id='par_1_1' title="bbox 565 403 683 457">
     <span class='ocr_line' id='line_1_1' title="bbox 565 403 683 457; baseline -0.025 0"><span class='ocrx_word' id='word_1_1' title='bbox 565 403 683 457; x_wconf 87' lang='lat'><strong>107</strong></span> 
     </span>
    </p>
   </div>
   <div class='ocr_carea' id='block_1_2' title="bbox 978 380 2745 453">
    <p class='ocr_par' dir='ltr' id='par_1_2' title="bbox 978 380 2745 453">
     <span class='ocr_line' id='line_1_2' title="bbox 978 380 2745 453; baseline -0.002 -14"><span class='ocrx_word' id='word_1_2' title='bbox 978 387 1350 439; x_wconf 78' lang='lat'><strong>1142—1170.</strong></span> <span class='ocrx_word' id='word_1_3' title='bbox 1380 381 1697 452; x_wconf 85' lang='lat' dir='ltr'><strong>Theologia,</strong></span> <span class='ocrx_word' id='word_1_4' title='bbox 1724 381 1932 453; x_wconf 88' lang='lat' dir='ltr'><strong>polem.</strong></span> <span class='ocrx_word' id='word_1_5' title='bbox 1959 382 2132 446; x_wconf 72' lang='lat' dir='ltr'><strong>Isaac,</strong></span> <span class='ocrx_word' id='word_1_6' title='bbox 2159 380 2462 436; x_wconf 82' lang='lat' dir='ltr'><strong>Anselinus</strong></span> <span class='ocrx_word' id='word_1_7' title='bbox 2492 380 2745 447; x_wconf 86' lang='lat' dir='ltr'><strong>Havelb.,</strong></span> 
     </span>
    </p>
   </div>
   <div class='ocr_carea' id='block_1_3' title="bbox 3065 398 3183 451">
    <p class='ocr_par' dir='ltr' id='par_1_3' title="bbox 3065 398 3183 451">
     <span class='ocr_line' id='line_1_3' title="bbox 3065 398 3183 451; baseline 0.008 -1"><span class='ocrx_word' id='word_1_8' title='bbox 3065 398 3183 451; x_wconf 72' lang='lat' dir='ltr'><strong>los</strong></span> 
     </span>
    </p>
   </div>
   <div class='ocr_carea' id='block_1_4' title="bbox 560 563 3188 821">
    <p class='ocr_par' dir='ltr' id='par_1_4' title="bbox 560 563 3188 821">
     <span class='ocr_line' id='line_1_4' title="bbox 652 563 3181 648; baseline -0.003 -16"><span class='ocrx_word' id='word_1_9' title='bbox 652 580 751 632; x_wconf 84' lang='lat'><strong>59.</strong></span> <span class='ocrx_word' id='word_1_10' title='bbox 788 569 1087 628; x_wconf 84' lang='lat' dir='ltr'><strong>Adversus</strong></span> <span class='ocrx_word' id='word_1_11' title='bbox 1121 569 1476 626; x_wconf 87' lang='lat' dir='ltr'><strong>Armenos</strong></span> <span class='ocrx_word' id='word_1_12' title='bbox 1510 568 1837 644; x_wconf 83' lang='lat' dir='ltr'><strong>monophy-</strong></span> <span class='ocrx_word' id='word_1_13' title='bbox 1897 567 2011 626; x_wconf 87' lang='lat' dir='ltr'><strong>mis</strong></span> <span class='ocrx_word' id='word_1_14' title='bbox 2029 563 2096 648; x_wconf 88' lang='lat'><strong>¹).</strong></span> <span class='ocrx_word' id='word_1_15' title='bbox 2157 567 2275 625; x_wconf 81' lang='lat' dir='ltr'><strong>Eos</strong></span> <span class='ocrx_word' id='word_1_16' title='bbox 2337 566 2596 642; x_wconf 88' lang='lat' dir='ltr'><strong>primum</strong></span> <span class='ocrx_word' id='word_1_17' title='bbox 2647 565 2836 624; x_wconf 78' lang='lat' dir='ltr'><strong>edidit</strong></span> <span class='ocrx_word' id='word_1_18' title='bbox 2890 566 3181 643; x_wconf 74' lang='lat' dir='ltr'><strong>d‘Achery</strong></span> 
     </span>
     <span class='ocr_line' id='line_1_5' title="bbox 560 655 3180 733; baseline -0.001 -17"><span class='ocrx_word' id='word_1_19' title='bbox 560 658 777 716; x_wconf 87' lang='lat' dir='ltr'><strong>sitismi</strong></span> <span class='ocrx_word' id='word_1_20' title='bbox 796 658 1095 717; x_wconf 89' lang='lat' dir='ltr'><strong>erroribus</strong></span> <span class='ocrx_word' id='word_1_21' title='bbox 1110 656 1359 716; x_wconf 75' lang='lat' dir='ltr'><strong>infectos</strong></span> <span class='ocrx_word' id='word_1_22' title='bbox 1375 656 1522 716; x_wconf 86' lang='lat' dir='ltr'><strong>duas</strong></span> <span class='ocrx_word' id='word_1_23' title='bbox 1538 657 1838 716; x_wconf 83' lang='lat' dir='ltr'><strong>orationes</strong></span> <span class='ocrx_word' id='word_1_24' title='bbox 1894 656 2195 733; x_wconf 89' lang='lat' dir='ltr'><strong>Spicilegii</strong></span> <span class='ocrx_word' id='word_1_25' title='bbox 2226 656 2314 718; x_wconf 90' lang='lat' dir='ltr'><strong>ed.</strong></span> <span class='ocrx_word' id='word_1_26' title='bbox 2346 674 2532 714; x_wconf 89' lang='lat' dir='ltr'><strong>novae</strong></span> <span class='ocrx_word' id='word_1_27' title='bbox 2562 659 2605 718; x_wconf 91' lang='lat' dir='ltr'><strong>t.</strong></span> <span class='ocrx_word' id='word_1_28' title='bbox 2649 667 2697 717; x_wconf 91' lang='lat'><strong>1.</strong></span> <span class='ocrx_word' id='word_1_29' title='bbox 2730 655 2987 731; x_wconf 79' lang='lat' dir='ltr'>Scripsit</span> <span class='ocrx_word' id='word_1_30' title='bbox 3006 656 3180 714; x_wconf 86' lang='lat' dir='ltr'><strong>etiam</strong></span> 
     </span>
     <span class='ocr_line' id='line_1_6' title="bbox 560 741 3188 821; baseline -0.001 -16"><span class='ocrx_word' id='word_1_31' title='bbox 560 747 888 806; x_wconf 73' lang='lat' dir='ltr'><strong>invectivas</strong></span> <span class='ocrx_word' id='word_1_32' title='bbox 921 746 1161 821; x_wconf 82' lang='lat' dir='ltr'><strong>scripsit</strong></span> <span class='ocrx_word' id='word_1_33' title='bbox 1205 746 1438 819; x_wconf 87' lang='lat' dir='ltr'><strong>Isaac,</strong></span> <span class='ocrx_word' id='word_1_34' title='bbox 1482 747 1585 821; x_wconf 92' lang='lat' dir='ltr'><strong>qui</strong></span> <span class='ocrx_word' id='word_1_35' title='bbox 1616 745 1839 805; x_wconf 90' lang='lat' dir='ltr'><strong>dicitur</strong></span> <span class='ocrx_word' id='word_1_36' title='bbox 1893 747 1931 804; x_wconf 90' lang='lat' dir='ltr'><strong>l.</strong></span> <span class='ocrx_word' id='word_1_37' title='bbox 1991 746 2058 803; x_wconf 75' lang='lat' dir='ltr'><strong>de</strong></span> <span class='ocrx_word' id='word_1_38' title='bbox 2108 746 2311 803; x_wconf 77' lang='lat' dir='ltr'><strong>ordine</strong></span> <span class='ocrx_word' id='word_1_39' title='bbox 2356 747 2766 803; x_wconf 77' lang='lat' dir='ltr'><strong>canonicorum</strong></span> <span class='ocrx_word' id='word_1_40' title='bbox 2818 741 3188 820; x_wconf 71' lang='lat' dir='ltr'><strong>reyularium</strong></span> 
     </span>
    </p>
   </div>
   <div class='ocr_carea' id='block_1_5' title="bbox 553 835 1841 4296">
    <p class='ocr_par' dir='ltr' id='par_1_5' title="bbox 553 835 1841 4296">
     <span class='ocr_line' id='line_1_7' title="bbox 558 835 1837 912; baseline 0 -18"><span class='ocrx_word' id='word_1_41' title='bbox 558 836 743 896; x_wconf 85' lang='lat' dir='ltr'><strong>fuisse</strong></span> <span class='ocrx_word' id='word_1_42' title='bbox 776 854 1022 912; x_wconf 86' lang='lat' dir='ltr'><strong>magnae</strong></span> <span class='ocrx_word' id='word_1_43' title='bbox 1042 835 1353 893; x_wconf 81' lang='lat' dir='ltr'><strong>Armeniae</strong></span> <span class='ocrx_word' id='word_1_44' title='bbox 1371 835 1707 894; x_wconf 74' lang='lat' dir='ltr'><strong>Catholicae</strong></span> <span class='ocrx_word' id='word_1_45' title='bbox 1730 854 1837 894; x_wconf 89' lang='lat' dir='ltr'><strong>seu</strong></span> 
     </span>
     <span class='ocr_line' id='line_1_8' title="bbox 560 923 1835 1000; baseline -0.001 -16"><span class='ocrx_word' id='word_1_46' title='bbox 560 925 751 984; x_wconf 90' lang='lat' dir='ltr'><strong>veluti</strong></span> <span class='ocrx_word' id='word_1_47' title='bbox 783 924 1130 1000; x_wconf 87' lang='lat' dir='ltr'><strong>patriarcha,</strong></span> <span class='ocrx_word' id='word_1_48' title='bbox 1165 923 1268 982; x_wconf 87' lang='lat' dir='ltr'><strong>sed</strong></span> <span class='ocrx_word' id='word_1_49' title='bbox 1288 927 1359 982; x_wconf 88' lang='lat' dir='ltr'><strong>ut</strong></span> <span class='ocrx_word' id='word_1_50' title='bbox 1378 924 1616 982; x_wconf 89' lang='lat' dir='ltr'><strong>videtur</strong></span> <span class='ocrx_word' id='word_1_51' title='bbox 1632 925 1835 983; x_wconf 87' lang='lat' dir='ltr'><strong>imme-</strong></span> 
     </span>
     <span class='ocr_line' id='line_1_9' title="bbox 558 1012 1836 1073; baseline 0 -1"><span class='ocrx_word' id='word_1_52' title='bbox 558 1014 695 1073; x_wconf 90' lang='lat' dir='ltr'><strong>rito.</strong></span> <span class='ocrx_word' id='word_1_53' title='bbox 757 1015 922 1073; x_wconf 89' lang='lat' dir='ltr'><strong>Inter</strong></span> <span class='ocrx_word' id='word_1_54' title='bbox 952 1012 1277 1072; x_wconf 88' lang='lat' dir='ltr'><strong>haereticos</strong></span> <span class='ocrx_word' id='word_1_55' title='bbox 1322 1018 1502 1072; x_wconf 89' lang='lat' dir='ltr'><strong>natus</strong></span> <span class='ocrx_word' id='word_1_56' title='bbox 1533 1016 1596 1072; x_wconf 89' lang='lat' dir='ltr'><strong>et</strong></span> <span class='ocrx_word' id='word_1_57' title='bbox 1626 1014 1836 1072; x_wconf 89' lang='lat' dir='ltr'><strong>educa-</strong></span> 
     </span>
     <span class='ocr_line' id='line_1_10' title="bbox 558 1101 1837 1179; baseline -0.001 -18"><span class='ocrx_word' id='word_1_58' title='bbox 558 1107 662 1161; x_wconf 86' lang='lat' dir='ltr'><strong>tus</strong></span> <span class='ocrx_word' id='word_1_59' title='bbox 694 1103 992 1179; x_wconf 78' lang='lat' dir='ltr'><strong>aspirante</strong></span> <span class='ocrx_word' id='word_1_60' title='bbox 1026 1102 1131 1160; x_wconf 90' lang='lat' dir='ltr'><strong>Dei</strong></span> <span class='ocrx_word' id='word_1_61' title='bbox 1162 1101 1354 1178; x_wconf 85' lang='lat' dir='ltr'><strong>gratia</strong></span> <span class='ocrx_word' id='word_1_62' title='bbox 1397 1101 1644 1177; x_wconf 88' lang='lat' dir='ltr'><strong>disjecta</strong></span> <span class='ocrx_word' id='word_1_63' title='bbox 1674 1121 1837 1161; x_wconf 89' lang='lat' dir='ltr'><strong>erro·</strong></span> 
     </span>
     <span class='ocr_line' id='line_1_11' title="bbox 559 1190 1840 1268; baseline -0.002 -17"><span class='ocrx_word' id='word_1_64' title='bbox 559 1193 643 1251; x_wconf 91' lang='lat' dir='ltr'><strong>ris</strong></span> <span class='ocrx_word' id='word_1_65' title='bbox 691 1191 945 1268; x_wconf 90' lang='lat' dir='ltr'><strong>caligine</strong></span> <span class='ocrx_word' id='word_1_66' title='bbox 995 1190 1188 1266; x_wconf 86' lang='lat' dir='ltr'><strong>coepit</strong></span> <span class='ocrx_word' id='word_1_67' title='bbox 1235 1190 1503 1249; x_wconf 90' lang='lat' dir='ltr'><strong>deserere</strong></span> <span class='ocrx_word' id='word_1_68' title='bbox 1548 1192 1731 1250; x_wconf 90' lang='lat' dir='ltr'><strong>simul</strong></span> <span class='ocrx_word' id='word_1_69' title='bbox 1779 1194 1840 1250; x_wconf 86' lang='lat' dir='ltr'><strong>et</strong></span> 
     </span>
     <span class='ocr_line' id='line_1_12' title="bbox 559 1280 1837 1340; baseline 0 -1"><span class='ocrx_word' id='word_1_70' title='bbox 559 1280 864 1340; x_wconf 87' lang='lat' dir='ltr'><strong>confutare</strong></span> <span class='ocrx_word' id='word_1_71' title='bbox 896 1281 1138 1339; x_wconf 88' lang='lat' dir='ltr'><strong>illorum</strong></span> <span class='ocrx_word' id='word_1_72' title='bbox 1170 1298 1427 1339; x_wconf 86' lang='lat' dir='ltr'><strong>errores:</strong></span> <span class='ocrx_word' id='word_1_73' title='bbox 1461 1280 1599 1339; x_wconf 89' lang='lat' dir='ltr'><strong>hinc</strong></span> <span class='ocrx_word' id='word_1_74' title='bbox 1632 1282 1837 1339; x_wconf 87' lang='lat' dir='ltr'><strong>Arme·</strong></span> 
     </span>
     <span class='ocr_line' id='line_1_13' title="bbox 558 1368 1836 1445; baseline -0.002 -17"><span class='ocrx_word' id='word_1_75' title='bbox 558 1371 690 1429; x_wconf 90' lang='lat' dir='ltr'><strong>nios</strong></span> <span class='ocrx_word' id='word_1_76' title='bbox 724 1388 864 1428; x_wconf 89' lang='lat' dir='ltr'><strong>suos</strong></span> <span class='ocrx_word' id='word_1_77' title='bbox 896 1387 1088 1445; x_wconf 88' lang='lat' dir='ltr'><strong>usque</strong></span> <span class='ocrx_word' id='word_1_78' title='bbox 1119 1368 1263 1427; x_wconf 90' lang='lat' dir='ltr'><strong>adeo</strong></span> <span class='ocrx_word' id='word_1_79' title='bbox 1281 1369 1543 1445; x_wconf 86' lang='lat' dir='ltr'><strong>graviter</strong></span> <span class='ocrx_word' id='word_1_80' title='bbox 1573 1369 1836 1439; x_wconf 85' lang='lat' dir='ltr'><strong>offendit,</strong></span> 
     </span>
     <span class='ocr_line' id='line_1_14' title="bbox 558 1456 1840 1519; baseline 0 -2"><span class='ocrx_word' id='word_1_81' title='bbox 558 1463 631 1517; x_wconf 88' lang='lat' dir='ltr'><strong>ut</strong></span> <span class='ocrx_word' id='word_1_82' title='bbox 659 1478 783 1519; x_wconf 91' lang='lat' dir='ltr'><strong>non</strong></span> <span class='ocrx_word' id='word_1_83' title='bbox 812 1459 985 1517; x_wconf 87' lang='lat' dir='ltr'><strong>modo</strong></span> <span class='ocrx_word' id='word_1_84' title='bbox 1004 1456 1354 1516; x_wconf 86' lang='lat' dir='ltr'><strong>muneribus</strong></span> <span class='ocrx_word' id='word_1_85' title='bbox 1373 1458 1840 1517; x_wconf 87' lang='lat' dir='ltr'><strong>sacerdotalibus</strong></span> 
     </span>
     <span class='ocr_line' id='line_1_15' title="bbox 558 1547 1839 1622; baseline -0.001 -16"><span class='ocrx_word' id='word_1_86' title='bbox 558 1547 1037 1618; x_wconf 74' lang='lat' dir='ltr'><strong>interdiceretur,</strong></span> <span class='ocrx_word' id='word_1_87' title='bbox 1080 1564 1288 1605; x_wconf 88' lang='lat' dir='ltr'><strong>verum</strong></span> <span class='ocrx_word' id='word_1_88' title='bbox 1319 1548 1621 1622; x_wconf 88' lang='lat' dir='ltr'><strong>proposita</strong></span> <span class='ocrx_word' id='word_1_89' title='bbox 1650 1547 1839 1606; x_wconf 83' lang='lat' dir='ltr'><strong>inter-</strong></span> 
     </span>
     <span class='ocr_line' id='line_1_16' title="bbox 560 1635 1841 1712; baseline 0 -18"><span class='ocrx_word' id='word_1_90' title='bbox 560 1637 886 1697; x_wconf 87' lang='lat' dir='ltr'><strong>fectoribus</strong></span> <span class='ocrx_word' id='word_1_91' title='bbox 919 1636 1186 1694; x_wconf 84' lang='lat' dir='ltr'><strong>mercede</strong></span> <span class='ocrx_word' id='word_1_92' title='bbox 1206 1635 1434 1710; x_wconf 87' lang='lat' dir='ltr'><strong>pluries</strong></span> <span class='ocrx_word' id='word_1_93' title='bbox 1454 1640 1841 1712; x_wconf 76' lang='lat' dir='ltr'><strong>quaereretur</strong></span> 
     </span>
     <span class='ocr_line' id='line_1_17' title="bbox 560 1724 1838 1802; baseline 0 -19"><span class='ocrx_word' id='word_1_94' title='bbox 560 1726 633 1783; x_wconf 90' lang='lat' dir='ltr'><strong>ad</strong></span> <span class='ocrx_word' id='word_1_95' title='bbox 695 1728 961 1788; x_wconf 86' lang='lat' dir='ltr'><strong>mortem.</strong></span> <span class='ocrx_word' id='word_1_96' title='bbox 1024 1724 1133 1781; x_wconf 87' lang='lat' dir='ltr'><strong>His</strong></span> <span class='ocrx_word' id='word_1_97' title='bbox 1194 1724 1455 1802; x_wconf 87' lang='lat' dir='ltr'><strong>agitatus</strong></span> <span class='ocrx_word' id='word_1_98' title='bbox 1518 1725 1715 1784; x_wconf 90' lang='lat' dir='ltr'><strong>turbis</strong></span> <span class='ocrx_word' id='word_1_99' title='bbox 1766 1725 1838 1783; x_wconf 90' lang='lat' dir='ltr'><strong>ad</strong></span> 
     </span>
     <span class='ocr_line' id='line_1_18' title="bbox 563 1813 1835 1891; baseline -0.001 -18"><span class='ocrx_word' id='word_1_100' title='bbox 563 1815 1032 1883; x_wconf 85' lang='lat' dir='ltr'><strong>,sanctissimam</strong></span> <span class='ocrx_word' id='word_1_101' title='bbox 1080 1813 1499 1888; x_wconf 68' lang='lat' dir='ltr'><strong>metropolim&lt;</strong></span> <span class='ocrx_word' id='word_1_102' title='bbox 1547 1815 1835 1891; x_wconf 81' lang='lat' dir='ltr'><strong>confugit,</strong></span> 
     </span>
     <span class='ocr_line' id='line_1_19' title="bbox 560 1902 1837 1979; baseline -0.001 -17"><span class='ocrx_word' id='word_1_103' title='bbox 560 1922 680 1979; x_wconf 92' lang='lat' dir='ltr'><strong>quo</strong></span> <span class='ocrx_word' id='word_1_104' title='bbox 713 1904 951 1962; x_wconf 90' lang='lat' dir='ltr'><strong>nomine</strong></span> <span class='ocrx_word' id='word_1_105' title='bbox 966 1902 1205 1960; x_wconf 87' lang='lat' dir='ltr'><strong>videtur</strong></span> <span class='ocrx_word' id='word_1_106' title='bbox 1225 1902 1618 1978; x_wconf 87' lang='lat' dir='ltr'><strong>intelligenda</strong></span> <span class='ocrx_word' id='word_1_107' title='bbox 1636 1904 1837 1974; x_wconf 85' lang='lat' dir='ltr'><strong>Roma,</strong></span> 
     </span>
     <span class='ocr_line' id='line_1_20' title="bbox 556 1990 1839 2069; baseline 0.001 -19"><span class='ocrx_word' id='word_1_108' title='bbox 556 1994 729 2069; x_wconf 85' lang='lat' dir='ltr'><strong>juxta</strong></span> <span class='ocrx_word' id='word_1_109' title='bbox 762 1992 909 2051; x_wconf 87' lang='lat' dir='ltr'><strong>alios</strong></span> <span class='ocrx_word' id='word_1_110' title='bbox 943 1990 1507 2066; x_wconf 83' lang='lat' dir='ltr'><strong>Constantinopolis.</strong></span> <span class='ocrx_word' id='word_1_111' title='bbox 1540 1993 1685 2067; x_wconf 85' lang='lat' dir='ltr'><strong>Ejus</strong></span> <span class='ocrx_word' id='word_1_112' title='bbox 1700 2009 1839 2051; x_wconf 80' lang='lat' dir='ltr'><strong>ora-</strong></span> 
     </span>
     <span class='ocr_line' id='line_1_21' title="bbox 557 2080 1838 2157; baseline 0.001 -18"><span class='ocrx_word' id='word_1_113' title='bbox 557 2084 735 2140; x_wconf 78' lang='lat' dir='ltr'><strong>tiones</strong></span> <span class='ocrx_word' id='word_1_114' title='bbox 750 2081 1033 2140; x_wconf 89' lang='lat' dir='ltr'><strong>adversus</strong></span> <span class='ocrx_word' id='word_1_115' title='bbox 1056 2083 1340 2139; x_wconf 85' lang='lat' dir='ltr'><strong>Armenos</strong></span> <span class='ocrx_word' id='word_1_116' title='bbox 1364 2080 1520 2139; x_wconf 91' lang='lat' dir='ltr'><strong>idem</strong></span> <span class='ocrx_word' id='word_1_117' title='bbox 1541 2082 1838 2157; x_wconf 89' lang='lat' dir='ltr'><strong>sapientes</strong></span> 
     </span>
     <span class='ocr_line' id='line_1_22' title="bbox 558 2170 1836 2246; baseline 0 -17"><span class='ocrx_word' id='word_1_118' title='bbox 558 2174 738 2246; x_wconf 89' lang='lat' dir='ltr'><strong>atque</strong></span> <span class='ocrx_word' id='word_1_119' title='bbox 781 2170 1080 2246; x_wconf 81' lang='lat' dir='ltr'><strong>Eutyches</strong></span> <span class='ocrx_word' id='word_1_120' title='bbox 1126 2187 1191 2227; x_wconf 89' lang='lat' dir='ltr'><strong>ac</strong></span> <span class='ocrx_word' id='word_1_121' title='bbox 1252 2170 1582 2240; x_wconf 88' lang='lat' dir='ltr'><strong>Dioscorus,</strong></span> <span class='ocrx_word' id='word_1_122' title='bbox 1643 2170 1836 2230; x_wconf 83' lang='lat' dir='ltr'><strong>Timo-</strong></span> 
     </span>
     <span class='ocr_line' id='line_1_23' title="bbox 560 2260 1834 2330; baseline 0 -12"><span class='ocrx_word' id='word_1_123' title='bbox 560 2261 732 2318; x_wconf 89' lang='lat' dir='ltr'><strong>theus</strong></span> <span class='ocrx_word' id='word_1_124' title='bbox 794 2260 939 2319; x_wconf 87' lang='lat' dir='ltr'><strong>item</strong></span> <span class='ocrx_word' id='word_1_125' title='bbox 1003 2260 1279 2328; x_wconf 86' lang='lat' dir='ltr'><strong>Aelurus‚</strong></span> <span class='ocrx_word' id='word_1_126' title='bbox 1358 2260 1572 2317; x_wconf 90' lang='lat' dir='ltr'><strong>Petrus</strong></span> <span class='ocrx_word' id='word_1_127' title='bbox 1645 2260 1834 2330; x_wconf 87' lang='lat' dir='ltr'><strong>Fullo,</strong></span> 
     </span>
     <span class='ocr_line' id='line_1_24' title="bbox 559 2349 1835 2424; baseline 0 -17"><span class='ocrx_word' id='word_1_128' title='bbox 559 2349 844 2408; x_wconf 81' lang='lat' dir='ltr'><strong>Julianus</strong></span> <span class='ocrx_word' id='word_1_129' title='bbox 880 2349 1351 2422; x_wconf 84' lang='lat' dir='ltr'><strong>Alicarnasseus,</strong></span> <span class='ocrx_word' id='word_1_130' title='bbox 1385 2350 1446 2405; x_wconf 89' lang='lat' dir='ltr'><strong>et</strong></span> <span class='ocrx_word' id='word_1_131' title='bbox 1472 2349 1835 2424; x_wconf 87' lang='lat' dir='ltr'><strong>Aphtharto-</strong></span> 
     </span>
     <span class='ocr_line' id='line_1_25' title="bbox 560 2435 1839 2513; baseline -0.002 -16"><span class='ocrx_word' id='word_1_132' title='bbox 560 2438 799 2497; x_wconf 86' lang='lat' dir='ltr'><strong>docatee</strong></span> <span class='ocrx_word' id='word_1_133' title='bbox 831 2438 1093 2513; x_wconf 89' lang='lat' dir='ltr'><strong>primum</strong></span> <span class='ocrx_word' id='word_1_134' title='bbox 1133 2435 1325 2495; x_wconf 86' lang='lat' dir='ltr'><strong>edidit</strong></span> <span class='ocrx_word' id='word_1_135' title='bbox 1356 2436 1742 2497; x_wconf 84' lang='lat' dir='ltr'><strong>Combefisius</strong></span> <span class='ocrx_word' id='word_1_136' title='bbox 1775 2438 1839 2496; x_wconf 91' lang='lat' dir='ltr'><strong>in</strong></span> 
     </span>
     <span class='ocr_line' id='line_1_26' title="bbox 560 2524 1839 2594; baseline 0 -9"><span class='ocrx_word' id='word_1_137' title='bbox 560 2545 667 2585; x_wconf 90' lang='lat' dir='ltr'><strong>suo</strong></span> <span class='ocrx_word' id='word_1_138' title='bbox 700 2527 982 2585; x_wconf 87' lang='lat' dir='ltr'><strong>Auctario</strong></span> <span class='ocrx_word' id='word_1_139' title='bbox 1013 2529 1056 2583; x_wconf 90' lang='lat' dir='ltr'><strong>t.</strong></span> <span class='ocrx_word' id='word_1_140' title='bbox 1079 2527 1166 2594; x_wconf 91' lang='lat' dir='ltr'><strong>II;</strong></span> <span class='ocrx_word' id='word_1_141' title='bbox 1201 2525 1339 2584; x_wconf 91' lang='lat' dir='ltr'><strong>dein</strong></span> <span class='ocrx_word' id='word_1_142' title='bbox 1360 2524 1627 2584; x_wconf 85' lang='lat' dir='ltr'><strong>Gallandi</strong></span> <span class='ocrx_word' id='word_1_143' title='bbox 1648 2527 1711 2585; x_wconf 90' lang='lat' dir='ltr'><strong>in</strong></span> <span class='ocrx_word' id='word_1_144' title='bbox 1730 2544 1839 2585; x_wconf 89' lang='lat' dir='ltr'><strong>sua</strong></span> 
     </span>
     <span class='ocr_line' id='line_1_27' title="bbox 558 2615 1836 2685; baseline 0.001 -12"><span class='ocrx_word' id='word_1_145' title='bbox 558 2617 668 2674; x_wconf 86' lang='grc' dir='ltr'><strong>ΡΡ.</strong></span> <span class='ocrx_word' id='word_1_146' title='bbox 701 2619 817 2677; x_wconf 89' lang='lat' dir='ltr'><strong>vet.</strong></span> <span class='ocrx_word' id='word_1_147' title='bbox 852 2615 997 2677; x_wconf 89' lang='lat' dir='ltr'><strong>bibl.</strong></span> <span class='ocrx_word' id='word_1_148' title='bbox 1016 2615 1166 2685; x_wconf 84' lang='lat' dir='ltr'><strong>XIV,</strong></span> <span class='ocrx_word' id='word_1_149' title='bbox 1202 2623 1277 2675; x_wconf 84' lang='lat'><strong>41</strong></span> <span class='ocrx_word' id='word_1_150' title='bbox 1304 2624 1512 2678; x_wconf 83' lang='lat'><strong>1·447.</strong></span> <span class='ocrx_word' id='word_1_151' title='bbox 1544 2616 1614 2672; x_wconf 92' lang='lat' dir='ltr'><strong>In</strong></span> <span class='ocrx_word' id='word_1_152' title='bbox 1634 2634 1836 2674; x_wconf 83' lang='lat' dir='ltr'><strong>earum</strong></span> 
     </span>
     <span class='ocr_line' id='line_1_28' title="bbox 568 2703 1838 2766; baseline -0.002 -1"><span class='ocrx_word' id='word_1_153' title='bbox 568 2717 619 2766; x_wconf 85' lang='grc'>1.</span> <span class='ocrx_word' id='word_1_154' title='bbox 652 2705 871 2763; x_wconf 83' lang='lat' dir='ltr'><strong>refellit</strong></span> <span class='ocrx_word' id='word_1_155' title='bbox 915 2705 1027 2762; x_wconf 89' lang='grc' dir='ltr'><strong>ΡΡ.</strong></span> <span class='ocrx_word' id='word_1_156' title='bbox 1076 2703 1431 2763; x_wconf 84' lang='lat' dir='ltr'><strong>testimoniis</strong></span> <span class='ocrx_word' id='word_1_157' title='bbox 1476 2722 1734 2763; x_wconf 88' lang='lat' dir='ltr'><strong>errorem</strong></span> <span class='ocrx_word' id='word_1_158' title='bbox 1767 2706 1838 2763; x_wconf 89' lang='lat' dir='ltr'><strong>de</strong></span> 
     </span>
     <span class='ocr_line' id='line_1_29' title="bbox 557 2793 1840 2863; baseline -0.001 -11"><span class='ocrx_word' id='word_1_159' title='bbox 557 2813 703 2853; x_wconf 91' lang='lat' dir='ltr'><strong>una·</strong></span> <span class='ocrx_word' id='word_1_160' title='bbox 728 2795 792 2851; x_wconf 89' lang='lat' dir='ltr'><strong>in</strong></span> <span class='ocrx_word' id='word_1_161' title='bbox 843 2793 1076 2852; x_wconf 81' lang='lat' dir='ltr'><strong>Christo</strong></span> <span class='ocrx_word' id='word_1_162' title='bbox 1126 2797 1369 2863; x_wconf 87' lang='lat' dir='ltr'><strong>natura;</strong></span> <span class='ocrx_word' id='word_1_163' title='bbox 1422 2793 1485 2851; x_wconf 95' lang='lat' dir='ltr'><strong>in</strong></span> <span class='ocrx_word' id='word_1_164' title='bbox 1536 2802 1589 2855; x_wconf 84' lang='lat'><strong>2.</strong></span> <span class='ocrx_word' id='word_1_165' title='bbox 1637 2798 1840 2852; x_wconf 89' lang='lat' dir='ltr'><strong>narrat</strong></span> 
     </span>
     <span class='ocr_line' id='line_1_30' title="bbox 560 2881 1838 2942; baseline 0 -1"><span class='ocrx_word' id='word_1_166' title='bbox 560 2902 726 2941; x_wconf 87' lang='lat' dir='ltr'><strong>suam</strong></span> <span class='ocrx_word' id='word_1_167' title='bbox 789 2883 862 2941; x_wconf 89' lang='lat' dir='ltr'><strong>ad</strong></span> <span class='ocrx_word' id='word_1_168' title='bbox 927 2901 1120 2940; x_wconf 90' lang='lat' dir='ltr'><strong>veram</strong></span> <span class='ocrx_word' id='word_1_169' title='bbox 1171 2881 1342 2941; x_wconf 89' lang='lat' dir='ltr'><strong>fidem</strong></span> <span class='ocrx_word' id='word_1_170' title='bbox 1395 2883 1838 2942; x_wconf 86' lang='lat' dir='ltr'><strong>conversionem</strong></span> 
     </span>
     <span class='ocr_line' id='line_1_31' title="bbox 559 2968 1837 3054; baseline -0.001 -23"><span class='ocrx_word' id='word_1_171' title='bbox 559 2974 739 3047; x_wconf 87' lang='lat' dir='ltr'><strong>atque</strong></span> <span class='ocrx_word' id='word_1_172' title='bbox 773 2971 1072 3030; x_wconf 83' lang='lat' dir='ltr'><strong>Armeniis</strong></span> <span class='ocrx_word' id='word_1_173' title='bbox 1093 2980 1172 3034; x_wconf 83' lang='lat'><strong>29</strong></span> <span class='ocrx_word' id='word_1_174' title='bbox 1192 2972 1506 3047; x_wconf 83' lang='lat' dir='ltr'><strong>exprobrat</strong></span> <span class='ocrx_word' id='word_1_175' title='bbox 1525 2990 1755 3031; x_wconf 83' lang='lat' dir='ltr'><strong>errores</strong></span> <span class='ocrx_word' id='word_1_176' title='bbox 1771 2968 1837 3054; x_wconf 83' lang='lat'><strong>¹).</strong></span> 
     </span>
     <span class='ocr_line' id='line_1_32' title="bbox 560 3060 1839 3140; baseline 0 -21"><span class='ocrx_word' id='word_1_177' title='bbox 560 3061 891 3136; x_wconf 86' lang='lat' dir='ltr'><strong>Subjicitur</strong></span> <span class='ocrx_word' id='word_1_178' title='bbox 922 3060 1118 3119; x_wconf 90' lang='lat' dir='ltr'><strong>brevis</strong></span> <span class='ocrx_word' id='word_1_179' title='bbox 1159 3061 1470 3119; x_wconf 85' lang='lat' dir='ltr'><strong>Armeniae</strong></span> <span class='ocrx_word' id='word_1_180' title='bbox 1501 3080 1535 3119; x_wconf 85' lang='lat' dir='ltr'><strong>a</strong></span> <span class='ocrx_word' id='word_1_181' title='bbox 1566 3062 1839 3140; x_wconf 85' lang='lat' dir='ltr'><strong>Gregorii</strong></span> 
     </span>
     <span class='ocr_line' id='line_1_33' title="bbox 558 3149 1838 3225; baseline 0 -17"><span class='ocrx_word' id='word_1_182' title='bbox 558 3149 990 3208; x_wconf 86' lang='lat' dir='ltr'><strong>Illuminatoris</strong></span> <span class='ocrx_word' id='word_1_183' title='bbox 1022 3152 1286 3225; x_wconf 90' lang='lat' dir='ltr'><strong>tempore</strong></span> <span class='ocrx_word' id='word_1_184' title='bbox 1318 3149 1579 3208; x_wconf 88' lang='lat' dir='ltr'><strong>historia.</strong></span> <span class='ocrx_word' id='word_1_185' title='bbox 1642 3151 1838 3210; x_wconf 87' lang='lat' dir='ltr'><strong>Habes</strong></span> 
     </span>
     <span class='ocr_line' id='line_1_34' title="bbox 558 3238 1831 3315; baseline 0.004 -18"><span class='ocrx_word' id='word_1_186' title='bbox 558 3240 697 3298; x_wconf 88' lang='lat' dir='ltr'><strong>haec</strong></span> <span class='ocrx_word' id='word_1_187' title='bbox 740 3239 801 3297; x_wconf 90' lang='lat' dir='ltr'><strong>in</strong></span> <span class='ocrx_word' id='word_1_188' title='bbox 835 3239 1033 3315; x_wconf 84' lang='lat' dir='ltr'><strong>Migne</strong></span> <span class='ocrx_word' id='word_1_189' title='bbox 1064 3238 1126 3296; x_wconf 90' lang='lat' dir='ltr'><strong>P.</strong></span> <span class='ocrx_word' id='word_1_190' title='bbox 1159 3239 1222 3298; x_wconf 82' lang='lat' dir='ltr'><strong>G.</strong></span> <span class='ocrx_word' id='word_1_191' title='bbox 1257 3239 1529 3309; x_wconf 83' lang='lat' dir='ltr'>CXXXII,</span> <span class='ocrx_word' id='word_1_192' title='bbox 1587 3249 1746 3304; x_wconf 87' lang='lat'>1155</span> <span class='ocrx_word' id='word_1_193' title='bbox 1770 3273 1831 3284; x_wconf 90' lang='lat'><strong>-—</strong></span> 
     </span>
     <span class='ocr_line' id='line_1_35' title="bbox 566 3324 1838 3411; baseline -0.003 -19"><span class='ocrx_word' id='word_1_194' title='bbox 566 3337 728 3392; x_wconf 80' lang='lat'>1258</span> <span class='ocrx_word' id='word_1_195' title='bbox 766 3324 849 3408; x_wconf 89' lang='lat' dir='ltr'><strong>(fl.</strong></span> <span class='ocrx_word' id='word_1_196' title='bbox 882 3325 1584 3411; x_wconf 77' lang='lat' dir='ltr'><strong>c.1145).—Adversus</strong></span> <span class='ocrx_word' id='word_1_197' title='bbox 1618 3328 1838 3388; x_wconf 72' lang='lat' dir='ltr'><strong>Grae-</strong></span> 
     </span>
     <span class='ocr_line' id='line_1_36' title="bbox 557 3417 1838 3493; baseline 0.001 -18"><span class='ocrx_word' id='word_1_198' title='bbox 557 3436 634 3476; x_wconf 92' lang='lat' dir='ltr'><strong>co</strong></span> <span class='ocrx_word' id='word_1_199' title='bbox 652 3436 679 3475; x_wconf 91' lang='lat' dir='ltr'><strong>s</strong></span> <span class='ocrx_word' id='word_1_200' title='bbox 711 3417 1045 3493; x_wconf 88' lang='lat' dir='ltr'><strong>disputavit</strong></span> <span class='ocrx_word' id='word_1_201' title='bbox 1072 3417 1310 3493; x_wconf 86' lang='lat' dir='ltr'><strong>passim,</strong></span> <span class='ocrx_word' id='word_1_202' title='bbox 1344 3417 1487 3476; x_wconf 87' lang='lat' dir='ltr'><strong>dum</strong></span> <span class='ocrx_word' id='word_1_203' title='bbox 1503 3417 1838 3476; x_wconf 88' lang='lat' dir='ltr'><strong>Constanti-</strong></span> 
     </span>
     <span class='ocr_line' id='line_1_37' title="bbox 555 3505 1836 3584; baseline -0.002 -19"><span class='ocrx_word' id='word_1_204' title='bbox 555 3505 1457 3584; x_wconf 88' lang='lat' dir='ltr'><strong>nopolidegeret,Anselmus</strong></span> <span class='ocrx_word' id='word_1_205' title='bbox 1478 3506 1771 3568; x_wconf 80' lang='lat' dir='ltr'><strong>O.Praem.</strong></span> <span class='ocrx_word' id='word_1_206' title='bbox 1793 3526 1836 3566; x_wconf 91' lang='lat' dir='ltr'><strong>s.</strong></span> 
     </span>
     <span class='ocr_line' id='line_1_38' title="bbox 556 3595 1838 3672; baseline 0.001 -18"><span class='ocrx_word' id='word_1_207' title='bbox 556 3597 835 3656; x_wconf 84' lang='lat' dir='ltr'><strong>Norberti</strong></span> <span class='ocrx_word' id='word_1_208' title='bbox 922 3595 1259 3669; x_wconf 82' lang='lat' dir='ltr'><strong>discipulus</strong></span> <span class='ocrx_word' id='word_1_209' title='bbox 1348 3595 1838 3672; x_wconf 82' lang='lat' dir='ltr'><strong>havelburgensis</strong></span> 
     </span>
     <span class='ocr_line' id='line_1_39' title="bbox 555 3683 1836 3762; baseline -0.002 -18"><span class='ocrx_word' id='word_1_210' title='bbox 555 3687 862 3762; x_wconf 88' lang='lat' dir='ltr'><strong>episcopus</strong></span> <span class='ocrx_word' id='word_1_211' title='bbox 895 3686 959 3743; x_wconf 90' lang='lat' dir='ltr'><strong>in</strong></span> <span class='ocrx_word' id='word_1_212' title='bbox 993 3684 1398 3743; x_wconf 81' lang='lat' dir='ltr'><strong>marchicnatu</strong></span> <span class='ocrx_word' id='word_1_213' title='bbox 1428 3683 1836 3743; x_wconf 88' lang='lat' dir='ltr'><strong>brandenbur-</strong></span> 
     </span>
     <span class='ocr_line' id='line_1_40' title="bbox 555 3772 1835 3854; baseline -0.001 -20"><span class='ocrx_word' id='word_1_214' title='bbox 555 3776 724 3852; x_wconf 87' lang='lat' dir='ltr'><strong>gensi</strong></span> <span class='ocrx_word' id='word_1_215' title='bbox 757 3773 1004 3854; x_wconf 84' lang='lat'><strong>(1126),</strong></span> <span class='ocrx_word' id='word_1_216' title='bbox 1036 3772 1304 3831; x_wconf 88' lang='lat' dir='ltr'><strong>Lotharii</strong></span> <span class='ocrx_word' id='word_1_217' title='bbox 1337 3773 1409 3830; x_wconf 90' lang='lat'><strong>11.</strong></span> <span class='ocrx_word' id='word_1_218' title='bbox 1442 3774 1835 3848; x_wconf 80' lang='lat' dir='ltr'><strong>apocrisarius</strong></span> 
     </span>
     <span class='ocr_line' id='line_1_41' title="bbox 555 3860 1836 3940; baseline -0.002 -17"><span class='ocrx_word' id='word_1_219' title='bbox 555 3871 614 3923; x_wconf 89' lang='lat' dir='ltr'><strong>et</strong></span> <span class='ocrx_word' id='word_1_220' title='bbox 633 3866 868 3940; x_wconf 87' lang='lat' dir='ltr'><strong>legatus</strong></span> <span class='ocrx_word' id='word_1_221' title='bbox 889 3863 1035 3921; x_wconf 90' lang='lat' dir='ltr'><strong>illuc</strong></span> <span class='ocrx_word' id='word_1_222' title='bbox 1052 3862 1286 3921; x_wconf 83' lang='lat' dir='ltr'><strong>missus,</strong></span> <span class='ocrx_word' id='word_1_223' title='bbox 1305 3860 1561 3920; x_wconf 85' lang='lat' dir='ltr'><strong>Hortatu</strong></span> <span class='ocrx_word' id='word_1_224' title='bbox 1579 3863 1836 3939; x_wconf 88' lang='lat' dir='ltr'><strong>Eugenii</strong></span> 
     </span>
     <span class='ocr_line' id='line_1_42' title="bbox 553 3950 1835 4024; baseline -0.001 -13"><span class='ocrx_word' id='word_1_225' title='bbox 553 3953 657 4011; x_wconf 90' lang='lat'><strong>111.</strong></span> <span class='ocrx_word' id='word_1_226' title='bbox 720 3952 957 4010; x_wconf 88' lang='lat' dir='ltr'><strong>illarum</strong></span> <span class='ocrx_word' id='word_1_227' title='bbox 1021 3950 1490 4024; x_wconf 85' lang='lat' dir='ltr'><strong>disputationum</strong></span> <span class='ocrx_word' id='word_1_228' title='bbox 1542 3970 1835 4010; x_wconf 87' lang='lat' dir='ltr'><strong>summam</strong></span> 
     </span>
     <span class='ocr_line' id='line_1_43' title="bbox 554 4036 1833 4116; baseline -0.001 -15"><span class='ocrx_word' id='word_1_229' title='bbox 554 4041 894 4116; x_wconf 85' lang='lat' dir='ltr'><strong>complexus</strong></span> <span class='ocrx_word' id='word_1_230' title='bbox 929 4045 1020 4097; x_wconf 89' lang='lat' dir='ltr'><strong>est</strong></span> <span class='ocrx_word' id='word_1_231' title='bbox 1050 4040 1418 4114; x_wconf 75' lang='lat' dir='ltr'><strong>dialoqorum</strong></span> <span class='ocrx_word' id='word_1_232' title='bbox 1451 4040 1506 4097; x_wconf 84' lang='lat' dir='ltr'><strong>ll.</strong></span> <span class='ocrx_word' id='word_1_233' title='bbox 1541 4036 1601 4115; x_wconf 85' lang='lat'><strong>3,</strong></span> <span class='ocrx_word' id='word_1_234' title='bbox 1651 4042 1833 4100; x_wconf 89' lang='lat' dir='ltr'><strong>eccle-</strong></span> 
     </span>
     <span class='ocr_line' id='line_1_44' title="bbox 555 4127 1833 4204; baseline -0.001 -15"><span class='ocrx_word' id='word_1_235' title='bbox 555 4130 793 4189; x_wconf 87' lang='lat' dir='ltr'><strong>siastica</strong></span> <span class='ocrx_word' id='word_1_236' title='bbox 837 4128 1173 4187; x_wconf 89' lang='lat' dir='ltr'><strong>eruditione</strong></span> <span class='ocrx_word' id='word_1_237' title='bbox 1219 4127 1431 4203; x_wconf 87' lang='lat' dir='ltr'><strong>plenis,</strong></span> <span class='ocrx_word' id='word_1_238' title='bbox 1485 4148 1742 4204; x_wconf 91' lang='lat' dir='ltr'><strong>quorum</strong></span> <span class='ocrx_word' id='word_1_239' title='bbox 1786 4144 1833 4193; x_wconf 87' lang='lat'><strong>1.</strong></span> 
     </span>
     <span class='ocr_line' id='line_1_45' title="bbox 553 4217 1832 4296; baseline -0.001 -18"><span class='ocrx_word' id='word_1_240' title='bbox 553 4220 677 4296; x_wconf 84' lang='lat' dir='ltr'><strong>agit</strong></span> <span class='ocrx_word' id='word_1_241' title='bbox 708 4220 779 4276; x_wconf 90' lang='lat' dir='ltr'><strong>de</strong></span> <span class='ocrx_word' id='word_1_242' title='bbox 811 4219 992 4277; x_wconf 88' lang='lat' dir='ltr'><strong>variis</strong></span> <span class='ocrx_word' id='word_1_243' title='bbox 1016 4217 1317 4294; x_wconf 87' lang='lat' dir='ltr'><strong>religionis</strong></span> <span class='ocrx_word' id='word_1_244' title='bbox 1338 4217 1695 4277; x_wconf 82' lang='lat' dir='ltr'><strong>christianae</strong></span> <span class='ocrx_word' id='word_1_245' title='bbox 1718 4218 1832 4277; x_wconf 90' lang='lat' dir='ltr'><strong>for-</strong></span> 
     </span>
    </p>
   </div>
   <div class='ocr_carea' id='block_1_6' title="bbox 708 4362 868 4367">
    <p class='ocr_par' dir='ltr' id='par_1_6' title="bbox 708 4362 868 4367">
     <span class='ocr_line' id='line_1_46' title="bbox 708 4362 868 4367; baseline 0 0"><span class='ocrx_word' id='word_1_246' title='bbox 708 4362 868 4367; x_wconf 95' lang='lat' dir='ltr'><strong> </strong></span> 
     </span>
    </p>
   </div>
   <div class='ocr_carea' id='block_1_7' title="bbox 550 4442 1831 4856">
    <p class='ocr_par' dir='ltr' id='par_1_7' title="bbox 550 4442 1831 4856">
     <span class='ocr_line' id='line_1_47' title="bbox 554 4442 1831 4510; baseline -0.001 -14"><span class='ocrx_word' id='word_1_247' title='bbox 554 4448 663 4496; x_wconf 76' lang='lat' dir='ltr'><strong>tres</strong></span> <span class='ocrx_word' id='word_1_248' title='bbox 691 4462 765 4496; x_wconf 80' lang='lat' dir='ltr'><strong>au</strong></span> <span class='ocrx_word' id='word_1_249' title='bbox 794 4446 1145 4510; x_wconf 62' lang='lat' dir='ltr'><strong>moyen-fige,</strong></span> <span class='ocrx_word' id='word_1_250' title='bbox 1174 4442 1437 4495; x_wconf 64' lang='lat' dir='ltr'><strong>chartres</strong></span> <span class='ocrx_word' id='word_1_251' title='bbox 1466 4447 1633 4501; x_wconf 71' lang='grc' dir='ltr'>1895ς</span> <span class='ocrx_word' id='word_1_252' title='bbox 1686 4444 1831 4496; x_wconf 84' lang='lat' dir='ltr'><strong>Hau-</strong></span> 
     </span>
     <span class='ocr_line' id='line_1_48' title="bbox 552 4513 1829 4582; baseline -0.002 -14"><span class='ocrx_word' id='word_1_253' title='bbox 552 4516 689 4568; x_wconf 80' lang='lat' dir='ltr'><strong>reau</strong></span> <span class='ocrx_word' id='word_1_254' title='bbox 708 4514 935 4568; x_wconf 77' lang='lat' dir='ltr'><strong>Notices</strong></span> <span class='ocrx_word' id='word_1_255' title='bbox 953 4519 1010 4566; x_wconf 86' lang='lat' dir='ltr'><strong>et</strong></span> <span class='ocrx_word' id='word_1_256' title='bbox 1026 4513 1271 4566; x_wconf 79' lang='lat' dir='ltr'><strong>Extraits</strong></span> <span class='ocrx_word' id='word_1_257' title='bbox 1289 4515 1357 4566; x_wconf 88' lang='lat' dir='ltr'><strong>de</strong></span> <span class='ocrx_word' id='word_1_258' title='bbox 1375 4514 1649 4582; x_wconf 85' lang='lat' dir='ltr'><strong>quelques</strong></span> <span class='ocrx_word' id='word_1_259' title='bbox 1668 4531 1829 4568; x_wconf 86' lang='lat' dir='ltr'><strong>mscr.</strong></span> 
     </span>
     <span class='ocr_line' id='line_1_49' title="bbox 550 4585 1830 4653; baseline -0.002 -13"><span class='ocrx_word' id='word_1_260' title='bbox 550 4585 722 4640; x_wconf 84' lang='lat' dir='ltr'><strong>latins</strong></span> <span class='ocrx_word' id='word_1_261' title='bbox 756 4587 791 4648; x_wconf 91' lang='lat' dir='ltr'><strong>I,</strong></span> <span class='ocrx_word' id='word_1_262' title='bbox 819 4591 923 4642; x_wconf 77' lang='lat'><strong>298</strong></span> <span class='ocrx_word' id='word_1_263' title='bbox 950 4604 1002 4638; x_wconf 86' lang='lat' dir='ltr'><strong>ss</strong></span> <span class='ocrx_word' id='word_1_264' title='bbox 1026 4628 1037 4648; x_wconf 91' lang='lat'><strong>,</strong></span> <span class='ocrx_word' id='word_1_265' title='bbox 1080 4585 1180 4653; x_wconf 80' lang='lat' dir='ltr'><strong>qui</strong></span> <span class='ocrx_word' id='word_1_266' title='bbox 1227 4590 1392 4638; x_wconf 75' lang='lat' dir='ltr'><strong>notat.</strong></span> <span class='ocrx_word' id='word_1_267' title='bbox 1438 4589 1656 4638; x_wconf 81' lang='lat' dir='ltr'><strong>textum</strong></span> <span class='ocrx_word' id='word_1_268' title='bbox 1684 4603 1830 4640; x_wconf 85' lang='lat' dir='ltr'><strong>com-</strong></span> 
     </span>
     <span class='ocr_line' id='line_1_50' title="bbox 550 4657 1828 4726; baseline -0.001 -15"><span class='ocrx_word' id='word_1_269' title='bbox 550 4659 800 4711; x_wconf 81' lang='lat' dir='ltr'><strong>muniter</strong></span> <span class='ocrx_word' id='word_1_270' title='bbox 830 4658 1127 4726; x_wconf 81' lang='lat' dir='ltr'><strong>vulgatum</strong></span> <span class='ocrx_word' id='word_1_271' title='bbox 1172 4675 1286 4710; x_wconf 89' lang='lat' dir='ltr'><strong>non</strong></span> <span class='ocrx_word' id='word_1_272' title='bbox 1330 4673 1445 4710; x_wconf 78' lang='lat' dir='ltr'><strong>esse</strong></span> <span class='ocrx_word' id='word_1_273' title='bbox 1474 4657 1828 4726; x_wconf 77' lang='lat' dir='ltr'><strong>originalem,</strong></span> 
     </span>
     <span class='ocr_line' id='line_1_51' title="bbox 550 4728 1827 4783; baseline 0 -1"><span class='ocrx_word' id='word_1_274' title='bbox 550 4730 645 4783; x_wconf 81' lang='lat' dir='ltr'><strong>sed</strong></span> <span class='ocrx_word' id='word_1_275' title='bbox 672 4729 1133 4783; x_wconf 78' lang='lat' dir='ltr'><strong>retractationem</strong></span> <span class='ocrx_word' id='word_1_276' title='bbox 1165 4728 1451 4782; x_wconf 82' lang='lat' dir='ltr'><strong>Hermolai</strong></span> <span class='ocrx_word' id='word_1_277' title='bbox 1498 4728 1540 4780; x_wconf 91' lang='lat' dir='ltr'>B</span> <span class='ocrx_word' id='word_1_278' title='bbox 1560 4745 1592 4780; x_wconf 83' lang='lat' dir='ltr'><strong>a</strong></span> <span class='ocrx_word' id='word_1_279' title='bbox 1608 4746 1635 4780; x_wconf 93' lang='lat' dir='ltr'><strong>r</strong></span> <span class='ocrx_word' id='word_1_280' title='bbox 1650 4729 1685 4782; x_wconf 88' lang='lat' dir='ltr'><strong>b</strong></span> <span class='ocrx_word' id='word_1_281' title='bbox 1702 4746 1733 4780; x_wconf 79' lang='lat' dir='ltr'><strong>a</strong></span> <span class='ocrx_word' id='word_1_282' title='bbox 1753 4747 1779 4781; x_wconf 90' lang='lat' dir='ltr'><strong>r</strong></span> <span class='ocrx_word' id='word_1_283' title='bbox 1797 4746 1827 4782; x_wconf 95' lang='lat' dir='ltr'><strong>o</strong></span> 
     </span>
     <span class='ocr_line' id='line_1_52' title="bbox 550 4800 1143 4856; baseline 0.005 -3"><span class='ocrx_word' id='word_1_284' title='bbox 550 4801 907 4855; x_wconf 82' lang='lat' dir='ltr'><strong>humauistae</strong></span> <span class='ocrx_word' id='word_1_285' title='bbox 939 4800 1143 4856; x_wconf 79' lang='lat' dir='ltr'><strong>veneti.</strong></span> 
     </span>
    </p>
   </div>
   <div class='ocr_carea' id='block_1_8' title="bbox 1894 828 3196 1893">
    <p class='ocr_par' dir='ltr' id='par_1_8' title="bbox 1894 828 3196 1893">
     <span class='ocr_line' id='line_1_53' title="bbox 1894 828 3186 915; baseline -0.002 -22"><span class='ocrx_word' id='word_1_286' title='bbox 1894 838 1957 893; x_wconf 89' lang='lat' dir='ltr'><strong>et</strong></span> <span class='ocrx_word' id='word_1_287' title='bbox 1985 854 2075 911; x_wconf 88' lang='lat' dir='ltr'><strong>ep.</strong></span> <span class='ocrx_word' id='word_1_288' title='bbox 2098 833 2523 911; x_wconf 86' lang='lat' dir='ltr'><strong>apologeticam</strong></span> <span class='ocrx_word' id='word_1_289' title='bbox 2543 853 2650 908; x_wconf 89' lang='lat' dir='ltr'><strong>pro</strong></span> <span class='ocrx_word' id='word_1_290' title='bbox 2672 835 2878 892; x_wconf 90' lang='lat' dir='ltr'><strong>eodem</strong></span> <span class='ocrx_word' id='word_1_291' title='bbox 2913 828 3186 915; x_wconf 82' lang='lat' dir='ltr'><strong>(Migne</strong></span> 
     </span>
     <span class='ocr_line' id='line_1_54' title="bbox 1908 918 3182 1004; baseline -0.005 -17"><span class='ocrx_word' id='word_1_292' title='bbox 1908 934 2043 993; x_wconf 78' lang='lat' dir='ltr'><strong>iss,</strong></span> <span class='ocrx_word' id='word_1_293' title='bbox 2089 918 2567 1004; x_wconf 83' lang='lat'>1091—1247).</span> <span class='ocrx_word' id='word_1_294' title='bbox 2631 922 2765 981; x_wconf 83' lang='lat' dir='ltr'><strong>Non</strong></span> <span class='ocrx_word' id='word_1_295' title='bbox 2813 923 2960 981; x_wconf 79' lang='lat' dir='ltr'><strong>satis</strong></span> <span class='ocrx_word' id='word_1_296' title='bbox 3011 924 3182 982; x_wconf 71' lang='lat' dir='ltr'><strong>stetit</strong></span> 
     </span>
     <span class='ocr_line' id='line_1_55' title="bbox 1895 1011 3184 1088; baseline -0.001 -17"><span class='ocrx_word' id='word_1_297' title='bbox 1895 1031 2000 1088; x_wconf 86' lang='lat' dir='ltr'><strong>pro</strong></span> <span class='ocrx_word' id='word_1_298' title='bbox 2025 1012 2270 1087; x_wconf 85' lang='lat' dir='ltr'><strong>juribus</strong></span> <span class='ocrx_word' id='word_1_299' title='bbox 2301 1011 2594 1071; x_wconf 88' lang='lat' dir='ltr'><strong>Ecclesiae</strong></span> <span class='ocrx_word' id='word_1_300' title='bbox 2614 1012 2900 1071; x_wconf 87' lang='lat' dir='ltr'><strong>adversus</strong></span> <span class='ocrx_word' id='word_1_301' title='bbox 2924 1011 3184 1071; x_wconf 87' lang='lat' dir='ltr'><strong>Frideri—</strong></span> 
     </span>
     <span class='ocr_line' id='line_1_56' title="bbox 1894 1100 3186 1177; baseline -0.001 -17"><span class='ocrx_word' id='word_1_302' title='bbox 1894 1120 2027 1160; x_wconf 90' lang='lat' dir='ltr'><strong>cum</strong></span> <span class='ocrx_word' id='word_1_303' title='bbox 2060 1101 2495 1172; x_wconf 86' lang='lat' dir='ltr'><strong>Barbarossam,</strong></span> <span class='ocrx_word' id='word_1_304' title='bbox 2546 1101 2681 1158; x_wconf 90' lang='lat' dir='ltr'><strong>binc</strong></span> <span class='ocrx_word' id='word_1_305' title='bbox 2713 1119 2847 1160; x_wconf 91' lang='lat' dir='ltr'><strong>cum</strong></span> <span class='ocrx_word' id='word_1_306' title='bbox 2879 1100 3020 1159; x_wconf 88' lang='lat' dir='ltr'><strong>aliis</strong></span> <span class='ocrx_word' id='word_1_307' title='bbox 3055 1101 3186 1177; x_wconf 78' lang='lat' dir='ltr'><strong>epi-</strong></span> 
     </span>
     <span class='ocr_line' id='line_1_57' title="bbox 1896 1189 3185 1266; baseline 0.002 -17"><span class='ocrx_word' id='word_1_308' title='bbox 1896 1191 2089 1266; x_wconf 85' lang='lat' dir='ltr'><strong>scopis</strong></span> <span class='ocrx_word' id='word_1_309' title='bbox 2121 1189 2515 1265; x_wconf 87' lang='lat' dir='ltr'><strong>reprehensus</strong></span> <span class='ocrx_word' id='word_1_310' title='bbox 2547 1189 2667 1247; x_wconf 87' lang='lat' dir='ltr'><strong>fuit</strong></span> <span class='ocrx_word' id='word_1_311' title='bbox 2687 1189 2760 1247; x_wconf 93' lang='lat' dir='ltr'><strong>ab</strong></span> <span class='ocrx_word' id='word_1_312' title='bbox 2782 1190 3056 1265; x_wconf 88' lang='lat' dir='ltr'><strong>Eugenio</strong></span> <span class='ocrx_word' id='word_1_313' title='bbox 3077 1190 3185 1251; x_wconf 87' lang='grc' dir='ltr'>ΙΙΙ.</span> 
     </span>
     <span class='ocr_line' id='line_1_58' title="bbox 1895 1278 3182 1354; baseline 0 -17"><span class='ocrx_word' id='word_1_314' title='bbox 1895 1280 2135 1337; x_wconf 87' lang='lat' dir='ltr'><strong>Electus</strong></span> <span class='ocrx_word' id='word_1_315' title='bbox 2182 1278 2302 1336; x_wconf 87' lang='lat' dir='ltr'><strong>fuit</strong></span> <span class='ocrx_word' id='word_1_316' title='bbox 2354 1289 2373 1339; x_wconf 95' lang='lat'>1</span> <span class='ocrx_word' id='word_1_317' title='bbox 2399 1289 2514 1341; x_wconf 88' lang='lat'><strong>155</strong></span> <span class='ocrx_word' id='word_1_318' title='bbox 2562 1278 3042 1354; x_wconf 85' lang='lat' dir='ltr'><strong>archiepiscopus</strong></span> <span class='ocrx_word' id='word_1_319' title='bbox 3088 1298 3182 1337; x_wconf 89' lang='lat' dir='ltr'><strong>ra-</strong></span> 
     </span>
     <span class='ocr_line' id='line_1_59' title="bbox 1895 1366 3191 1444; baseline 0.003 -18"><span class='ocrx_word' id='word_1_320' title='bbox 1895 1368 2279 1427; x_wconf 82' lang='lat' dir='ltr'><strong>vennatensis</strong></span> <span class='ocrx_word' id='word_1_321' title='bbox 2304 1366 2677 1442; x_wconf 89' lang='lat' dir='ltr'><strong>decessitque</strong></span> <span class='ocrx_word' id='word_1_322' title='bbox 2703 1376 2796 1429; x_wconf 81' lang='lat'><strong>12.</strong></span> <span class='ocrx_word' id='word_1_323' title='bbox 2816 1370 2969 1444; x_wconf 85' lang='lat' dir='ltr'><strong>Aug.</strong></span> <span class='ocrx_word' id='word_1_324' title='bbox 2995 1379 3017 1430; x_wconf 92' lang='lat'>1</span> <span class='ocrx_word' id='word_1_325' title='bbox 3042 1378 3191 1430; x_wconf 72' lang='lat'><strong>158.</strong></span> 
     </span>
     <span class='ocr_line' id='line_1_60' title="bbox 1896 1455 3186 1533; baseline 0.001 -18"><span class='ocrx_word' id='word_1_326' title='bbox 1896 1457 2045 1532; x_wconf 60' lang='lat' dir='ltr'><strong>Eius</strong></span> <span class='ocrx_word' id='word_1_327' title='bbox 2087 1458 2357 1532; x_wconf 69' lang='lat' dir='ltr'><strong>epistolae</strong></span> <span class='ocrx_word' id='word_1_328' title='bbox 2406 1456 2732 1533; x_wconf 86' lang='lat' dir='ltr'><strong>perierunt.</strong></span> <span class='ocrx_word' id='word_1_329' title='bbox 2813 1455 2941 1513; x_wconf 74' lang='lat' dir='ltr'><strong>Vita</strong></span> <span class='ocrx_word' id='word_1_330' title='bbox 2993 1458 3186 1516; x_wconf 72' lang='lat' dir='ltr'><strong>Adat-</strong></span> 
     </span>
     <span class='ocr_line' id='line_1_61' title="bbox 1895 1542 3188 1627; baseline 0.004 -23"><span class='ocrx_word' id='word_1_331' title='bbox 1895 1546 2038 1604; x_wconf 79' lang='lat' dir='ltr'><strong>berti</strong></span> <span class='ocrx_word' id='word_1_332' title='bbox 2068 1545 2153 1607; x_wconf 93' lang='lat' dir='ltr'><strong>II.</strong></span> <span class='ocrx_word' id='word_1_333' title='bbox 2200 1545 2450 1621; x_wconf 88' lang='lat' dir='ltr'><strong>archiep.</strong></span> <span class='ocrx_word' id='word_1_334' title='bbox 2497 1545 2833 1621; x_wconf 85' lang='lat' dir='ltr'><strong>moguntini</strong></span> <span class='ocrx_word' id='word_1_335' title='bbox 2884 1542 2942 1627; x_wconf 91' lang='lat' dir='ltr'><strong>(l</strong></span> <span class='ocrx_word' id='word_1_336' title='bbox 2969 1555 3188 1610; x_wconf 83' lang='lat'>138—</span> 
     </span>
     <span class='ocr_line' id='line_1_62' title="bbox 1902 1634 3189 1711; baseline -0.004 -13"><span class='ocrx_word' id='word_1_337' title='bbox 1902 1635 2095 1710; x_wconf 85' lang='lat'>1141)</span> <span class='ocrx_word' id='word_1_338' title='bbox 2158 1655 2192 1693; x_wconf 90' lang='lat' dir='ltr'><strong>a</strong></span> <span class='ocrx_word' id='word_1_339' title='bbox 2251 1634 2402 1692; x_wconf 79' lang='lat' dir='ltr'><strong>Jaffe</strong></span> <span class='ocrx_word' id='word_1_340' title='bbox 2465 1634 2607 1696; x_wconf 90' lang='lat' dir='ltr'><strong>bibl.</strong></span> <span class='ocrx_word' id='word_1_341' title='bbox 2669 1654 2781 1693; x_wconf 89' lang='lat' dir='ltr'><strong>rer.</strong></span> <span class='ocrx_word' id='word_1_342' title='bbox 2843 1653 3028 1711; x_wconf 85' lang='lat' dir='ltr'><strong>germ.</strong></span> <span class='ocrx_word' id='word_1_343' title='bbox 3074 1636 3189 1693; x_wconf 91' lang='lat'><strong>111.</strong></span> 
     </span>
     <span class='ocr_line' id='line_1_63' title="bbox 1902 1722 3196 1797; baseline -0.003 -11"><span class='ocrx_word' id='word_1_344' title='bbox 1902 1732 2250 1787; x_wconf 80' lang='lat'>568—603</span> <span class='ocrx_word' id='word_1_345' title='bbox 2285 1722 2446 1781; x_wconf 88' lang='lat' dir='ltr'><strong>edita</strong></span> <span class='ocrx_word' id='word_1_346' title='bbox 2476 1724 2650 1797; x_wconf 84' lang='lat' dir='ltr'><strong>eique</strong></span> <span class='ocrx_word' id='word_1_347' title='bbox 2671 1726 2898 1782; x_wconf 87' lang='lat' dir='ltr'><strong>asserta</strong></span> <span class='ocrx_word' id='word_1_348' title='bbox 2929 1724 3196 1783; x_wconf 77' lang='lat' dir='ltr'><strong>alterius</strong></span> 
     </span>
     <span class='ocr_line' id='line_1_64' title="bbox 1895 1807 2446 1893; baseline 0.005 -21"><span class='ocrx_word' id='word_1_349' title='bbox 1895 1817 1988 1872; x_wconf 87' lang='lat' dir='ltr'><strong>est</strong></span> <span class='ocrx_word' id='word_1_350' title='bbox 2017 1807 2446 1893; x_wconf 72' lang='lat' dir='ltr'><strong>Anselmi2).</strong></span> 
     </span>
    </p>
   </div>
   <div class='ocr_carea' id='block_1_9' title="bbox 1893 1988 3197 3224">
    <p class='ocr_par' dir='ltr' id='par_1_9' title="bbox 1893 1988 3197 3224">
     <span class='ocr_line' id='line_1_65' title="bbox 1989 1988 3197 2068; baseline -0.002 -17"><span class='ocrx_word' id='word_1_351' title='bbox 1989 1999 2022 2051; x_wconf 90' lang='grc'><strong>6</strong></span> <span class='ocrx_word' id='word_1_352' title='bbox 2033 2002 2067 2052; x_wconf 90' lang='lat'>0</span> <span class='ocrx_word' id='word_1_353' title='bbox 2076 1989 2366 2066; x_wconf 59' lang='lat' dir='ltr'><strong>..Insignis</strong></span> <span class='ocrx_word' id='word_1_354' title='bbox 2379 1988 2517 2048; x_wconf 88' lang='lat' dir='ltr'><strong>fidei</strong></span> <span class='ocrx_word' id='word_1_355' title='bbox 2530 1989 2850 2048; x_wconf 82' lang='lat' dir='ltr'><strong>catholicae</strong></span> <span class='ocrx_word' id='word_1_356' title='bbox 2867 1991 3197 2068; x_wconf 77' lang='lat' dir='ltr'><strong>apologeta</strong></span> 
     </span>
     <span class='ocr_line' id='line_1_66' title="bbox 1896 2078 3188 2138; baseline 0.001 -1"><span class='ocrx_word' id='word_1_357' title='bbox 1896 2084 2023 2137; x_wconf 87' lang='lat' dir='ltr'><strong>erat</strong></span> <span class='ocrx_word' id='word_1_358' title='bbox 2067 2079 2350 2137; x_wconf 87' lang='lat' dir='ltr'><strong>Petrus</strong></span> <span class='ocrx_word' id='word_1_359' title='bbox 2396 2080 2441 2136; x_wconf 92' lang='lat'><strong>1.</strong></span> <span class='ocrx_word' id='word_1_360' title='bbox 2475 2078 2747 2137; x_wconf 86' lang='lat' dir='ltr'><strong>Mauricii</strong></span> <span class='ocrx_word' id='word_1_361' title='bbox 2793 2079 3188 2138; x_wconf 84' lang='lat' dir='ltr'><strong>Monboiserii</strong></span> 
     </span>
     <span class='ocr_line' id='line_1_67' title="bbox 1896 2167 3190 2244; baseline 0.002 -19"><span class='ocrx_word' id='word_1_362' title='bbox 1896 2167 2055 2225; x_wconf 88' lang='lat' dir='ltr'><strong>filius</strong></span> <span class='ocrx_word' id='word_1_363' title='bbox 2117 2170 2509 2244; x_wconf 89' lang='lat' dir='ltr'><strong>cognomento</strong></span> <span class='ocrx_word' id='word_1_364' title='bbox 2574 2167 2988 2236; x_wconf 84' lang='lat' dir='ltr'><strong>,Venerabilis</strong></span> <span class='ocrx_word' id='word_1_365' title='bbox 3007 2178 3033 2205; x_wconf 68' lang='lat'><strong>⁴¹</strong></span> <span class='ocrx_word' id='word_1_366' title='bbox 3103 2170 3190 2228; x_wconf 84' lang='lat' dir='ltr'><strong>ob</strong></span> 
     </span>
     <span class='ocr_line' id='line_1_68' title="bbox 1896 2255 3190 2317; baseline 0 -2"><span class='ocrx_word' id='word_1_367' title='bbox 1896 2255 2167 2315; x_wconf 84' lang='lat' dir='ltr'><strong>eximiam</strong></span> <span class='ocrx_word' id='word_1_368' title='bbox 2199 2256 2536 2314; x_wconf 85' lang='lat' dir='ltr'><strong>divinarum</strong></span> <span class='ocrx_word' id='word_1_369' title='bbox 2559 2262 2620 2315; x_wconf 90' lang='lat' dir='ltr'><strong>et</strong></span> <span class='ocrx_word' id='word_1_370' title='bbox 2641 2257 3034 2316; x_wconf 85' lang='lat' dir='ltr'><strong>humanarum</strong></span> <span class='ocrx_word' id='word_1_371' title='bbox 3065 2258 3190 2317; x_wconf 80' lang='lat' dir='ltr'><strong>sci·</strong></span> 
     </span>
     <span class='ocr_line' id='line_1_69' title="bbox 1895 2346 3194 2422; baseline 0.001 -18"><span class='ocrx_word' id='word_1_372' title='bbox 1895 2346 2193 2404; x_wconf 89' lang='lat' dir='ltr'><strong>entiarum</strong></span> <span class='ocrx_word' id='word_1_373' title='bbox 2209 2346 2606 2422; x_wconf 88' lang='lat' dir='ltr'><strong>cognitionem</strong></span> <span class='ocrx_word' id='word_1_374' title='bbox 2622 2364 2756 2404; x_wconf 88' lang='lat' dir='ltr'><strong>cum</strong></span> <span class='ocrx_word' id='word_1_375' title='bbox 2778 2346 3001 2422; x_wconf 89' lang='lat' dir='ltr'><strong>insigni</strong></span> <span class='ocrx_word' id='word_1_376' title='bbox 3022 2347 3194 2405; x_wconf 80' lang='lat' dir='ltr'><strong>vitae</strong></span> 
     </span>
     <span class='ocr_line' id='line_1_70' title="bbox 1895 2434 3188 2509; baseline 0.001 -17"><span class='ocrx_word' id='word_1_377' title='bbox 1895 2434 2190 2509; x_wconf 87' lang='lat' dir='ltr'><strong>probitate</strong></span> <span class='ocrx_word' id='word_1_378' title='bbox 2211 2436 2610 2509; x_wconf 86' lang='lat' dir='ltr'><strong>conjunctam,</strong></span> <span class='ocrx_word' id='word_1_379' title='bbox 2645 2436 2803 2493; x_wconf 89' lang='lat' dir='ltr'><strong>inter</strong></span> <span class='ocrx_word' id='word_1_380' title='bbox 2834 2435 3188 2494; x_wconf 80' lang='lat' dir='ltr'><strong>coenobiar-</strong></span> 
     </span>
     <span class='ocr_line' id='line_1_71' title="bbox 1895 2523 3188 2599; baseline 0.002 -17"><span class='ocrx_word' id='word_1_381' title='bbox 1895 2524 2032 2582; x_wconf 88' lang='lat' dir='ltr'><strong>chas</strong></span> <span class='ocrx_word' id='word_1_382' title='bbox 2065 2523 2466 2582; x_wconf 87' lang='lat' dir='ltr'><strong>cluniacenses</strong></span> <span class='ocrx_word' id='word_1_383' title='bbox 2500 2542 2732 2582; x_wconf 88' lang='lat' dir='ltr'><strong>summo</strong></span> <span class='ocrx_word' id='word_1_384' title='bbox 2752 2525 3066 2599; x_wconf 86' lang='lat' dir='ltr'><strong>praeconio</strong></span> <span class='ocrx_word' id='word_1_385' title='bbox 3087 2542 3188 2584; x_wconf 83' lang='lat' dir='ltr'><strong>ce·</strong></span> 
     </span>
     <span class='ocr_line' id='line_1_72' title="bbox 1894 2613 3183 2688; baseline 0.002 -17"><span class='ocrx_word' id='word_1_386' title='bbox 1894 2613 2234 2672; x_wconf 87' lang='lat' dir='ltr'><strong>lebrandus.</strong></span> <span class='ocrx_word' id='word_1_387' title='bbox 2267 2613 2529 2670; x_wconf 87' lang='lat' dir='ltr'><strong>Patriam</strong></span> <span class='ocrx_word' id='word_1_388' title='bbox 2563 2613 2775 2670; x_wconf 88' lang='lat' dir='ltr'><strong>habuit</strong></span> <span class='ocrx_word' id='word_1_389' title='bbox 2806 2615 3183 2688; x_wconf 76' lang='lat' dir='ltr'><strong>Arverniam,</strong></span> 
     </span>
     <span class='ocr_line' id='line_1_73' title="bbox 1895 2703 3186 2781; baseline 0.001 -20"><span class='ocrx_word' id='word_1_390' title='bbox 1895 2706 2168 2778; x_wconf 89' lang='lat' dir='ltr'><strong>parentes</strong></span> <span class='ocrx_word' id='word_1_391' title='bbox 2230 2703 2641 2761; x_wconf 82' lang='lat' dir='ltr'><strong>nobilissimae</strong></span> <span class='ocrx_word' id='word_1_392' title='bbox 2701 2704 3024 2778; x_wconf 82' lang='lat' dir='ltr'><strong>prosapiae,</strong></span> <span class='ocrx_word' id='word_1_393' title='bbox 3072 2705 3186 2781; x_wconf 90' lang='lat' dir='ltr'><strong>qui</strong></span> 
     </span>
     <span class='ocr_line' id='line_1_74' title="bbox 1894 2791 3184 2866; baseline 0.001 -17"><span class='ocrx_word' id='word_1_394' title='bbox 1894 2792 2089 2866; x_wconf 87' lang='lat' dir='ltr'><strong>ipsum</strong></span> <span class='ocrx_word' id='word_1_395' title='bbox 2113 2811 2146 2849; x_wconf 92' lang='lat' dir='ltr'><strong>a</strong></span> <span class='ocrx_word' id='word_1_396' title='bbox 2164 2791 2386 2850; x_wconf 87' lang='lat' dir='ltr'><strong>teneris</strong></span> <span class='ocrx_word' id='word_1_397' title='bbox 2407 2791 2581 2850; x_wconf 88' lang='lat' dir='ltr'><strong>annis</strong></span> <span class='ocrx_word' id='word_1_398' title='bbox 2601 2793 2719 2851; x_wconf 90' lang='lat' dir='ltr'><strong>Deo</strong></span> <span class='ocrx_word' id='word_1_399' title='bbox 2739 2792 2801 2850; x_wconf 89' lang='lat' dir='ltr'><strong>in</strong></span> <span class='ocrx_word' id='word_1_400' title='bbox 2818 2794 3184 2852; x_wconf 86' lang='lat' dir='ltr'><strong>monasterio</strong></span> 
     </span>
     <span class='ocr_line' id='line_1_75' title="bbox 1894 2881 3184 2956; baseline 0.001 -17"><span class='ocrx_word' id='word_1_401' title='bbox 1894 2881 2252 2939; x_wconf 88' lang='lat' dir='ltr'><strong>cluniacensi</strong></span> <span class='ocrx_word' id='word_1_402' title='bbox 2293 2881 2662 2943; x_wconf 81' lang='lat' dir='ltr'><strong>obtulerunt.</strong></span> <span class='ocrx_word' id='word_1_403' title='bbox 2726 2881 3005 2956; x_wconf 86' lang='lat' dir='ltr'><strong>Copiosas</strong></span> <span class='ocrx_word' id='word_1_404' title='bbox 3041 2901 3184 2941; x_wconf 82' lang='lat' dir='ltr'><strong>suas</strong></span> 
     </span>
     <span class='ocr_line' id='line_1_76' title="bbox 1895 2968 3182 3040; baseline 0.003 -13"><span class='ocrx_word' id='word_1_405' title='bbox 1895 2969 2208 3027; x_wconf 84' lang='lat' dir='ltr'><strong>facultates</strong></span> <span class='ocrx_word' id='word_1_406' title='bbox 2239 2969 2599 3028; x_wconf 86' lang='lat' dir='ltr'><strong>monasterio</strong></span> <span class='ocrx_word' id='word_1_407' title='bbox 2631 2968 2972 3040; x_wconf 86' lang='lat' dir='ltr'><strong>donaverat,</strong></span> <span class='ocrx_word' id='word_1_408' title='bbox 3018 2971 3182 3031; x_wconf 86' lang='lat' dir='ltr'><strong>unde</strong></span> 
     </span>
     <span class='ocr_line' id='line_1_77' title="bbox 1893 3058 3182 3119; baseline 0.003 -3"><span class='ocrx_word' id='word_1_409' title='bbox 1893 3058 2332 3117; x_wconf 88' lang='lat' dir='ltr'><strong>benefactorum</strong></span> <span class='ocrx_word' id='word_1_410' title='bbox 2364 3077 2610 3117; x_wconf 89' lang='lat' dir='ltr'><strong>numero</strong></span> <span class='ocrx_word' id='word_1_411' title='bbox 2639 3059 2858 3118; x_wconf 87' lang='lat' dir='ltr'><strong>meruit</strong></span> <span class='ocrx_word' id='word_1_412' title='bbox 2880 3061 3182 3119; x_wconf 88' lang='lat' dir='ltr'><strong>accenseri</strong></span> 
     </span>
     <span class='ocr_line' id='line_1_78' title="bbox 1895 3148 3186 3224; baseline 0.002 -19"><span class='ocrx_word' id='word_1_413' title='bbox 1895 3148 2165 3222; x_wconf 87' lang='lat' dir='ltr'><strong>illudque</strong></span> <span class='ocrx_word' id='word_1_414' title='bbox 2198 3148 2320 3222; x_wconf 86' lang='lat' dir='ltr'><strong>ipse</strong></span> <span class='ocrx_word' id='word_1_415' title='bbox 2352 3148 2659 3224; x_wconf 88' lang='lat' dir='ltr'><strong>ingressus</strong></span> <span class='ocrx_word' id='word_1_416' title='bbox 2709 3152 2819 3206; x_wconf 85' lang='lat' dir='ltr'><strong>est.</strong></span> <span class='ocrx_word' id='word_1_417' title='bbox 2885 3150 3186 3209; x_wconf 87' lang='lat' dir='ltr'><strong>Defuncto</strong></span> 
     </span>
    </p>
   </div>
   <div class='ocr_carea' id='block_1_10' title="bbox 1886 3369 3189 4860">
    <p class='ocr_par' dir='ltr' id='par_1_10' title="bbox 1886 3369 3189 4860">
     <span class='ocr_line' id='line_1_79' title="bbox 1977 3369 3180 3439; baseline 0.002 -17"><span class='ocrx_word' id='word_1_418' title='bbox 1977 3374 2009 3438; x_wconf 80' lang='lat'><strong>¹)</strong></span> <span class='ocrx_word' id='word_1_419' title='bbox 2039 3369 2369 3439; x_wconf 79' lang='lat' dir='ltr'><strong>Disputavit</strong></span> <span class='ocrx_word' id='word_1_420' title='bbox 2396 3372 2726 3439; x_wconf 71' lang='lat' dir='ltr'><strong>praesertim</strong></span> <span class='ocrx_word' id='word_1_421' title='bbox 2767 3389 2895 3424; x_wconf 78' lang='lat' dir='ltr'><strong>cuni</strong></span> <span class='ocrx_word' id='word_1_422' title='bbox 2940 3371 3038 3427; x_wconf 64' lang='lat' dir='ltr'><strong>Et.</strong></span> <span class='ocrx_word' id='word_1_423' title='bbox 3069 3373 3180 3425; x_wconf 88' lang='lat' dir='ltr'><strong>Ni-</strong></span> 
     </span>
     <span class='ocr_line' id='line_1_80' title="bbox 1896 3441 3185 3510; baseline 0.003 -16"><span class='ocrx_word' id='word_1_424' title='bbox 1896 3442 1934 3494; x_wconf 85' lang='lat' dir='ltr'><strong>k</strong></span> <span class='ocrx_word' id='word_1_425' title='bbox 1954 3448 2072 3494; x_wconf 84' lang='lat' dir='ltr'><strong>eta</strong></span> <span class='ocrx_word' id='word_1_426' title='bbox 2098 3442 2344 3510; x_wconf 81' lang='lat' dir='ltr'><strong>archiep.</strong></span> <span class='ocrx_word' id='word_1_427' title='bbox 2381 3443 2786 3496; x_wconf 82' lang='lat' dir='ltr'><strong>nicomediensi</strong></span> <span class='ocrx_word' id='word_1_428' title='bbox 2826 3445 2881 3495; x_wconf 86' lang='lat' dir='ltr'><strong>ct</strong></span> <span class='ocrx_word' id='word_1_429' title='bbox 2911 3441 3185 3498; x_wconf 79' lang='lat' dir='ltr'><strong>Basilio</strong></span> 
     </span>
     <span class='ocr_line' id='line_1_81' title="bbox 1895 3512 3180 3584; baseline 0.002 -18"><span class='ocrx_word' id='word_1_430' title='bbox 1895 3514 1963 3567; x_wconf 86' lang='lat' dir='ltr'><strong>de</strong></span> <span class='ocrx_word' id='word_1_431' title='bbox 1989 3512 2238 3566; x_wconf 83' lang='lat' dir='ltr'><strong>Achrida</strong></span> <span class='ocrx_word' id='word_1_432' title='bbox 2279 3517 2325 3584; x_wconf 60' lang='grc' dir='ltr'><strong>(ψ</strong></span> <span class='ocrx_word' id='word_1_433' title='bbox 2367 3533 2421 3582; x_wconf 87' lang='lat' dir='ltr'><strong>p.</strong></span> <span class='ocrx_word' id='word_1_434' title='bbox 2466 3519 2640 3584; x_wconf 78' lang='grc'>1166).</span> <span class='ocrx_word' id='word_1_435' title='bbox 2693 3513 2880 3583; x_wconf 81' lang='lat' dir='ltr'><strong>Hujus</strong></span> <span class='ocrx_word' id='word_1_436' title='bbox 2923 3514 3180 3584; x_wconf 77' lang='lat' dir='ltr'><strong>disputa-</strong></span> 
     </span>
     <span class='ocr_line' id='line_1_82' title="bbox 1895 3584 3177 3653; baseline 0.002 -16"><span class='ocrx_word' id='word_1_437' title='bbox 1895 3585 2076 3638; x_wconf 82' lang='lat' dir='ltr'><strong>tiones</strong></span> <span class='ocrx_word' id='word_1_438' title='bbox 2118 3584 2363 3653; x_wconf 79' lang='lat' dir='ltr'><strong>primum</strong></span> <span class='ocrx_word' id='word_1_439' title='bbox 2408 3585 2590 3638; x_wconf 82' lang='lat' dir='ltr'><strong>edidit</strong></span> <span class='ocrx_word' id='word_1_440' title='bbox 2626 3585 2742 3644; x_wconf 81' lang='lat' dir='ltr'><strong>Jos.</strong></span> <span class='ocrx_word' id='word_1_441' title='bbox 2784 3585 3044 3639; x_wconf 57' lang='lat' dir='ltr'><strong>Schmidt</strong></span> <span class='ocrx_word' id='word_1_442' title='bbox 3072 3586 3177 3640; x_wconf 83' lang='lat' dir='ltr'><strong>Des</strong></span> 
     </span>
     <span class='ocr_line' id='line_1_83' title="bbox 1895 3655 3182 3712; baseline 0.002 -4"><span class='ocrx_word' id='word_1_443' title='bbox 1895 3656 2137 3709; x_wconf 80' lang='lat' dir='ltr'><strong>Basilius</strong></span> <span class='ocrx_word' id='word_1_444' title='bbox 2179 3673 2283 3708; x_wconf 81' lang='lat' dir='ltr'><strong>aus</strong></span> <span class='ocrx_word' id='word_1_445' title='bbox 2324 3655 2568 3708; x_wconf 84' lang='lat' dir='ltr'><strong>Achrida</strong></span> <span class='ocrx_word' id='word_1_446' title='bbox 2598 3655 2757 3712; x_wconf 84' lang='lat' dir='ltr'><strong>Erzb.</strong></span> <span class='ocrx_word' id='word_1_447' title='bbox 2807 3673 2917 3709; x_wconf 78' lang='lat' dir='ltr'><strong>von</strong></span> <span class='ocrx_word' id='word_1_448' title='bbox 2945 3656 3182 3710; x_wconf 81' lang='lat' dir='ltr'><strong>Thessa-</strong></span> 
     </span>
     <span class='ocr_line' id='line_1_84' title="bbox 1895 3727 3182 3798; baseline 0.001 -17"><span class='ocrx_word' id='word_1_449' title='bbox 1895 3728 2084 3781; x_wconf 81' lang='lat' dir='ltr'><strong>lonich</strong></span> <span class='ocrx_word' id='word_1_450' title='bbox 2136 3731 2316 3798; x_wconf 61' lang='lat'>(1145)</span> <span class='ocrx_word' id='word_1_451' title='bbox 2371 3727 2556 3779; x_wconf 84' lang='lat' dir='ltr'><strong>bisher</strong></span> <span class='ocrx_word' id='word_1_452' title='bbox 2608 3728 2869 3780; x_wconf 76' lang='lat' dir='ltr'><strong>unedirte</strong></span> <span class='ocrx_word' id='word_1_453' title='bbox 2921 3727 3182 3798; x_wconf 79' lang='lat' dir='ltr'><strong>Dialoge,</strong></span> 
     </span>
     <span class='ocr_line' id='line_1_85' title="bbox 1895 3798 3180 3868; baseline 0.002 -18"><span class='ocrx_word' id='word_1_454' title='bbox 1895 3799 2175 3852; x_wconf 75' lang='lat' dir='ltr'><strong>Milnchen</strong></span> <span class='ocrx_word' id='word_1_455' title='bbox 2207 3804 2361 3854; x_wconf 74' lang='lat'><strong>1901.</strong></span> <span class='ocrx_word' id='word_1_456' title='bbox 2426 3798 2634 3851; x_wconf 84' lang='lat' dir='ltr'><strong>Textus</strong></span> <span class='ocrx_word' id='word_1_457' title='bbox 2664 3814 2793 3851; x_wconf 88' lang='lat' dir='ltr'><strong>vero</strong></span> <span class='ocrx_word' id='word_1_458' title='bbox 2824 3809 2995 3868; x_wconf 85' lang='lat' dir='ltr'><strong>prout</strong></span> <span class='ocrx_word' id='word_1_459' title='bbox 3024 3818 3180 3853; x_wconf 87' lang='lat' dir='ltr'><strong>nunc</strong></span> 
     </span>
     <span class='ocr_line' id='line_1_86' title="bbox 1893 3870 3177 3938; baseline 0.002 -16"><span class='ocrx_word' id='word_1_460' title='bbox 1893 3872 2076 3922; x_wconf 81' lang='lat' dir='ltr'><strong>exstat</strong></span> <span class='ocrx_word' id='word_1_461' title='bbox 2101 3887 2217 3923; x_wconf 85' lang='lat' dir='ltr'><strong>non</strong></span> <span class='ocrx_word' id='word_1_462' title='bbox 2247 3870 2471 3922; x_wconf 83' lang='lat' dir='ltr'><strong>videtur</strong></span> <span class='ocrx_word' id='word_1_463' title='bbox 2498 3870 2812 3938; x_wconf 74' lang='lat' dir='ltr'><strong>originalia,</strong></span> <span class='ocrx_word' id='word_1_464' title='bbox 2850 3871 2946 3924; x_wconf 77' lang='lat' dir='ltr'><strong>sed</strong></span> <span class='ocrx_word' id='word_1_465' title='bbox 2971 3876 3177 3925; x_wconf 80' lang='lat' dir='ltr'><strong>retrac-</strong></span> 
     </span>
     <span class='ocr_line' id='line_1_87' title="bbox 1895 3941 3175 4011; baseline 0.002 -18"><span class='ocrx_word' id='word_1_466' title='bbox 1895 3944 2046 3994; x_wconf 77' lang='lat' dir='ltr'><strong>tatus</strong></span> <span class='ocrx_word' id='word_1_467' title='bbox 2074 3960 2106 3993; x_wconf 77' lang='lat' dir='ltr'><strong>a</strong></span> <span class='ocrx_word' id='word_1_468' title='bbox 2133 3941 2404 4009; x_wconf 83' lang='lat' dir='ltr'><strong>scriptore</strong></span> <span class='ocrx_word' id='word_1_469' title='bbox 2432 3942 2680 4009; x_wconf 83' lang='lat' dir='ltr'><strong>quodam</strong></span> <span class='ocrx_word' id='word_1_470' title='bbox 2712 3941 3038 4011; x_wconf 81' lang='lat' dir='ltr'><strong>posteriore.</strong></span> <span class='ocrx_word' id='word_1_471' title='bbox 3093 3943 3175 4001; x_wconf 82' lang='lat' dir='ltr'><strong>Cf.</strong></span> 
     </span>
     <span class='ocr_line' id='line_1_88' title="bbox 1894 4012 3178 4074; baseline 0.002 -8"><span class='ocrx_word' id='word_1_472' title='bbox 1894 4014 2088 4066; x_wconf 85' lang='lat' dir='ltr'><strong>Hefele</strong></span> <span class='ocrx_word' id='word_1_473' title='bbox 2118 4012 2251 4065; x_wconf 73' lang='lat' dir='ltr'><strong>KL2.</strong></span> <span class='ocrx_word' id='word_1_474' title='bbox 2283 4012 2324 4074; x_wconf 88' lang='lat'><strong>1,</strong></span> <span class='ocrx_word' id='word_1_475' title='bbox 2351 4017 2485 4071; x_wconf 44' lang='lat' dir='ltr'><strong>89st</strong></span> <span class='ocrx_word' id='word_1_476' title='bbox 2515 4013 2773 4066; x_wconf 66' lang='lat' dir='ltr'><strong>Strerath</strong></span> <span class='ocrx_word' id='word_1_477' title='bbox 2806 4013 2875 4066; x_wconf 85' lang='lat' dir='ltr'><strong>de</strong></span> <span class='ocrx_word' id='word_1_478' title='bbox 2901 4013 3178 4068; x_wconf 74' lang='lat' dir='ltr'><strong>Anselmo</strong></span> 
     </span>
     <span class='ocr_line' id='line_1_89' title="bbox 1892 4083 3180 4153; baseline 0.005 -16"><span class='ocrx_word' id='word_1_479' title='bbox 1892 4101 1977 4153; x_wconf 89' lang='lat' dir='ltr'><strong>ep.</strong></span> <span class='ocrx_word' id='word_1_480' title='bbox 2004 4085 2225 4138; x_wconf 81' lang='lat' dir='ltr'><strong>havelb.</strong></span> <span class='ocrx_word' id='word_1_481' title='bbox 2274 4083 2404 4136; x_wconf 79' lang='lat' dir='ltr'><strong>diss.</strong></span> <span class='ocrx_word' id='word_1_482' title='bbox 2450 4084 2597 4148; x_wconf 87' lang='lat' dir='ltr'><strong>hist,</strong></span> <span class='ocrx_word' id='word_1_483' title='bbox 2645 4083 2973 4138; x_wconf 72' lang='lat' dir='ltr'><strong>Mouasterii</strong></span> <span class='ocrx_word' id='word_1_484' title='bbox 3003 4090 3180 4144; x_wconf 72' lang='lat'>1854:</span> 
     </span>
     <span class='ocr_line' id='line_1_90' title="bbox 1891 4153 3176 4224; baseline 0.002 -16"><span class='ocrx_word' id='word_1_485' title='bbox 1891 4156 2147 4223; x_wconf 84' lang='lat' dir='ltr'><strong>aliosque</strong></span> <span class='ocrx_word' id='word_1_486' title='bbox 2175 4155 2329 4223; x_wconf 86' lang='lat' dir='ltr'><strong>apud</strong></span> <span class='ocrx_word' id='word_1_487' title='bbox 2358 4153 2622 4208; x_wconf 76' lang='lat' dir='ltr'><strong>Potthast</strong></span> <span class='ocrx_word' id='word_1_488' title='bbox 2649 4161 2843 4224; x_wconf 76' lang='lat' dir='ltr'><strong>p.112.</strong></span> <span class='ocrx_word' id='word_1_489' title='bbox 2874 4155 3176 4224; x_wconf 70' lang='lat' dir='ltr'><strong>Colloquio</strong></span> 
     </span>
     <span class='ocr_line' id='line_1_91' title="bbox 1891 4225 3178 4296; baseline -0.001 -17"><span class='ocrx_word' id='word_1_490' title='bbox 1891 4227 1976 4280; x_wconf 90' lang='lat' dir='ltr'><strong>illi</strong></span> <span class='ocrx_word' id='word_1_491' title='bbox 2005 4243 2134 4280; x_wconf 86' lang='lat' dir='ltr'><strong>cum</strong></span> <span class='ocrx_word' id='word_1_492' title='bbox 2160 4227 2374 4296; x_wconf 84' lang='lat' dir='ltr'><strong>graecis</strong></span> <span class='ocrx_word' id='word_1_493' title='bbox 2415 4225 2679 4279; x_wconf 85' lang='lat' dir='ltr'><strong>interfuit</strong></span> <span class='ocrx_word' id='word_1_494' title='bbox 2717 4225 2804 4279; x_wconf 80' lang='lat' dir='ltr'><strong>J0.</strong></span> <span class='ocrx_word' id='word_1_495' title='bbox 2851 4226 2890 4279; x_wconf 90' lang='grc' dir='ltr'>Β</span> <span class='ocrx_word' id='word_1_496' title='bbox 2910 4245 2944 4279; x_wconf 88' lang='lat' dir='ltr'><strong>u</strong></span> <span class='ocrx_word' id='word_1_497' title='bbox 2964 4244 2988 4278; x_wconf 88' lang='lat' dir='ltr'><strong>r</strong></span> <span class='ocrx_word' id='word_1_498' title='bbox 3004 4246 3043 4295; x_wconf 78' lang='lat' dir='ltr'><strong>g</strong></span> <span class='ocrx_word' id='word_1_499' title='bbox 3061 4246 3096 4280; x_wconf 90' lang='lat' dir='ltr'><strong>u</strong></span> <span class='ocrx_word' id='word_1_500' title='bbox 3115 4245 3178 4278; x_wconf 87' lang='lat' dir='ltr'><strong>n-</strong></span> 
     </span>
     <span class='ocr_line' id='line_1_92' title="bbox 1890 4298 3180 4367; baseline 0.001 -16"><span class='ocrx_word' id='word_1_501' title='bbox 1890 4299 2010 4352; x_wconf 85' lang='lat' dir='ltr'><strong>dio</strong></span> <span class='ocrx_word' id='word_1_502' title='bbox 2038 4299 2175 4351; x_wconf 82' lang='lat' dir='ltr'><strong>civis</strong></span> <span class='ocrx_word' id='word_1_503' title='bbox 2203 4314 2268 4350; x_wconf 83' lang='lat' dir='ltr'><strong>ac</strong></span> <span class='ocrx_word' id='word_1_504' title='bbox 2275 4298 2453 4367; x_wconf 83' lang='lat' dir='ltr'><strong>judex</strong></span> <span class='ocrx_word' id='word_1_505' title='bbox 2471 4298 2723 4367; x_wconf 75' lang='lat' dir='ltr'><strong>pisanus,</strong></span> <span class='ocrx_word' id='word_1_506' title='bbox 2745 4301 2846 4366; x_wconf 86' lang='lat' dir='ltr'><strong>qui</strong></span> <span class='ocrx_word' id='word_1_507' title='bbox 2878 4308 3014 4351; x_wconf 72' lang='lat' dir='ltr'><strong>tuuc</strong></span> <span class='ocrx_word' id='word_1_508' title='bbox 3039 4303 3180 4351; x_wconf 83' lang='lat' dir='ltr'><strong>tem·</strong></span> 
     </span>
     <span class='ocr_line' id='line_1_93' title="bbox 1890 4369 3189 4438; baseline -0.001 -15"><span class='ocrx_word' id='word_1_509' title='bbox 1890 4370 2041 4438; x_wconf 79' lang='lat' dir='ltr'><strong>poris</strong></span> <span class='ocrx_word' id='word_1_510' title='bbox 2069 4385 2303 4438; x_wconf 79' lang='lat' dir='ltr'><strong>graecae</strong></span> <span class='ocrx_word' id='word_1_511' title='bbox 2346 4369 2578 4438; x_wconf 80' lang='lat' dir='ltr'><strong>liuguae</strong></span> <span class='ocrx_word' id='word_1_512' title='bbox 2620 4369 2822 4438; x_wconf 85' lang='lat' dir='ltr'><strong>peritia</strong></span> <span class='ocrx_word' id='word_1_513' title='bbox 2869 4369 3189 4430; x_wconf 84' lang='lat' dir='ltr'><strong>inclaruit;.</strong></span> 
     </span>
     <span class='ocr_line' id='line_1_94' title="bbox 1888 4441 3174 4498; baseline 0.004 -5"><span class='ocrx_word' id='word_1_514' title='bbox 1888 4441 2153 4495; x_wconf 83' lang='lat' dir='ltr'><strong>interfuit</strong></span> <span class='ocrx_word' id='word_1_515' title='bbox 2201 4445 2258 4494; x_wconf 88' lang='lat' dir='ltr'><strong>et</strong></span> <span class='ocrx_word' id='word_1_516' title='bbox 2309 4441 2550 4494; x_wconf 89' lang='lat' dir='ltr'><strong>concilio</strong></span> <span class='ocrx_word' id='word_1_517' title='bbox 2613 4458 2848 4494; x_wconf 79' lang='lat' dir='ltr'><strong>romano</strong></span> <span class='ocrx_word' id='word_1_518' title='bbox 2914 4459 2961 4494; x_wconf 77' lang='lat' dir='ltr'><strong>a.</strong></span> <span class='ocrx_word' id='word_1_519' title='bbox 3017 4447 3174 4498; x_wconf 71' lang='lat'><strong>1179.</strong></span> 
     </span>
     <span class='ocr_line' id='line_1_95' title="bbox 1894 4511 3174 4580; baseline 0.002 -17"><span class='ocrx_word' id='word_1_520' title='bbox 1894 4512 2075 4565; x_wconf 80' lang='lat' dir='ltr'><strong>Vertit</strong></span> <span class='ocrx_word' id='word_1_521' title='bbox 2101 4512 2363 4566; x_wconf 83' lang='lat' dir='ltr'><strong>homilias</strong></span> <span class='ocrx_word' id='word_1_522' title='bbox 2389 4529 2429 4564; x_wconf 76' lang='lat' dir='ltr'><strong>a.</strong></span> <span class='ocrx_word' id='word_1_523' title='bbox 2457 4512 2620 4565; x_wconf 82' lang='lat' dir='ltr'><strong>Joan.</strong></span> <span class='ocrx_word' id='word_1_524' title='bbox 2651 4511 2744 4566; x_wconf 85' lang='lat' dir='ltr'><strong>Ch</strong></span> <span class='ocrx_word' id='word_1_525' title='bbox 2761 4530 2787 4564; x_wconf 89' lang='lat' dir='ltr'><strong>r</strong></span> <span class='ocrx_word' id='word_1_526' title='bbox 2803 4530 2838 4580; x_wconf 68' lang='lat' dir='ltr'>y</span> <span class='ocrx_word' id='word_1_527' title='bbox 2857 4530 2880 4563; x_wconf 73' lang='lat' dir='ltr'><strong>s</strong></span> <span class='ocrx_word' id='word_1_528' title='bbox 2897 4530 2928 4566; x_wconf 90' lang='lat' dir='ltr'><strong>o</strong></span> <span class='ocrx_word' id='word_1_529' title='bbox 2947 4515 3060 4564; x_wconf 81' lang='lat' dir='ltr'><strong>sto</strong></span> <span class='ocrx_word' id='word_1_530' title='bbox 3081 4513 3174 4565; x_wconf 87' lang='lat' dir='ltr'><strong>mi</strong></span> 
     </span>
     <span class='ocr_line' id='line_1_96' title="bbox 1886 4582 3173 4646; baseline 0 -10"><span class='ocrx_word' id='word_1_531' title='bbox 1886 4583 1945 4636; x_wconf 88' lang='lat' dir='ltr'><strong>in</strong></span> <span class='ocrx_word' id='word_1_532' title='bbox 1976 4585 2255 4646; x_wconf 64' lang='lat' dir='ltr'><strong>Genesim,</strong></span> <span class='ocrx_word' id='word_1_533' title='bbox 2280 4583 2341 4635; x_wconf 88' lang='lat' dir='ltr'><strong>in</strong></span> <span class='ocrx_word' id='word_1_534' title='bbox 2365 4582 2463 4636; x_wconf 75' lang='lat' dir='ltr'><strong>Ev.</strong></span> <span class='ocrx_word' id='word_1_535' title='bbox 2491 4583 2746 4646; x_wconf 80' lang='lat' dir='ltr'><strong>Joannis,</strong></span> <span class='ocrx_word' id='word_1_536' title='bbox 2775 4583 2827 4636; x_wconf 81' lang='lat' dir='ltr'>N</span> <span class='ocrx_word' id='word_1_537' title='bbox 2846 4600 2994 4636; x_wconf 82' lang='lat' dir='ltr'><strong>eme</strong></span> <span class='ocrx_word' id='word_1_538' title='bbox 3013 4583 3105 4635; x_wconf 81' lang='lat' dir='ltr'><strong>sii</strong></span> <span class='ocrx_word' id='word_1_539' title='bbox 3139 4585 3173 4642; x_wconf 77' lang='lat'><strong>1,</strong></span> 
     </span>
     <span class='ocr_line' id='line_1_97' title="bbox 1887 4654 3175 4718; baseline 0 -11"><span class='ocrx_word' id='word_1_540' title='bbox 1887 4655 1955 4708; x_wconf 85' lang='lat' dir='ltr'><strong>de</strong></span> <span class='ocrx_word' id='word_1_541' title='bbox 1985 4658 2190 4708; x_wconf 77' lang='lat' dir='ltr'><strong>natura</strong></span> <span class='ocrx_word' id='word_1_542' title='bbox 2215 4654 2478 4718; x_wconf 59' lang='lat' dir='ltr'><strong>hominis),</strong></span> <span class='ocrx_word' id='word_1_543' title='bbox 2518 4655 2603 4710; x_wconf 81' lang='lat' dir='ltr'><strong>JO.</strong></span> <span class='ocrx_word' id='word_1_544' title='bbox 2636 4656 2680 4708; x_wconf 93' lang='lat' dir='ltr'>D</span> <span class='ocrx_word' id='word_1_545' title='bbox 2698 4673 2731 4707; x_wconf 78' lang='lat' dir='ltr'><strong>a</strong></span> <span class='ocrx_word' id='word_1_546' title='bbox 2747 4673 2801 4707; x_wconf 87' lang='lat' dir='ltr'><strong>m</strong></span> <span class='ocrx_word' id='word_1_547' title='bbox 2820 4672 2850 4707; x_wconf 84' lang='lat' dir='ltr'><strong>a</strong></span> <span class='ocrx_word' id='word_1_548' title='bbox 2870 4673 2893 4707; x_wconf 82' lang='lat' dir='ltr'><strong>s</strong></span> <span class='ocrx_word' id='word_1_549' title='bbox 2911 4673 2937 4706; x_wconf 79' lang='lat' dir='ltr'><strong>c</strong></span> <span class='ocrx_word' id='word_1_550' title='bbox 2956 4672 2984 4706; x_wconf 79' lang='lat' dir='ltr'><strong>e</strong></span> <span class='ocrx_word' id='word_1_551' title='bbox 3003 4655 3076 4708; x_wconf 86' lang='lat' dir='ltr'><strong>ni</strong></span> <span class='ocrx_word' id='word_1_552' title='bbox 3103 4656 3175 4707; x_wconf 79' lang='lat' dir='ltr'><strong>‹lo</strong></span> 
     </span>
     <span class='ocr_line' id='line_1_98' title="bbox 1887 4726 3176 4798; baseline 0.002 -20"><span class='ocrx_word' id='word_1_553' title='bbox 1887 4726 1994 4780; x_wconf 87' lang='lat' dir='ltr'><strong>fide</strong></span> <span class='ocrx_word' id='word_1_554' title='bbox 2024 4727 2335 4781; x_wconf 80' lang='lat' dir='ltr'><strong>orthodoxa</strong></span> <span class='ocrx_word' id='word_1_555' title='bbox 2363 4726 2422 4779; x_wconf 92' lang='lat' dir='ltr'><strong>ll.</strong></span> <span class='ocrx_word' id='word_1_556' title='bbox 2450 4732 2486 4781; x_wconf 66' lang='lat'>4</span> <span class='ocrx_word' id='word_1_557' title='bbox 2513 4732 2618 4785; x_wconf 83' lang='lat' dir='ltr'><strong>etc,</strong></span> <span class='ocrx_word' id='word_1_558' title='bbox 2648 4733 2695 4791; x_wconf 62' lang='lat'><strong>(7³</strong></span> <span class='ocrx_word' id='word_1_559' title='bbox 2721 4732 2807 4783; x_wconf 82' lang='lat'><strong>30.</strong></span> <span class='ocrx_word' id='word_1_560' title='bbox 2839 4726 2959 4783; x_wconf 82' lang='lat' dir='ltr'><strong>Oct.</strong></span> <span class='ocrx_word' id='word_1_561' title='bbox 2990 4730 3176 4798; x_wconf 77' lang='lat'><strong>1194).</strong></span> 
     </span>
     <span class='ocr_line' id='line_1_99' title="bbox 1886 4797 3176 4860; baseline -0.001 -9"><span class='ocrx_word' id='word_1_562' title='bbox 1886 4799 1967 4851; x_wconf 79' lang='lat' dir='ltr'><strong>Cf.</strong></span> <span class='ocrx_word' id='word_1_563' title='bbox 2009 4799 2302 4851; x_wconf 80' lang='lat' dir='ltr'><strong>Fabricius</strong></span> <span class='ocrx_word' id='word_1_564' title='bbox 2346 4799 2384 4860; x_wconf 88' lang='lat'><strong>1,</strong></span> <span class='ocrx_word' id='word_1_565' title='bbox 2429 4803 2563 4856; x_wconf 75' lang='lat'><strong>281:</strong></span> <span class='ocrx_word' id='word_1_566' title='bbox 2623 4797 2951 4851; x_wconf 79' lang='lat' dir='ltr'><strong>Tirabosclii</strong></span> <span class='ocrx_word' id='word_1_567' title='bbox 2996 4803 3034 4849; x_wconf 89' lang='lat' dir='ltr'><strong>t.</strong></span> <span class='ocrx_word' id='word_1_568' title='bbox 3073 4798 3176 4855; x_wconf 79' lang='grc' dir='ltr'>ΙΙΙ,</span> 
     </span>
    </p>
   </div>
   <div class='ocr_carea' id='block_1_11' title="bbox 629 4869 2310 4939">
    <p class='ocr_par' dir='ltr' id='par_1_11' title="bbox 629 4869 2310 4939">
     <span class='ocr_line' id='line_1_100' title="bbox 629 4869 2310 4939; baseline -0.003 -12"><span class='ocrx_word' id='word_1_569' title='bbox 629 4876 663 4930; x_wconf 58' lang='grc' dir='ltr'><strong>Γ)</strong></span> <span class='ocrx_word' id='word_1_570' title='bbox 693 4875 774 4927; x_wconf 72' lang='lat' dir='ltr'><strong>Cf.</strong></span> <span class='ocrx_word' id='word_1_571' title='bbox 818 4872 1040 4926; x_wconf 73' lang='lat' dir='ltr'><strong>Ocillier</strong></span> <span class='ocrx_word' id='word_1_572' title='bbox 1086 4872 1226 4928; x_wconf 66' lang='lat' dir='ltr'><strong>Hist</strong></span> <span class='ocrx_word' id='word_1_573' title='bbox 1273 4872 1399 4939; x_wconf 68' lang='lat' dir='ltr'><strong>gen.</strong></span> <span class='ocrx_word' id='word_1_574' title='bbox 1442 4871 1537 4923; x_wconf 60' lang='lat' dir='ltr'><strong>ders</strong></span> <span class='ocrx_word' id='word_1_575' title='bbox 1582 4873 1825 4924; x_wconf 71' lang='lat' dir='ltr'><strong>Auteurs</strong></span> <span class='ocrx_word' id='word_1_576' title='bbox 1886 4869 1904 4921; x_wconf 87' lang='lat' dir='ltr'><strong>l</strong></span> <span class='ocrx_word' id='word_1_577' title='bbox 1947 4875 1980 4925; x_wconf 76' lang='lat'>4</span> <span class='ocrx_word' id='word_1_578' title='bbox 2010 4888 2053 4923; x_wconf 82' lang='lat' dir='ltr'><strong>c.</strong></span> <span class='ocrx_word' id='word_1_579' title='bbox 2082 4875 2259 4927; x_wconf 57' lang='lat' dir='ltr'><strong>311.ss</strong></span> <span class='ocrx_word' id='word_1_580' title='bbox 2286 4887 2310 4922; x_wconf 88' lang='lat' dir='ltr'><strong>s</strong></span> 
     </span>
    </p>
   </div>
   <div class='ocr_carea' id='block_1_12' title="bbox 548 4943 1449 5006">
    <p class='ocr_par' dir='ltr' id='par_1_12' title="bbox 548 4943 1449 5006">
     <span class='ocr_line' id='line_1_101' title="bbox 548 4943 1449 5006; baseline 0.001 -10"><span class='ocrx_word' id='word_1_581' title='bbox 548 4962 727 4998; x_wconf 66' lang='lat' dir='ltr'><strong>sacres</strong></span> <span class='ocrx_word' id='word_1_582' title='bbox 757 4949 811 4997; x_wconf 89' lang='lat' dir='ltr'><strong>et</strong></span> <span class='ocrx_word' id='word_1_583' title='bbox 840 4944 973 4998; x_wconf 68' lang='lat' dir='ltr'><strong>cccl.</strong></span> <span class='ocrx_word' id='word_1_584' title='bbox 1002 4943 1147 5006; x_wconf 78' lang='lat' dir='ltr'><strong>le,</strong></span> <span class='ocrx_word' id='word_1_585' title='bbox 1177 4950 1225 5006; x_wconf 91' lang='lat' dir='ltr'><strong>l,</strong></span> <span class='ocrx_word' id='word_1_586' title='bbox 1252 4948 1355 4998; x_wconf 67' lang='lat'><strong>(543</strong></span> <span class='ocrx_word' id='word_1_587' title='bbox 1382 4961 1449 4997; x_wconf 59' lang='lat' dir='ltr'><strong>sa.</strong></span> 
     </span>
    </p>
   </div>
   <div class='ocr_carea' id='block_1_13' title="bbox 1958 4939 3176 5007">
    <p class='ocr_par' dir='ltr' id='par_1_13' title="bbox 1958 4939 3176 5007">
     <span class='ocr_line' id='line_1_102' title="bbox 1958 4939 3176 5007; baseline 0.004 -14"><span class='ocrx_word' id='word_1_588' title='bbox 1958 4953 1969 4978; x_wconf 74' lang='lat'><strong>‘-</strong></span> <span class='ocrx_word' id='word_1_589' title='bbox 1990 4961 1996 4995; x_wconf 51' lang='grc' dir='ltr'><strong>’μ</strong></span> <span class='ocrx_word' id='word_1_590' title='bbox 2027 4943 2105 4998; x_wconf 74' lang='lat' dir='ltr'><strong>Cf.</strong></span> <span class='ocrx_word' id='word_1_591' title='bbox 2127 4941 2196 4992; x_wconf 83' lang='lat' dir='ltr'>W</span> <span class='ocrx_word' id='word_1_592' title='bbox 2202 4959 2228 4994; x_wconf 78' lang='lat' dir='ltr'><strong>a</strong></span> <span class='ocrx_word' id='word_1_593' title='bbox 2241 4941 2506 4993; x_wconf 76' lang='lat' dir='ltr'><strong>ttenbach</strong></span> <span class='ocrx_word' id='word_1_594' title='bbox 2525 4939 2909 5007; x_wconf 75' lang='lat' dir='ltr'><strong>Geschichtsq.</strong></span> <span class='ocrx_word' id='word_1_595' title='bbox 2932 4939 3176 4998; x_wconf 57' lang='lat' dir='ltr'><strong>[1³:37ss.</strong></span> 
     </span>
    </p>
   </div>
  </div>
 </body>
</html>
