3475 5364
161 337 268 390 431
596 318 724 372 Alb.
753 316 821 371 de
841 316 1050 382 Brixia,
1079 316 1347 383 Norwod,
1374 316 1705 382 Gaufridus,
1732 316 2009 387 Aegidius
2036 315 2336 371 Columna.
2651 334 2776 388 432

160 504 264 563 sibi
292 504 356 562 in
388 504 798 563 conscientiae
848 503 1140 562 arbitrum
1191 503 1434 581 delegit,
1493 504 1675 578 hujus
1706 502 1976 561 doctrina
2006 503 2266 580 graviter
2303 503 2777 579 impugnaretur,

158 596 245 651 cui
288 593 529 653 sodales
574 612 775 652 curam
823 593 1163 670 provinciae
1208 594 1436 652 detule-
1494 612 1602 669 pro
1635 611 1704 650 ea
1732 593 1958 651 tuenda
1990 595 2233 650 strenue
2281 592 2454 650 stetit
2470 586 2530 674 ¹).
2594 592 2779 650 Theo-

163 687 294 740 mnt
325 679 402 762 (c.
434 678 658 762 1290).
691 685 755 741 et
773 701 949 758 quem
971 681 1327 741 Benedictus
1343 680 1439 740 XI.
1499 681 1687 759 logiae
1717 682 1922 740 laurea
1970 681 2295 740 honoratus
2329 680 2475 738 talia
2504 681 2781 755 praebuit

160 772 519 829 cardinalem
552 771 778 830 creavit
818 779 998 834 1304.
1048 771 1214 829 Obiit
1242 773 1441 829 tamen
1499 771 1782 848 magister
1825 770 2215 829 solidissimae
2260 770 2562 828 doctrinae
2601 789 2779 846 argu·

156 860 647 936 jama‘sequenti
668 861 720 939 (1
743 857 913 939 305).
947 892 1032 903 -
1066 859 1443 919 Albertus
1499 866 1716 928 menta,
1756 866 1827 918 ut
1855 861 2106 918 doctoris
2130 860 2535 934 fundatissimi
2564 877 2781 917 nomen

162 951 224 1006 de
262 950 574 1015 Brixia,
621 949 1099 1026 Mandugasinus
1142 970 1178 1007 a
1222 949 1443 1007 familia
1500 948 1614 1008 sibi
1646 949 2090 1026 comparaverit.
2160 949 2346 1007 Penes
2381 947 2607 1007 sodales
2639 966 2779 1008 vero

162 1038 633 1116 cognominatuS,
711 1058 754 1096 s.
815 1038 1074 1097 Thomas
1142 1038 1443 1096 doctrinae
1498 1042 1700 1097 tantae
1731 1038 1849 1096 fuit
1882 1037 2271 1109 auctoritatis,
2305 1037 2566 1095 utillum
2588 1037 2780 1096 adhuc

166 1132 415 1186 sectator
468 1127 969 1197 studiosissimus,
1022 1146 1099 1185 ss.
1131 1129 1443 1186 literarum
1497 1128 1654 1187 inter
1686 1127 1851 1186 vivos
1886 1130 2195 1204 degentem
2227 1126 2524 1203 generalia
2543 1125 2783 1185 comitia

163 1220 219 1274 in
263 1216 473 1275 ordine
528 1217 829 1293 professor
878 1213 941 1297 (†
995 1213 1212 1295 1314),
1273 1219 1444 1291 cujus
1498 1216 1828 1275 Florentiae
1859 1216 2066 1275 habita
2097 1234 2231 1293 raro
2262 1216 2530 1291 exemplo
2550 1215 2779 1274 studio-

167 1307 484 1364 laudantur
531 1307 711 1364 etiam
764 1305 836 1364 de
885 1306 1074 1365 officio
1124 1305 1444 1365 sacerdotis
1498 1326 1634 1365 rum
1682 1323 1924 1364 suorum
1976 1305 2307 1381 principem
2355 1304 2786 1362 constituerint

164 1395 213 1451 ll„
246 1406 280 1457 3
312 1396 439 1452 sive
475 1414 718 1453 summa
761 1412 1010 1454 casuum
1051 1395 1443 1454 conscientiae
1499 1398 1749 1470 ejusque
1793 1394 2120 1453 doctrinam
2154 1394 2216 1452 in
2247 1398 2378 1453 toto
2408 1393 2615 1451 ordine
2653 1412 2776 1451 am-

171 1482 423 1563 (inedita)
456 1504 530 1541 ex
563 1484 845 1560 operibus
889 1484 1148 1544 doctoris
1190 1484 1443 1560 angelici
1499 1483 1869 1559 plectendam
1902 1483 2258 1541 declararint
2279 1483 2512 1541 decreto
2532 1502 2580 1540 a.
2612 1491 2774 1545 1287

172 1574 523 1631 concinnata.
583 1607 677 1617 —
737 1572 1052 1632 Thomas
1118 1572 1444 1633 Norwod
1504 1580 1587 1643 μή
1618 1593 1667 1631 a.
1700 1567 1895 1655 1290)
1927 1573 2106 1648 hujus
2139 1573 2392 1631 tenoris:
2430 1571 2622 1640 ,Quia
2648 1589 2776 1629 ven.

173 1663 382 1738 Anglus
414 1657 502 1744 (fl.
545 1658 763 1739 1314).
796 1696 884 1705 -
915 1662 1339 1721 Gaufridus
1372 1662 1444 1721 de
1499 1682 1649 1739 mag.
1684 1663 1872 1720 nostri
1905 1663 1973 1719 fr.
2007 1662 2245 1738 Aegidii
2289 1660 2559 1719 doctrina
2603 1679 2782 1718 mun·

176 1751 519 1808 Ablusiis
553 1746 782 1833 (Ablis)
817 1751 1100 1811 dioecesis
1132 1758 1441 1811 carnoten·
1498 1751 1640 1810 dum
1673 1752 2020 1810 universum
2052 1750 2345 1819 illustrat3
2379 1749 2691 1808 definimus
2720 1752 2784 1807 et

178 1840 261 1899 sis.
305 1849 591 1898 strenuus
639 1841 945 1915 quaesitor
988 1841 1279 1917 generalis
1309 1841 1444 1899 fidei
1499 1840 1849 1921 mandamus
1882 1839 2307 1898 inviolabiliter
2338 1838 2655 1909 observari,
2706 1841 2778 1896 ut

179 1930 524 1995 carcassone,
589 1931 699 2003 qui
760 1931 832 1988 de
895 1930 1198 1989 miraculis
1254 1930 1440 1988 Bene·
1498 1930 1824 2005 opiniones,
1905 1928 2232 2005 positiones
2311 1930 2373 1986 et
2450 1927 2776 1986 sententias

180 2016 297 2075 dicti
326 2017 418 2075 XI.
458 2017 721 2093 juridice
766 2018 1067 2094 inquirere
1104 2021 1311 2094 jussus
1351 2024 1443 2077 est
1498 2018 1749 2095 scriptas
1800 2022 1862 2075 et
1906 2017 2243 2077 scribendas
2292 2016 2575 2092 praedicti
2623 2035 2776 2093 mag.

182 2112 229 2163 et
255 2107 583 2182 quindecim
620 2108 695 2165 ab
727 2125 796 2166 eo
828 2116 1065 2181 patrata
1104 2108 1443 2166 authentice
1498 2108 1690 2166 nostri
1721 2125 1924 2167 omnes
1955 2106 2177 2165 ordinis
2209 2106 2401 2165 nostri
2441 2106 2687 2164 lectores
2719 2107 2781 2163 et

182 2196 534 2271 comprobata
617 2196 691 2254 ad
770 2197 993 2256 curiam
1080 2198 1440 2273 pontificiam
1500 2196 1815 2255 studentes
1839 2196 2146 2272 recipiant,
2181 2195 2399 2254 eisdem
2431 2194 2779 2270 praebentes

184 2286 501 2342 transmisit.
598 2285 795 2344 Multa
838 2304 1047 2361 passus
1093 2295 1185 2344 est
1215 2287 1278 2344 in
1310 2306 1442 2344 mu·
1497 2304 1823 2355 assensum,
1870 2289 1934 2344 et
1964 2285 2093 2360 ejus
2135 2285 2435 2344 doctrinae
2467 2284 2781 2357 omniqua

184 2391 299 2431 nere
343 2373 620 2432 obeundo
669 2374 1042 2451 decessitque
1093 2376 1443 2434 Carcassone
1499 2378 1784 2451 poterunt
1827 2374 2244 2443 sollicitudine,
2291 2377 2364 2432 ut
2400 2378 2460 2431 et
2491 2373 2607 2448 ipsi
2640 2372 2780 2430 illu-

190 2464 378 2534 eJ'ectus
427 2468 497 2521 et
540 2465 715 2521 exsul
763 2464 921 2522 inter
969 2484 1017 2522 a.
1076 2472 1440 2528 1316-19,
1498 2464 1708 2522 minati
1759 2464 1902 2522 alias
1951 2463 2285 2521 illuminare
2345 2461 2592 2538 possint,
2658 2461 2781 2520 sint

192 2548 310 2623 Ejus
350 2553 780 2611 commentaria
829 2550 1107 2635 (inedita)
1158 2553 1444 2611 dicuntur
1499 2553 1695 2612 seduli
1726 2552 2120 2612 defensores.‘
2189 2552 2529 2611 Notandum
2578 2556 2779 2608 tamen

194 2638 361 2698 brevia
387 2641 652 2718 quidem,
687 2642 791 2702 sed
824 2642 1062 2719 optima,
1111 2643 1445 2702 methodica
1497 2645 1607 2712 est,
1667 2661 1789 2703 non
1838 2641 1900 2701 in
1950 2641 2225 2702 omnibus
2275 2643 2403 2716 ejus
2452 2640 2779 2700 doctrinam

196 2733 241 2784 et
263 2729 520 2790 dilucida.
1497 2733 1733 2790 arisisse
1754 2732 2101 2791 doctoribus
2130 2731 2580 2807 parisiensibus.
2631 2730 2782 2788 Hine

1499 2822 1838 2897 Stephanus
1872 2821 2215 2897 Temperius
2259 2820 2574 2896 episcopus
2624 2819 2779 2895 pari-

268 2914 391 2970 250.
439 2909 521 2968 Ex
556 2911 768 2968 ordine
797 2929 842 2967 s.
874 2912 1195 2987 Auyustim'
1225 2911 1444 2986 prodiit
1499 2911 1707 2969 siensis
1724 2928 1795 2969 ex
1809 2910 2050 2970 illorum
2072 2909 2319 2968 consilio
2339 2909 2624 2984 quasdam
2640 2927 2777 2984 pro-

200 2992 464 3074 theologus
515 2999 806 3057 classicus
855 2999 1064 3073 primis
1112 2999 1443 3076 theologiae
1498 3000 1826 3075 positiones
1856 2999 2089 3057 censuit
2119 3000 2530 3074 reprobandas.
2600 2996 2780 3073 Aegi-

206 3083 533 3146 scholasticae
582 3087 982 3146 luminaribus
1025 3088 1440 3148 accensendus.
1497 3089 1629 3147 dius
1649 3107 1789 3148 vero
1808 3089 1944 3146 illas
1964 3089 2331 3164 argumentis
2364 3088 2640 3164 pluribus
2662 3085 2777 3144 lul-

212 3173 530 3248 Aegidius
599 3177 964 3235 Columna
1016 3171 1323 3260 (Colonna)
1372 3197 1441 3236 ex
1498 3178 1613 3237 cire
1647 3178 1898 3236 studuit.
1962 3177 2116 3235 Hinc
2158 3196 2252 3235 res
2281 3177 2524 3235 Romam
2565 3176 2776 3246 delata,

214 3261 519 3324 nobilissima
551 3266 1038 3325 columnensium
1085 3266 1310 3325 familia
1335 3286 1438 3325 na-
1497 3267 1717 3343 etipse
1765 3266 1840 3325 ad
1887 3268 2364 3324 retractationem
2411 3270 2683 3341 paratum
2717 3283 2779 3322 se

216 3357 287 3406 tus
319 3361 399 3410 est
428 3354 645 3413 Romae
676 3373 725 3412 a.
768 3364 931 3417 1247
987 3354 1109 3437 (vel
1139 3375 1185 3413 c.
1229 3359 1438 3432 1245),
1496 3356 1787 3423 exhibuit,
1835 3356 1886 3414 si
1929 3356 2279 3432 exigeretur.
2343 3355 2642 3413 Honorius
2680 3352 2775 3411 1v.

213 3437 288 3508 qui
336 3451 637 3517 propterea
698 3447 772 3502 ut
830 3443 1305 3522 distingueretur
1367 3446 1441 3503 ab
1498 3445 1807 3520 Ranulpho
1838 3444 2282 3503 Humblariensi
2316 3443 2604 3518 Stephani
2646 3460 2778 3500 suc-

214 3526 411 3602 Aegidio
428 3531 496 3590 de
526 3533 959 3598 Fuscariis‚
996 3534 1439 3593 Parisiensi
1497 3535 1714 3592 cessori
1748 3533 2004 3608 scripsit,
2056 3542 2127 3592 nt
2159 3534 2230 3591 de
2261 3533 2595 3608 theologiae
2639 3531 2776 3589 doc-

216 3619 313 3684 ?th
354 3618 717 3680 Romanus
785 3625 879 3680 est
938 3622 1150 3680 dictus.
1216 3623 1441 3698 Spretis
1496 3631 1695 3682 torum
1735 3623 1982 3681 consilio
2014 3622 2328 3698 Aegidium
2365 3621 2610 3697 juberet
2654 3639 2778 3678 om-

214 3704 354 3762 seculi
394 3708 697 3769 blanditiis
728 3719 789 3768 et
819 3709 1043 3770 deliciis
1080 3711 1319 3788 Juvenis
1350 3712 1439 3769 in·
1496 3713 1596 3770 nia
1626 3716 1964 3780 retractare,
2012 3730 2161 3785 quae
2207 3711 2280 3769 de
2326 3711 2596 3786 plurium
2641 3728 2774 3767 sen-

217 3809 404 3863 grcssus
431 3809 517 3857 est
546 3799 816 3858 ordinem
846 3801 1228 3860 eremitarum
1251 3820 1293 3858 s.
1318 3804 1441 3860 Au·
1496 3801 1687 3860 tentia
1736 3801 1846 3867 dan
1874 3800 2072 3859 nanda
2118 3795 2556 3880 viderentur⁸):
2617 3799 2776 3873 quod

219 3883 411 3951 gustini.
446 3889 749 3947 Ab-olutis
768 3891 830 3946 in
851 3889 1025 3947 Italia
1056 3889 1274 3948 studiis
1306 3890 1437 3965 phi·
1497 3891 1634 3964 pius
1652 3890 1974 3966 religiosus
1996 3889 2205 3948 fecisse
2224 3888 2477 3958 videtur,
2511 3888 2604 3946 vel
2625 3888 2777 3946 forte

221 3965 476 4044 losephicis
507 3979 579 4036 ab
610 3978 837 4037 ordinis
883 3980 1222 4054 praeposito
1259 3998 1440 4055 gene·
1496 3979 1765 4038 doctores
1779 3978 1863 4036 illi
1891 3979 2247 4037 sententiam
2269 3981 2607 4036 mutarunt:
2641 3996 2776 4035 nam

223 4056 304 4114 nli
347 4059 621 4125 Clemente
674 4068 1000 4127 Auximano
1061 4069 1283 4126 missus
1348 4074 1442 4126 est
1498 4104 1589 4109 —

223 4141 441 4220 Fuimus,
486 4159 551 4213 ut
594 4157 932 4232 theologiae
975 4176 1211 4232 operam
1256 4157 1438 4216 daret.
1575 4171 1611 4238 ¹)
1639 4167 1825 4237 Ipsius
1870 4169 2062 4221 tamen
2107 4184 2224 4220 non
2267 4169 2353 4220 est
2397 4169 2772 4234 Defensor-iam

226 4229 401 4296 Nactus
441 4261 478 4299 g,
510 4245 787 4304 'rhomam
821 4258 1259 4322 praeceptorem
1305 4265 1436 4305 cum
1496 4238 1612 4291 sive
1640 4238 2041 4293 correctorium
2069 4255 2167 4291 seu
2196 4237 2624 4308 castigatorium
2663 4253 2778 4289 cor-

228 4321 469 4388 sodalibus
488 4334 631 4411 Aug,
655 4335 981 4411 Triumpho
1011 4339 1073 4394 et
1102 4335 1223 4394 Jac·
1246 4335 1436 4394 viter,
1497 4310 1742 4392 ruptorii
1782 4311 1842 4364 ll.
1871 4328 1912 4366 a.
1951 4309 2198 4365 Thomae
2239 4314 2436 4390 contra
2478 4313 2541 4363 G.
2585 4307 2778 4360 Lama-

1495 4397 1554 4433 re
1599 4399 1671 4434 sis
1713 4380 1888 4436 theol.
1914 4380 2163 4435 Thomae
2202 4384 2458 4449 mastigis
2504 4388 2776 4447 corrupto·

233 4405 379 4472 bimi
451 4423 622 4482 miros
666 4425 767 4526 ‚³¹²
812 4422 963 4526 {ejus
1010 4419 1252 4526 :scholaj
1300 4425 1440 4526 fecit
1494 4457 1637 4506 rium
1668 4454 1761 4522 (cf.
1789 4468 1966 4522 supra
1992 4471 2046 4522 p.
2073 4457 2177 4509 387
2205 4456 2294 4522 a.).
2347 4451 2616 4521 ossinger
2641 4466 2774 4504 vero

234 4513 530 4579 Pmss'l'esffls,
562 4517 631 4572 ut
662 4518 823 4571 mter
850 4531 1074 4589 primos
1105 4532 1234 4589 ejus
1261 4514 1438 4572 disci·
1492 4522 1640 4577 illud
1669 4524 1912 4592 Aegidio
1941 4524 2222 4578 vindicat:
2272 4524 2355 4577 ita
2395 4528 2453 4577 et
2493 4522 2657 4576 Feret
2685 4523 2776 4585 111,

240 4589 368 4655 pulos
387 4607 719 4659 numeretur.
774 4602 970 4672 Huius
992 4602 1292 4662 Summam
1315 4622 1439 4661 ma..
1494 4599 1600 4652 570
1626 4612 1697 4653 s.:
1726 4594 2059 4649 'Piraboschi
2085 4599 2127 4651 t.
2152 4596 2248 4648 IV.
2275 4595 2310 4649 l.
2332 4601 2364 4651 2
2387 4613 2431 4649 c.
2454 4600 2483 4650 1
2509 4613 2563 4646 n.
2582 4598 2652 4649 20
2672 4597 2776 4646 etc.

242 4675 356 4737 ximo
396 4682 577 4746 habuit
619 4691 686 4748 in
732 4691 950 4750 honore
999 4711 1247 4766 eamque
1293 4680 1440 4750 citat
1569 4670 1609 4730 ἕ“)
1637 4667 1720 4720 Cf.
1749 4667 2111 4735 Raynaldum
2139 4667 2328 4719 annal.
2358 4684 2407 4719 a.
2434 4669 2574 4723 1285
2601 4682 2656 4716 n.
2683 4669 2776 4720 76:

1493 4739 1590 4791 sed
1617 4739 1688 4791 ef.
1716 4739 1888 4791 etiam
1931 4738 2101 4792 Ehrle
2147 4738 2421 4792 Stimmen
2467 4754 2569 4790 aus
2598 4736 2778 4789 Maria

252 4763 331 4820 sub
354 4776 552 4835 nomine
583 4779 848 4854 ,scripta
865 4781 1256 4840 communia.‘
1292 4782 1433 4839 Cum
1492 4809 1678 4863 Laach
1708 4815 1865 4866 1330.
1898 4815 1980 4875 13⁹
2008 4815 2139 4868 309:
2168 4826 2255 4878 ep·
2286 4809 2521 4862 Honoffi
2549 4807 2779 4861 exhibet

249 4864 347 4911 ’ἕω
396 4871 505 4933 Ρῡὸῒ
557 4867 809 4928 (1061οή8
872 4869 1124 4947 angelici
1185 4875 1436 4929 mortem
1492 4880 1710 4934 Denifle
1740 4880 1929 4936 Chart.
1959 4882 2127 4950 paria.
2158 4880 2198 4945 l,
2225 4884 2328 4936 633
2357 4899 2411 4935 n.
2440 4885 2560 4935 522.

410 4969 570 5035 Hortor,
598 4979 937 5027 Nomcuclator
964 4981 1007 5026 11
1035 4981 1110 5026 ed.
1140 4980 1188 5026 3.
2386 4974 2454 5024 16
