3475 5364
199 406 240 457 2
263 409 295 456 ⁴3
319 409 361 460 7
964 387 1333 453 Gislebertus,
1361 386 1548 457 Hugo,
1574 385 1879 452 Werricus,
1910 384 2149 439 Com-ad.
2734 404 2857 460 238

191 576 452 635 saltem
483 576 584 635 ubi
615 576 744 653 agit
773 576 847 635 de
866 575 1292 634 remotioribus
1325 575 1522 651 gentis
1579 573 1792 632 abbate
1827 572 2107 632 Garnerio
2158 573 2396 648 scripsit
2425 574 2730 631 historiam
2760 592 2858 631 ex-

192 667 488 738 polonae
559 665 955 741 temporibus,
1034 664 1270 724 fabellis
1285 660 1352 745 ²).
1436 699 1521 706 —
1578 664 1735 721 ordii
1780 659 2009 721 ordinis
2048 666 2120 721 et
2165 661 2347 720 vitam
2409 662 2672 720 virorum
2718 662 2857 720 illu-

193 754 360 812 Gis
384 755 456 812 le
475 755 699 814 bertu
716 772 744 813 s
822 754 1209 813 cancellarius
1285 752 1522 811 comitis
1577 747 1874 829 strium1).
1906 752 2092 819 Quem
2120 751 2183 808 in
2211 750 2387 810 finem
2409 751 2620 808 invisit
2638 750 2861 808 ordinis

195 842 635 911 hanoniensis,
698 844 1074 919 praepositus
1138 860 1181 900 s.
1245 841 1523 900 Germani
1578 840 1940 899 monasteria
1970 858 2076 915 per
2108 840 2355 898 Galliam
2388 842 2450 897 et
2473 839 2858 898 Germaniam.

193 932 559 991 montensis
594 929 657 1011 (†
678 951 725 991 o.
756 928 968 1012 1224),
1002 931 1353 1007 conscripsit
1372 931 1522 989 utile
1578 929 1863 988 Eberbaci
1914 928 2188 986 substitit
2248 929 2453 1003 ibique
2498 928 2722 987 electus
2770 931 2862 987 est

195 1026 272 1077 et
310 1025 669 1080 accuratum
701 1021 1050 1096 praesertim
1084 1019 1239 1078 circa
1269 1019 1523 1095 posteri·
1569 1020 1693 1093 jam
1744 1021 2056 1094 provectae
2106 1019 2320 1076 aetatis
2369 1018 2433 1076 in
2482 1017 2758 1075 abbatem
2808 1036 2857 1075 a.

199 1127 407 1167 orum
423 1129 712 1168 annorum
727 1115 915 1186 gesta,
932 1109 1330 1184 quorumipse
1346 1109 1521 1166 testis
1584 1116 1772 1175 1221,
1820 1106 1924 1165 sed
1970 1110 2031 1164 et
2078 1106 2282 1164 eodem
2317 1126 2365 1165 a.
2399 1109 2493 1165 est
2524 1105 2858 1164 defunctus.

197 1202 276 1255 et
315 1218 465 1272 pars
479 1200 616 1265 fuit,
633 1200 942 1257 chronicon
955 1199 1303 1256 bononiense
1325 1206 1521 1260 1086-
1579 1196 1744 1270 Opus
1776 1196 1936 1270 quod
1969 1195 2318 1253 intitulatur
2363 1193 2537 1253 modo
2578 1196 2646 1252 de
2675 1196 2862 1254 initiis

209 1298 240 1347 1
266 1298 297 1347 1
318 1297 407 1350 95
429 1284 695 1369 (omissis
712 1287 1146 1346 vetustioribus
1169 1282 1282 1367 ed.)
1317 1286 1379 1344 in
1396 1287 1521 1344 MG.
1583 1284 1646 1343 Ο.
1685 1270 1843 1354 Uisa]
1897 1285 2070 1342 modo
2101 1283 2348 1343 Initium
2382 1284 2447 1342 0.
2480 1282 2632 1359 cist„
2686 1284 2859 1342 modo

198 1375 380 1443 XXI,
416 1385 808 1446 481—c‹»1;
855 1381 918 1434 et
948 1376 1192 1434 seorsim
1232 1386 1397 1439 1869
1431 1374 1520 1433 ed.
1577 1374 1911 1432 Exordium
1987 1391 2261 1449 maynum
2336 1391 2440 1434 seu
2502 1374 2701 1448 majus
2765 1372 2861 1452 (ut

201 1484 248 1521 a
285 1464 383 1521 W.
415 1461 714 1544 Arndt2);
746 1465 1148 1523 recentissime
1179 1483 1395 1541 magna
1425 1484 1519 1521 ac-
1577 1463 1992 1539 distinguatur
2053 1462 2127 1519 ab
2176 1462 2429 1520 Exordio
2487 1481 2668 1537 parvo
2719 1479 2858 1521 anc-

200 1554 540 1613 curatione
572 1555 634 1612 L
659 1553 1200 1621 Vander-Kindere,
1222 1553 1521 1611 Bruxellis
1577 1552 1725 1610 toris
1758 1546 2064 1629 anonymi)
2099 1551 2511 1626 complectitur
2540 1571 2588 1608 a.
2623 1560 2703 1613 40
2740 1556 2859 1609 est-

213 1652 423 1705 1904.
458 1676 549 1685 —
580 1642 872 1718 Excerpta
917 1642 1221 1700 annalium
1264 1642 1518 1700 ratisbo-
1577 1660 1693 1715 que
1745 1639 2085 1714 compilatio
2134 1639 2425 1698 factorum
2476 1644 2537 1698 et
2580 1640 2859 1716 legenda-

205 1732 512 1790 nensium
561 1726 925 1812 (1—1201)
975 1731 1386 1789 continuatore
1420 1728 1521 1811 (ab
1577 1748 1709 1787 rum
1733 1729 2147 1803 visionumque
2178 1729 2439 1788 virorum
2473 1728 2697 1787 ordinis
2719 1728 2860 1787 illu-

213 1841 274 1877 a.
325 1817 738 1900 1174-1202)
771 1820 1094 1896 Hugone
1127 1820 1199 1877 de
1229 1819 1518 1878 Lerchen·
1579 1819 1812 1887 atrium,
1848 1836 2000 1893 quae
2032 1818 2253 1892 absque
2278 1817 2508 1892 judicio
2541 1818 2744 1881 critico
2765 1818 2860 1892 pie

207 1908 338 1967 felt
365 1909 657 1968 canonico
698 1908 1095 1967 ratisbonensi
1144 1905 1206 1989 (†
1238 1926 1285 1965 c.
1327 1904 1519 1987 1216)
1578 1906 1858 1966 credulus
1878 1906 2201 1982 eollegerat
2231 1908 2301 1964 ad
2338 1906 2668 1983 legentium
2699 1906 2859 1965 aedi-

209 1997 471 2056 exhibet
550 1997 944 2056 Wattenbach
1018 1997 1083 2055 in
1144 1998 1268 2055 ΜΘ.
1336 1996 1518 2067 XVII,
1577 1996 1912 2054 ficationem
1943 1997 2004 2052 et
2035 1995 2100 2053 in
2130 2013 2226 2053 sex
2250 1995 2640 2054 distribuerat
2654 1995 2715 2052 ll.
2738 1995 2857 2068 Sti-

218 2097 309 2148 57
323 2096 626 2155 7—5903
678 2086 879 2161 aliqua
910 2086 1088 2144 etiam
1120 2089 1294 2144 antea
1325 2086 1520 2144 Boeh-
1576 2086 1673 2142 lus
1706 2089 1799 2143 est
1830 2084 2038 2152 durus,
2072 2089 2248 2143 notae
2282 2084 2725 2160 chronologicae
2756 2082 2858 2141 de—

212 2194 353 2233 mer
372 2176 602 2233 Fontes
620 2175 728 2244 111,
753 2184 1074 2239 488—95.
1100 2208 1189 2218 -·
1221 2174 1517 2244 Quaedam
1578 2176 1752 2231 sunt:
1804 2192 1927 2232 non
1958 2177 2160 2248 tamen
2207 2174 2366 2230 caret
2411 2173 2632 2248 pretio:
2679 2172 2860 2231 fontis

216 2264 411 2322 habes
435 2267 502 2322 in
533 2264 695 2322 Hen
714 2264 861 2321 rici
894 2265 966 2322 de
996 2263 1341 2339 Antwerpia
1359 2264 1519 2339 prio·
1576 2266 1637 2320 et
1669 2262 2021 2336 exemplaris
2064 2262 2253 2319 instar
2285 2264 2411 2319 erat
2441 2280 2548 2337 pro
2582 2260 2861 2335 operibus

213 2353 310 2411 ris
358 2360 436 2410 tr.
485 2354 558 2410 de
601 2355 860 2427 captione
904 2353 1066 2411 urbis
1095 2353 1523 2429 Brundenbury
1577 2350 2103 2428 gemini8.Prodiit
2119 2351 2380 2425 primum
2416 2346 2546 2431 (sed
2563 2355 2633 2408 ut
2651 2350 2862 2408 dicunt

219 2440 382 2522 (HG.
419 2441 599 2510 XXV,
625 2436 1000 2520 482÷484)
1033 2441 1106 2499 de
1139 2441 1319 2516 hujus
1351 2441 1520 2500 urbis
1577 2441 1641 2497 in
1674 2439 1850 2498 initio
1866 2439 2141 2498 nonnihil
2175 2459 2208 2497 a
2235 2433 2410 2497 textu
2440 2439 2715 2515 originali
2746 2438 2859 2496 im-

217 2532 588 2606 episcopatu
649 2532 712 2588 et
754 2530 1002 2589 ecclesia
1048 2529 1387 2588 cathedrali.
1433 2564 1518 2574 —
1577 2524 1906 2607 mutatum)
1958 2529 2072 2586 sub
2120 2527 2536 2603 inscriptione:
2587 2527 2861 2587 Exordio

220 2619 580 2677 Werrico
615 2619 770 2678 OSB.
793 2619 994 2677 abbati
1010 2615 1337 2701 lobiensi(1
1361 2629 1474 2682 181
1495 2651 1517 2663 ·
1574 2638 1620 2675 s.
1653 2619 1780 2680 ord.
1814 2617 1972 2692 cist„
2018 2617 2274 2675 alterum
2326 2614 2388 2699 (i.
2436 2635 2482 2674 e.
2517 2612 2792 2698 parvum)
2827 2636 2860 2674 a

227 2705 432 2788 1204)
500 2709 724 2767 tribuit
784 2708 990 2767 Heller
1055 2705 1244 2767 Vitam
1295 2709 1520 2767 Alberti
1576 2725 1621 2766 s.
1668 2708 1943 2776 RobertO,
1993 2725 2038 2765 s.
2071 2707 2366 2776 Alberico,
2416 2725 2460 2764 s.
2495 2706 2795 2782 Stephano
2807 2702 2857 2785 ²)

218 2797 498 2873 episcopi
526 2798 848 2856 leodiensis
883 2795 944 2878 (†
979 2807 1076 2859 24.
1109 2797 1260 2856 Nov.
1303 2792 1517 2877 1192),

218 2906 408 2962 quam
444 2887 577 2963 ipse
608 2887 838 2962 primus
871 2885 1060 2945 edidit
1088 2886 1150 2944 in
1183 2886 1309 2944 MG.
1343 2887 1517 2955 XXV,
1657 2897 1691 2965 ,1)
1719 2892 1801 2948 Cf.
1831 2892 1889 2947 F.
1926 2893 2017 2946 W.
2058 2892 2120 2946 Ε.
2162 2893 2313 2949 Roth
2353 2893 2486 2948 hist.
2525 2894 2720 2950 Jahrb.
2762 2895 2863 2948 der

232 2984 311 3038 13
321 2986 445 3038 5-—
465 2985 569 3044 68,
615 2978 679 3034 et,
723 2994 876 3049 quae
920 2974 1072 3033 forte
1116 2994 1235 3034 non
1281 2978 1375 3034 esf,
1405 2974 1521 3033 nisi
1578 2964 2114 3046 Gfirres·Geflellsch3
2138 2969 2295 3029 1886,
2322 2966 2444 3030 VH,
2471 2970 2667 3022 221·26
2696 2966 2860 3046 {Valde

221 3065 640 3139 fragmentum
658 3065 851 3139 operis
866 3064 1120 3139 majoris·
1153 3064 1288 3122 Alia
1318 3082 1518 3122 recen,
1576 3039 1841 3090 accurate
1869 3036 1937 3089 de
1965 3052 2031 3089 eo
2059 3035 2427 3091 d1sserentem
2455 3053 2585 3091 cum
2611 3053 2860 3107 assigna-

220 3155 317 3212 sio
381 3152 697 3229 prodierat
735 3153 861 3228 jam
911 3152 1174 3211 auctario
1217 3152 1524 3211 illust-rata
1576 3106 2467 3248 nogegfflgffifflffiegognomenm
2502 3178 2554 3231 Η
2570 3195 2603 3231 a
2620 3197 2647 3231 1.
2663 3178 2699 3232 d
2716 3179 2737 3232 i
2752 3200 2791 3235 n
2806 3199 2860 3249 g,

222 3241 438 3301 studio
484 3242 644 3300 Anb.
680 3241 902 3309 Miraei,
948 3241 1312 3317 Antverpiae
1353 3251 1515 3304 1612
1577 3250 1812 3304 natione
1861 3249 2087 3319 Anglus
2149 3250 2368 3320 primus
2432 3249 2720 3320 ingressus
2778 3254 2863 3304 est

221 3351 265 3390 n
300 3341 359 3394 8,
1577 3319 1988 3374 monasterium
2020 3319 2420 3375 molesmense:
2461 3322 2557 3375 sed
2601 3320 2859 3376 arctioris

1577 3390 1916 3461 disciplinae
1957 3391 2236 3445 desiderio
2278 3409 2406 3445 cum
2435 3391 2681 3446 Roberto
2709 3391 2857 3447 aliis-

326 3500 472 3554 134.
494 3490 536 3549 C
553 3509 586 3549 o
601 3510 646 3548 n
661 3509 737 3548 ra
751 3490 789 3548 d
804 3509 887 3549 us
920 3490 1158 3549 natione
1176 3491 1519 3557 GermanuS,
1578 3480 1689 3531 ΨΘ
1721 3462 2014 3545 ΒΡΨἘῙΠΟΠΒ
2043 3462 2223 3517 CiSfffl'
2227 3462 2377 3514 cium
2407 3479 2462 3516 ⁸9
2484 3462 2734 3544 cophili?
2758 3464 2857 3543 tbi·

1578 3550 1688 3602 que
1732 3536 1905 3586 initia
1948 3535 2268 3604 posuerunt
2308 3533 2660 3587 celeberrimi
2705 3534 2856 3588 illius

221 3579 562 3652 monaehus
584 3578 1082 3648 Olmevanen⁸i⁸⁹
1105 3579 1380 3638 hortante
1412 3595 1521 3636 ⁸¹²⁰
1578 3605 1910 3660 monasterii
1951 3608 2147 3676 (1098).
2199 3607 2367 3657 Anno
2409 3609 2548 3661 1109
2588 3605 2855 3660 constitu·

1577 3679 1669 3730 tus
1709 3678 1797 3731 est
1819 3676 2012 3741 abbas,
2052 3676 2144 3728 cui
2186 3674 2463 3745 dignitati
2497 3676 2856 3730 renunciavit

305 3753 341 3814 ¹]
373 3752 546 3803 Brere
581 3750 662 3817 (et
689 3764 803 3801 non
829 3746 1026 3816 magni
1052 3745 1347 3817 momenti)
1373 3750 1522 3800 clero·
1578 3751 1716 3804 1133
1745 3753 1791 3818 (†
1817 3751 1905 3803 28.
1932 3747 2098 3800 Mart.
2126 3749 2302 3816 1134).
2332 3746 2457 3816 Ipse
2482 3746 2700 3817 recepit
2719 3752 2854 3804 1112

224 3827 384 3874 nfccm
425 3823 692 3872 veterum
721 3818 987 3871 Austriae
1028 3817 1421 3871 marchionum
1466 3820 1525 3870 et
1578 3837 1619 3871 s.
1644 3818 1997 3871 Bernardum
2027 3836 2156 3871 cum
2183 3821 2254 3873 30
2280 3816 2476 3878 sociis:
2522 3818 2642 3888 ipse
2669 3819 2855 3872 condi-

223 3891 444 3945 ducum
487 3889 531 3944 C
549 3907 581 3942 o
601 3888 823 3942 nradi
853 3890 893 3942 1.
934 3889 1002 3942 de
1029 3888 1404 3958 Wizzenberg
1427 3889 1521 3942 ab·
1577 3889 1668 3942 dit
1704 3893 1946 3943 chortam
1985 3894 2248 3952 caritatis,
2290 3904 2436 3956 quae
2480 3890 2616 3943 novi
2645 3890 2853 3944 ordinis

226 3962 380 4015 batis
406 3959 776 4015 mellicensis.
826 3963 892 4013 ut
915 3961 1096 4014 fertur
1123 3965 1170 4030 (ἡ
1195 3961 1373 4030 1203),
1401 3959 1522 4015 scil.
1577 3959 2020 4014 constitutiones
2058 3977 2109 4013 a.
2135 3964 2207 4016 30
2245 3960 2507 4014 continet
2530 3960 2852 4029 librumque

223 4052 260 4087 a
297 4032 600 4102 Leopoldo
626 4033 671 4085 L
709 4030 781 4084 ad
823 4031 1174 4101 Leopoldum
1204 4032 1297 4085 vl.
1340 4030 1525 4084 edidit
1577 4049 1788 4085 usuum
1804 4049 1902 4084 seu
1920 4032 2139 4085 rituum
2158 4032 2221 4085 Ο.
2239 4029 2374 4085 Cist.
2391 4030 2703 4085 Exordium
2725 4049 2853 4087 vero

227 4104 295 4158 H.
316 4104 360 4157 P
379 4120 410 4155 e
428 4121 457 4155 z
486 4108 529 4156 t.
548 4103 588 4167 1,
603 4107 805 4159 290-94
821 4101 1015 4171 script.
1031 4119 1220 4156 rerum
1238 4100 1521 4167 austriac.,
1577 4119 1821 4173 parvum
1874 4120 1986 4157 non
2033 4108 2120 4155 est
2160 4102 2359 4171 ipsius.
2411 4103 2494 4157 Cf.
2534 4103 2578 4155 B
2598 4121 2634 4156 u
2653 4121 2677 4156 s
2694 4121 2718 4155 s
2736 4121 2765 4158 e
2810 4105 2862 4156 ll

223 4175 460 4246 Lipsiae
482 4179 622 4231 1721
645 4194 658 4232 z
684 4190 815 4227 cum
843 4172 1078 4244 prolixis
1097 4172 1524 4227 commentariis
1576 4182 1603 4240 ς
1630 4178 1788 4230 1043.
1840 4175 1964 4243 Ipse
1991 4173 2294 4243 descripsit
2318 4173 2601 4244 integram
2620 4193 2661 4226 s.
2679 4175 2859 4246 Scrip-

225 4251 292 4300 A.
319 4247 394 4300 de
422 4244 685 4299 Meiller:
727 4243 915 4298 Ueber
948 4245 1050 4298 das
1081 4243 1259 4297 Breve
1299 4243 1522 4298 chroni·
1577 4249 1765 4298 turam
1792 4245 1854 4298 in
1881 4262 2109 4299 suorum
2143 4244 2450 4300 utilitatem
2469 4246 2632 4302 t.4in
2650 4246 2688 4300 f.
2718 4246 2859 4300 Cum

224 4334 332 4373 con
375 4316 650 4370 Austriae
692 4315 1035 4379 mellicense,
1080 4315 1521 4369 Denkschriften
1577 4333 1709 4370 vero
1737 4316 1800 4369 in
1826 4316 2181 4370 dissonantia
2202 4316 2545 4385 exemplaria
2566 4316 2860 4381 incideret,

225 4390 326 4443 cler
351 4386 594 4441 Wiener
640 4386 821 4441 Akad.
865 4390 905 4440 t.
931 4386 1146 4447 XV111;
1185 4386 1248 4441 in
1271 4385 1399 4440 MG.
1426 4385 1521 4440 SS.
1576 4387 1697 4451 illo,
1740 4388 1893 4455 quod
1938 4386 2138 4440 ceteris
2178 4387 2405 4457 plenius
2444 4390 2749 4456 repererat,
2775 4392 2862 4441 est

225 4459 432 4522 XXIV.
458 4464 695 4516 69—71.
1576 4475 1730 4511 usus.
1783 4458 1868 4513 Ob
1895 4459 2042 4511 hanc
2070 4461 2261 4511 tamen
2302 4458 2715 4512 dissonantiam
2744 4461 2861 4512 tur-

297 4537 341 4603 2)
371 4529 457 4584 Cf.
504 4530 731 4582 Arthur
773 4526 1073 4581 Hantke
1116 4527 1220 4581 Die
1266 4526 1521 4582 Ch‘ronik
1579 4531 1746 4584 batus
1773 4528 2023 4583 consulit
2048 4528 2298 4583 Judaeos
2336 4529 2565 4598 peritoS,
2612 4529 2713 4599 qui
2742 4531 2860 4583 suis

227 4602 324 4656 des
365 4599 657 4655 Gislebert
700 4615 815 4653 von
857 4597 1038 4663 Mons,
1082 4598 1307 4670 Lipsiae
1348 4602 1520 4658 1871:
1577 4600 1739 4654 codd.
1766 4599 2043 4654 consultis
2071 4599 2200 4653 illas
2225 4605 2434 4670 partes,
2462 4605 2696 4671 propter
2717 4619 2859 4668 quas

227 4675 316 4730 Fr.
347 4671 627 4725 Wachter
669 4669 788 4724 Der
818 4669 1035 4724 Einfluss
1063 4671 1162 4724 der
1188 4669 1520 4726 nationalen
1577 4672 1936 4736 turbabatur,
1964 4687 2079 4724 non
2106 4674 2457 4741 repererunt.
2485 4671 2630 4726 Hinc
2649 4672 2778 4725 illas
2795 4675 2863 4725 ut

229 4744 346 4797 und
389 4741 720 4797 klerikalen
747 4740 1015 4811 Stellung
1043 4739 1107 4794 Ο.
1133 4759 1185 4796 v.
1214 4740 1376 4794 Mons
1420 4740 1527 4794 auf
1577 4742 1893 4813 superfluas
1910 4741 2156 4796 sollicite
2181 4742 2414 4806 abrasit,
2431 4746 2500 4796 ut
2518 4742 2637 4813 ipse
2666 4747 2863 4797 narrat

229 4811 1520 4883 s.Geschichtsschreibungdiss.,Halae1879;
1576 4813 1637 4866 in
1684 4829 1792 4883 ep„
1833 4830 2006 4883 quam
2054 4812 2211 4883 prius
2257 4813 2439 4867 edidit
2484 4813 2590 4866 Ma
2609 4813 2801 4867 billo
2821 4832 2859 4866 n

229 4885 615 4940 wattenbach
639 4883 784 4955 allg.
812 4882 867 4936 d.
883 4882 1075 4953 Biogr.
1092 4884 1184 4948 IX,
1204 4887 1340 4944 203;
1368 4881 1522 4937 Pott·
1578 4885 1638 4938 in
1666 4903 1800 4955 opp.
1827 4903 1868 4938 s.
1896 4884 2190 4948 Bernardi,
2219 4884 2483 4941 Chronol.
2512 4902 2555 4937 s.
2583 4883 2860 4938 Bernardi

228 4958 358 5011 hast
382 4974 518 5028 pag.
543 4960 674 5013 531.
1577 4974 1632 5026 p.
1659 4956 1754 5009 XI.
1804 4957 1998 5026 Ipsum
2038 4955 2190 5009 illud
2231 4954 2516 5023 exemplar
2550 4955 2739 5008 adhue
2779 4973 2860 5010 re·
