3475 5364
670 346 793 399 447
907 332 1277 385 1276—1300.
1290 325 1939 397 Theologiapastoralis.
1957 325 2280 390 Monaldus,
2298 326 2659 392 Laurentius,
2677 329 3064 382 Humbertus.
3181 347 3298 400 443

668 518 946 575 cumenta
975 519 1035 573 et
1067 514 1353 573 formulae
1378 509 1514 595 (61)
1540 532 1645 590 pro
1677 514 1844 589 praxi
1875 514 1947 573 il·
2003 514 2276 573 doctrina
2319 514 2642 573 christiana
2686 515 2842 573 clare
2873 515 3216 574 admodum
3242 524 3300 575 et

669 605 788 664 lius
826 605 1112 679 temporis
1158 603 1572 679 poenitentiali
1605 608 1667 661 et
1700 603 1949 662 historia
2001 603 2306 680 eleganter
2335 621 2444 679 pro
2476 622 2544 662 ea
2573 606 2789 673 aetate,
2825 604 2934 663 sed
2970 608 3041 662 et
3075 605 3300 662 erudite

666 694 951 770 pastorali
971 712 1090 752 non
1111 694 1237 751 sine
1255 694 1446 768 pretio
1467 696 1637 751 sunt:
1671 693 1808 751 hinc
1827 692 1947 751 Eu·
2002 692 2344 767 explicatur,
2408 692 2567 750 unde
2628 692 2733 751 diu
2795 692 2915 753 fuit
2973 693 3300 753 admodum

667 784 765 841 bel
790 784 852 841 Ο.
884 783 1020 840 Min.
1056 782 1553 858 poenitentiarius
1585 782 1945 857 apostolicus
1999 782 2284 858 vulgatus
2333 784 2395 840 et
2443 781 2603 856 apud
2664 786 2984 859 magnates
3057 782 3298 841 celeber.

668 892 797 930 eam
829 873 1088 947 primum
1120 871 1305 929 edidit
1335 872 1397 929 in
1419 872 1634 929 Archiv
1664 872 1763 929 fiir
1781 871 1942 930 kath.
2000 870 2307 930 Innumeri
2356 871 2741 947 reperiuntur
2800 872 3092 947 ejusdem
3145 871 3296 931 codi-

668 961 1092 1020 Kirchenrecht
1141 960 1483 1037 Moguntiae
1547 969 1709 1024 1890
1762 964 1806 1019 t.
1862 970 1943 1023 64
1999 978 2125 1027 ces;
2171 959 2499 1034 impressus
2543 978 2683 1018 vero
2727 960 2848 1018 fuit
2893 976 3061 1039 (gnon
3109 966 3298 1019 tamen

667 1071 719 1126 p.
776 1059 942 1113 3-7
955 1061 1009 1113 0.
1071 1050 1203 1108 Alia
1259 1049 1522 1125 ejusdem
1572 1049 1794 1125 scripta
1840 1054 1946 1109 aut
1998 1046 2257 1132 integer)
2293 1049 2532 1108 Parisiis
2574 1054 2828 1109 exeunte
2874 1068 2997 1108 sec.
3056 1049 3178 1108 XV.
3211 1050 3296 1108 in-

666 1140 889 1197 inedita
935 1140 1141 1207 latent,
1193 1142 1298 1198 aut
1346 1144 1418 1197 ut
1461 1140 1658 1214 inquit
1718 1139 1943 1197 Paulus
1998 1138 2258 1212 scriptus
2299 1138 2385 1196 La
2419 1137 2643 1197 Summe
2673 1140 2772 1197 des
2802 1141 2950 1198 vices*
2985 1148 3042 1197 et
3079 1146 3298 1209 verius,-

667 1229 963 1288 Cortesius
989 1229 1091 1297 ‚in
1111 1228 1421 1303 publicum
1442 1228 1817 1304 supposititii
1836 1246 1943 1287 no·
1999 1230 2060 1286 et
2088 1227 2278 1301 prime
2310 1227 2436 1285 vice
2458 1246 2502 1285 s.
2525 1227 2558 1286 l.
2581 1230 2643 1284 et
2661 1248 2709 1286 a.
2730 1229 2965 1308 (1481)
3006 1228 3296 1303 inscripta

664 1318 1237 1393 minisusurpatione
1255 1317 1605 1393 prodierunt
1616 1326 1663 1373 ⁴⁵.
1680 1342 1748 1349 -·
1769 1317 1865 1384 ,M
1879 1330 1948 1376 o-·
1999 1315 2232 1374 Summe
2248 1317 2318 1374 de
2336 1310 2483 1392 Roy.
2502 1349 2590 1359 —
2605 1317 2661 1375 Η
2676 1337 2717 1375 u
2733 1337 2793 1376 m
2808 1318 2847 1376 b
2862 1336 2896 1375 e
2911 1338 2946 1375 r
2961 1324 2992 1375 t
3009 1337 3057 1375 u
3074 1337 3103 1376 s
3139 1336 3148 1381 ι
3169 1318 3296 1375 Um·

665 1407 947 1465 naldus
978 1406 1040 1464 Ο.
1062 1406 1153 1463 Fr.
1176 1406 1314 1464 Min.
1347 1400 1941 1489 (Justinopolitanus.
2000 1405 2222 1467 bertus.
2246 1403 2571 1478 Imber-tus)
2602 1406 2675 1464 de
2709 1406 2995 1465 Roman
3016 1408 3039 1465 i
3058 1425 3108 1469 s.
3144 1404 3292 1481 quod

665 1496 818 1572 Capo
849 1495 904 1552 d'
924 1492 1127 1573 Istria)
1162 1496 1476 1572 theologus
1499 1499 1559 1553 et
1571 1496 1791 1570 jurista
1808 1514 1943 1553 eru-
1998 1498 2091 1553 est
2121 1494 2406 1570 oppidum
2437 1494 2500 1552 in
2521 1491 2936 1577 Delphinatu).
2977 1496 3151 1554 inter
3180 1494 3292 1553 exi·

663 1584 1011 1651 ditissimus,
1075 1584 1311 1660 ingenio
1375 1584 1627 1651 subtilia,
1694 1584 1943 1642 scientia
2000 1583 2148 1641 mios
2210 1583 2332 1641 ord.
2385 1583 2588 1641 Praed.
2650 1583 2845 1644 adhuc
2907 1583 3292 1661 assurgentis

665 1674 871 1739 clarus,
921 1692 1189 1732 sermone
1221 1673 1620 1736 scholasticus.
1655 1674 1713 1731 in
1749 1673 1943 1731 decla·
1997 1672 2154 1731 viros
2187 1672 2402 1730 merito
2432 1672 2856 1735 numerandus,
2901 1674 3158 1732 studuit
3188 1673 3286 1730 Pa·

662 1763 893 1821 mandis
925 1762 1297 1820 sermonibus
1329 1764 1400 1820 ad
1432 1763 1724 1838 populum
1758 1764 1942 1821 excel·
1997 1760 2159 1820 risiis
2209 1761 2552 1820 adolescens
2601 1766 2664 1820 et
2712 1762 2936 1821 artium
3005 1764 3292 1838 magister

664 1852 843 1910 lentis
889 1852 1219 1910 industriae
1262 1852 1371 1921 vir,
1418 1851 1606 1909 edidit
1634 1870 1742 1927 pro
1775 1852 1940 1909 utili·
1999 1851 2299 1908 laureatus
2350 1851 2583 1909 easdem
2633 1852 2939 1926 professus
2990 1856 3088 1911 est
3137 1851 3284 1909 etin

660 1943 787 1999 tate
819 1941 1171 2016 simplicium
1205 1940 1385 1998 etiam
1416 1941 1605 1999 doctis
1637 1958 1757 1998 non
1778 1958 1941 2017 sper·-
1990 1940 2128 2013 jure
2159 1938 2443 1998 canonico
2474 1939 2713 1999 auditor
2741 1940 2862 2000 fuit
2893 1941 3187 2018 Hugonis
3221 1938 3288 1995 de

661 2030 856 2088 nenda
899 2030 1201 2106 opuscula,
1228 2030 1448 2104 quibus
1478 2033 1540 2087 et
1570 2048 1728 2088 nunc
1772 2049 1940 2104 prae·
1997 2031 2050 2087 S.
2084 2028 2269 2086 Charo
2303 2025 2513 2108 (supra
2541 2048 2596 2105 p.
2633 2027 2805 2110 339).
2870 2030 3169 2089 Ordinem
3200 2030 3280 2086 in·

662 2118 932 2177 sentibus
954 2122 1014 2177 et
1033 2120 1208 2196 longe
1229 2121 1432 2194 postea
1450 2118 1671 2177 suturis
1703 2119 1942 2176 utiliter
1997 2135 2238 2192 gressus
2271 2136 2315 2175 c.
2347 2137 2395 2175 a.
2426 2126 2587 2180 1225
2626 2137 2819 2178 sacras
2852 2120 3073 2178 literas
3106 2120 3286 2177 fertur

661 2208 923 2283 providit
954 2253 966 2265 .
1002 2253 1014 2265 .
1049 2253 1060 2264 .
1094 2207 1435 2265 Necessaria
1478 2210 1540 2266 et
1585 2208 1942 2282 perpulchra

661 2298 913 2357 Summa
968 2299 1124 2370 juris
1200 2298 1461 2355 canonici
1473 2294 1585 2372 ‘¹).
1662 2317 1720 2354 m
1740 2296 1938 2355 onal-

662 2386 871 2451 dina,
924 2390 985 2443 et
1034 2388 1210 2444 etiam
1262 2404 1443 2444 aurea
1493 2385 1667 2443 dicta.
1731 2386 1816 2443 Ea
1847 2390 1939 2444 est

660 2476 946 2533 concinna
977 2480 1038 2532 et
1069 2475 1235 2532 utilis
1281 2475 1637 2549 compilatiO.
1687 2493 1809 2549 qua
1843 2494 1936 2533 or·

660 2564 795 2621 dine
829 2564 1196 2640 alphabetico
1208 2565 1311 2639 jus
1334 2564 1678 2622 canonicum
1698 2564 1762 2621 in
1782 2581 1939 2621 com-

658 2653 941 2729 pendium
988 2653 1226 2730 redigit,
1275 2654 1411 2712 hinc
1445 2673 1479 2711 a
1510 2653 1816 2712 nonnullis
1848 2653 1937 2711 di-

658 2743 818 2800 citur
837 2743 1013 2800 etiam
1035 2743 1274 2800 Summa
1288 2762 1531 2802 casuum
1546 2745 1935 2801 conscientiae.

658 2831 728 2888 In
748 2850 820 2890 ea
837 2832 1095 2890 multum
1130 2833 1325 2891 utitur
1345 2831 1587 2890 Summa
1607 2831 1938 2906 Rsymundi

636 2922 718 2977 et
749 2920 1004 2979 Goffredi
1035 2922 1289 2995 aliisque
1320 2921 1660 2979 canonistis.
1709 2921 1938 2978 Prodiit

655 3009 934 3086 Lugduni
960 3021 976 3070 1
997 3020 1140 3073 516.
1175 3010 1513 3068 Elaboravit
1528 3014 1590 3067 et
1605 3009 1718 3067 alia
1739 3026 1934 3083 opera.

654 3099 813 3157 inter
861 3118 1014 3174 quae
1064 3104 1125 3156 et
1173 3099 1623 3158 commentarios
1676 3099 1737 3155 in
1788 3108 1824 3159 4
1874 3098 1934 3155 ll.

654 3188 1103 3247 sententiarum.
1137 3187 1337 3246 omni'a
1366 3187 1609 3246 inedita.
1658 3186 1791 3262 Ipse
1837 3187 1936 3245 de·

654 3277 829 3334 cessit
852 3277 975 3351 jam
1009 3282 1145 3336 ante
1178 3296 1226 3335 a.
1270 3286 1451 3340 1285.

747 3465 890 3518 235.
954 3456 1046 3513 Ad
1078 3450 1414 3531 theoloqiam
1455 3456 1808 3534 pastoralem
1840 3473 1930 3512 re-

652 3544 795 3602 ferri
827 3549 1077 3620 possunt
1112 3544 1591 3602 Laurentius
1632 3543 1694 3601 Ο.
1730 3543 1932 3601 Praed.

652 3633 920 3692 Gallus
999 3633 1468 3708 cognominatus,
1536 3633 1629 3690 vir
1688 3631 1931 3708 pietate,

653 3722 926 3781 doctrina
957 3728 1018 3780 et
1063 3742 1260 3780 rerum
1308 3721 1672 3798 agendarum
1722 3722 1934 3796 peritia

653 3812 865 3880 clarus,
901 3811 1182 3887 Philippo
1201 3810 1304 3868 111.
1339 3810 1561 3868 Galliae
1594 3810 1722 3887 regi
1744 3830 1776 3867 a
1796 3827 1933 3869 con·

650 3901 1024 3960 sessionibus.
1104 3901 1275 3976 cujus
1345 3900 1524 3975 jussu
1601 3900 1934 3974 composuit

652 3990 828 4047 Livre
876 3990 975 4047 des
1026 3992 1169 4047 vices
1219 3996 1269 4046 et
1316 3990 1415 4047 des
1459 3996 1665 4065 verius,
1718 3989 1782 4046 in
1816 4007 1933 4063 quo

731 4181 767 4244 ¹)
788 4179 869 4230 lta
898 4177 1244 4230 'Prithemius
1261 4180 1531 4248 (erronee)
1549 4177 1619 4229 ad
1638 4195 1686 4230 a.
1707 4180 1846 4232 1330
1866 4177 1935 4230 de

650 4249 845 4318 script.
869 4249 1000 4304 eccl.
1029 4267 1073 4303 c.
1091 4254 1212 4305 576.
1241 4248 1499 4303 Ceterum
1522 4252 1709 4301 noster
1737 4248 1934 4301 distin-

649 4321 913 4386 guendus
949 4323 1035 4374 est
1059 4338 1093 4373 a
1114 4320 1382 4375 Monaldo
1410 4320 1465 4372 M
1484 4336 1515 4373 o
1534 4338 1570 4371 u
1588 4338 1621 4371 a
1637 4320 1656 4372 l
1673 4320 1708 4372 d
1727 4337 1757 4373 e
1774 4338 1798 4372 s
1816 4337 1842 4372 c
1861 4319 1934 4372 hi

652 4385 713 4447 O.
742 4392 879 4446 Min.
908 4394 1161 4446 dalmata
1186 4391 1535 4460 archiepisco
1581 4409 1613 4444 o
1660 4392 1934 4444 beneven-

1996 2206 2315 2265 tradidisse
2368 2206 2550 2265 variis
2599 2209 2663 2283 in
2714 2209 2869 2268 locis.
2959 2209 3275 2282 Postquam

1996 2294 2224 2370 aliquot
2238 2294 2681 2371 provinciarum
2695 2297 2954 2373 praesset
2964 2316 3140 2356 uram
3157 2312 3276 2372 ges·

1996 2384 2092 2449 sit,
2127 2388 2474 2460 assumptus
2506 2391 2600 2444 est
2629 2407 2677 2444 a.
2707 2396 2870 2449 1254
2907 2386 2984 2445 ad
3022 2382 3276 2445 universi

1994 2472 2219 2532 ordinis
2271 2474 2555 2547 regimen.
2620 2494 2755 2534 nam
2815 2495 3002 2551 ,prae
3056 2472 3274 2532 cunctis

1994 2563 2395 2638 generationis
2443 2563 2625 2640 hujus
2671 2565 2866 2641 gratia
2914 2565 3025 2623 Dei
3073 2565 3274 2639 plenus

1997 2649 2196 2732 (erat),
2249 2671 2403 2727 quae
2440 2670 2577 2712 vere
2609 2653 2670 2713 in
2705 2672 2772 2713 eo
2801 2654 3052 2713 lucebat
3068 2662 3113 2710 ‘.
3176 2651 3269 2710 Or·

1994 2742 2190 2799 dinem
2251 2741 2552 2816 sapienter
2611 2743 3069 2819 prudenterque
3133 2742 3270 2800 rexit

1992 2831 2443 2905 composuitque
2463 2831 2888 2892 dissensionem
2909 2832 3199 2908 grandem
3215 2833 3272 2886 et

1991 2937 2252 2995 gravem.
2300 2939 2451 2995 quae
2495 2921 2655 2979 inter
2699 2922 3024 2999 magistros
3071 2917 3267 2997 parisi·

1993 3027 2163 3067 enses
2184 3012 2243 3066 et
2261 3008 2474 3067 fratres
2491 3009 2771 3068 ordinum
2803 3009 3262 3070 mendicantium

1992 3097 2364 3156 machinante
2397 3098 2689 3158 Guilelmo
2721 3099 2794 3159 de
2815 3101 3043 3159 Sancto
3065 3102 3264 3157 Amore

1993 3190 2122 3244 orta
2153 3187 2362 3245 fuerat.
2429 3188 2571 3246 Post
2616 3188 2987 3248 novennium
3021 3209 3069 3246 a.
3112 3192 3258 3250 1263

1993 3294 2271 3352 supremo
2302 3276 2676 3352 magistratu,
2712 3277 2818 3352 qui
2851 3295 3122 3337 summae
3153 3273 3257 3332 uti·

1992 3364 2176 3423 litatis
2223 3364 2342 3423 fuit
2374 3370 2434 3423 et
2465 3366 2797 3442 splendoris
2842 3386 2951 3443 pro
3001 3367 3258 3426 universo

1991 3454 2212 3522 ordine,
2247 3473 2308 3512 se
2339 3454 2666 3513 abdicavit:
2719 3455 2990 3515 oblatum
3026 3456 3137 3515 sibi
3164 3471 3253 3528 pa·

1989 3542 2380 3602 triarchatum
2409 3562 2452 3601 s.
2474 3544 2738 3603 civitatis
2768 3544 3107 3605 Jerusalem
3138 3559 3253 3601 nec·

1989 3650 2109 3691 non
2131 3635 2193 3690 et
2221 3632 2627 3708 episcopatum
2659 3634 2861 3693 tenuit
2893 3632 3250 3705 decessitque

1988 3721 2203 3796 plenus
2219 3722 2427 3780 diebus
2443 3721 2796 3798 meritisque
2821 3734 2914 3785 14.
2927 3725 3027 3782 vel
3050 3736 3065 3785 l
3088 3733 3135 3785 5.
3147 3719 3180 3777 J
3184 3716 3249 3776 ul

1998 3819 2181 3873 1277.
2245 3810 2494 3885 Scripsit
2507 3807 2552 3892 ¹)
2585 3812 2654 3869 de
2684 3813 3013 3872 eruditione
3041 3808 3248 3888 praedi·

1990 3906 2253 3957 catorum
2282 3900 2339 3956 ll.
2375 3903 2416 3956 2
2448 3917 2556 3958 seu
2587 3899 2661 3960 de
2698 3904 2826 3958 arte
2872 3894 3246 3977 praedicandi,

1991 3989 2317 4047 Barcinone
2357 4000 2521 4051 1607
2546 3989 2611 4047 in
2633 4000 2687 4051 4.
2710 3991 3041 4065 praemissa
3069 3993 3248 4048 aucto·

1991 4078 2070 4135 ris
2101 4078 2225 4136 vita
2255 4080 2316 4135 et
2348 4077 2411 4134 in
2444 4077 2587 4135 bibl.
2620 4079 2874 4137 maxima
2910 4080 3019 4138 ΡΡ.
3054 4074 3244 4153 lugdu·

1989 4167 2163 4225 nensi
2195 4173 2235 4224 t.
2258 4166 2428 4234 XXV,
2469 4176 2852 4236 420—567;
2887 4168 2924 4225 l.
2960 4170 3106 4228 alter
3132 4170 3240 4222 tan·

1989 4260 2120 4314 tum
2152 4255 2528 4333 Hagenoviae
2567 4266 2767 4324 1508;
2801 4257 3067 4316 Venetiis
3104 4259 3236 4318 1603

1991 4346 2103 4403 sub
2150 4346 2329 4403 titulo
2376 4345 2678 4403 Sermones
2723 4346 2771 4403 b.
2805 4346 3111 4406 Humberti
3149 4349 3234 4397 etc·

651 4469 785 4517 ωηο
827 4469 872 4533 (ψ
915 4469 1103 4524 1331i2
1145 4481 1179 4516 a
1219 4465 1271 4518 b.
1313 4463 1523 4524 Mona
1576 4463 1661 4517 do
1705 4464 1767 4516 o,
1797 4462 1932 4516 Min.
1991 4433 2235 4492 Constat
2263 4452 2414 4509 opus
2438 4454 2536 4511 pp·
2562 4444 2618 4504 2,
2653 4454 2908 4509 quarum
2941 4437 3125 4513 prima
3152 4445 3237 4488 ⁵0¹²

655 4537 1027 4593 anconitano,
1055 4527 1157 4602 qui
1184 4535 1328 4588 obiit
1352 4539 1567 4601 martyr
1592 4535 1748 4602 apud
1777 4533 1934 4588 Sara·
1990 4524 2026 4580 l.
2083 4536 2133 4585 1.
2181 4524 2252 4582 de
2300 4523 2761 4599 praedicationis
2812 4525 3149 4585 excellentia
3187 4518 3234 4573 et

648 4623 816 4661 cenos
862 4613 945 4663 15.
993 4607 1155 4662 Mart.
1204 4612 1372 4662 1314:
1417 4623 1451 4659 a
1491 4606 1759 4658 Monaldo
1806 4605 1933 4659 Μο-

575 4737 584 4747 ‚
647 4678 863 4732 naldi
904 4681 963 4733 O.
992 4679 1130 4732 Min.
1175 4677 1463 4740 PerusinO,
1507 4694 1535 4730 e
1579 4678 1771 4746 iscopo
1800 4677 1933 4730 mel·

648 4750 888 4820 phitano
916 4761 961 4820 st
992 4755 1166 4820 1332).
1208 4749 1289 4804 Cf.
1328 4748 1489 4802 Esser
1570 4749 1627 4804 L.
1654 4754 1732 4808 8²,
1763 4753 1930 4806 1767:

646 4823 877 4877 Schulte
908 4822 973 4886 11,
998 4826 1105 4877 414
1130 4839 1230 4880 ss.;
1268 4820 1542 4875 Dietterle
1570 4821 1673 4874 Die
1700 4820 1931 4872 franzia·

648 4894 955 4948 kanischen
985 4893 1250 4947 Summae
1291 4894 1671 4947 confessorum
1703 4908 1832 4960 pag.
1863 4893 1928 4946 11.

1988 4631 2232 4672 munere
2278 4631 2384 4670 seu
2428 4613 2620 4671 officio
2667 4613 2859 4689 deque
2907 4615 3140 4673 dotibus
3176 4603 3231 4663 ad

1989 4826 2102 4947 „03
2131 4817 2212 4873 Cf.
2241 4817 2498 4883 QuetifL
2519 4823 2797 4879 141—48;
2826 4818 2992 4873 Feret
3013 4818 3230 4876 1149&-

1985 4911 2017 4946 ε)
2094 4933 2105 4944 .
