3475 5364
490 322 651 377 1135
1130 309 1500 363 1501—1520.
1528 284 1823 377 Scriptura
1849 323 1890 359 s.
1919 305 2201 371 Ximeues,
2229 305 2470 373 Annius,

2939 324 2960 374 1
2982 323 3101 375 136

576 500 720 555 540.
752 490 948 549 Natus
979 494 1071 549 est
1101 487 1624 573 Franciscus1)
1650 491 1766 550 Xi·
1791 490 1801 518 ⁸
1825 500 1878 554 8.
1912 491 2058 551 Nov.
2103 502 2262 554 1517
2300 511 2348 550 a.
2369 492 2583 550 aetatis
2606 500 2725 560 82„
2747 491 2887 549 hinc
2904 493 3104 550 actum

480 598 735 639 menes
825 580 898 637 de
983 580 1251 639 Cisneros
1324 580 1768 657 Turrelagunae
1822 580 1892 639 de
1912 580 2042 655 ejus
2063 598 2242 639 causa
2258 580 2494 650 Romae,
2529 580 2632 639 sed
2651 580 2777 639 sine
2795 596 3102 639 successu:

494 679 674 738 1436,
737 668 800 726 in
860 668 1158 745 baptismo
1219 668 1412 728 dictus
1468 669 1764 729 Gonzalez.
1820 672 2021 727 tamen
2064 670 2128 727 in
2173 670 2449 744 pluribus
2495 669 2936 745 martyrologiis
2986 669 3102 727 his·

485 757 714 817 Studiis
766 775 1005 832 operam
1057 758 1223 817 dedit
1271 759 1588 834 Compluti,
1642 759 1765 817 Sal·
1820 758 1992 834 panis
2039 758 2197 817 inter
2241 762 2480 818 sanctos
2527 762 2902 829 recensetur„
2934 762 2995 816 et
3037 758 3101 815 in

482 847 772 906 manticae
803 849 863 904 et
892 847 1126 916 Romae,
1159 847 1264 906 ubi
1295 848 1478 907 etiam
1490 848 1555 906 in
1571 847 1766 906 causis
1821 846 2093 921 pluribus
2123 848 2268 906 locis
2315 850 2386 906 ut
2435 850 2673 906 sanctus
2703 847 2934 906 colitur.
2996 848 3100 905 Al-

482 936 796 995 actitandis
828 953 889 994 se
921 936 1201 995 exercuit.
1235 937 1378 995 Post
1407 936 1670 995 reditum
1700 936 1766 994 in
1821 935 2032 1011 phonsi
2093 935 2339 1005 Tostati‚
2402 937 2741 1013 Raymundi
2784 936 2945 995 Lulli
2991 938 3100 994 etc.

480 1025 738 1102 patriam
780 1024 982 1083 tristia
1023 1024 1235 1084 incidit
1278 1025 1414 1094 fata,
1462 1027 1765 1102 conjectus
1821 1042 1997 1100 opera
2026 1025 2360 1084 recudenda
2376 1026 2626 1095 curavit,
2658 1025 2962 1102 liturgiam
2977 1044 3099 1084 mo·

481 1116 639 1172 enim
699 1113 820 1172 fuit
880 1113 945 1172 in
996 1132 1289 1174 carcerem
1337 1115 1411 1174 ab
1460 1115 1765 1190 Alphonso
1819 1113 2146 1174 zarabicam
2177 1116 2555 1183 restauravit,
2607 1115 2747 1173 hinc
2779 1115 3013 1173 Missale
3041 1118 3103 1173 et

484 1203 696 1263 Carillo
727 1202 1163 1280 archiepiscopo
1202 1203 1481 1273 toletan0,
1515 1207 1765 1279 totoque
1821 1203 2173 1261 breviarium
2221 1204 2647 1263 mozarabicum
2694 1204 2855 1280 typis
2899 1203 3100 1273 edidit,

482 1292 758 1367 sexennio
779 1292 1075 1362 detentu8‚
1100 1312 1251 1369 quae
1271 1294 1466 1352 fusius
1482 1294 1764 1370 prosequi
1820 1292 2182 1352 academiam
2195 1294 2666 1369 complutensem
2682 1292 2958 1351 fundavit
2976 1294 3102 1352 suis

479 1399 600 1441 non
631 1383 724 1440 est
754 1384 1045 1441 nostrum.
1077 1383 1129 1439 A
1160 1382 1336 1442 Petro
1357 1383 1639 1441 Gonzalez
1670 1402 1764 1442 ar·
1820 1382 2092 1453 expensis
2143 1383 2236 1441 vir
2279 1401 2416 1442 vere
2466 1401 2734 1460 magnae,
2785 1382 3103 1459 Hispaniae

482 1470 852 1546 chiepisoopo
899 1470 1215 1546 hispalensi
1263 1472 1339 1530 ob
1385 1472 1765 1547 prudentiam
1818 1471 2009 1547 gloria
2023 1467 2087 1551 ¹).

484 1560 782 1634 animique
832 1559 998 1618 dotes
1045 1560 1307 1637 insignes
1367 1561 1591 1620 electus
1652 1564 1763 1632 est,

483 1648 598 1706 etsi
617 1648 859 1718 invituS,
882 1648 1141 1707 vicarius
1162 1651 1452 1726 generalis
1483 1652 1765 1710 dioecesis

1915 1659 1947 1711 5
1959 1657 2029 1711 41
2048 1693 2059 1705 .
2076 1648 2147 1707 In
2163 1648 2442 1708 universa
2465 1650 2586 1708 fere
2604 1649 2790 1708 biblia
2809 1667 3104 1708 commen-

483 1736 850 1815 seguntinae.
915 1736 1030 1796 Sed
1091 1741 1227 1814 post
1291 1739 1521 1816 aliquot
1577 1758 1766 1799 annos
1819 1737 1974 1796 taria
2004 1756 2271 1797 exarasse
2306 1734 2578 1820 (inedita)
2622 1739 2844 1815 legitur
2883 1738 2922 1797 J
2937 1756 3103 1797 oan-

480 1825 702 1887 mundo
717 1827 1162 1903 honoribusque
1181 1828 1514 1888 valedicens
1535 1829 1766 1906 ingres-

482 1934 582 1974 sus
604 1916 970 1975 estordinem
986 1934 1029 1974 s.
1048 1917 1347 1976 Francisci
1366 1917 1562 1977 dictus
1582 1920 1764 1978 Fran·

481 2005 669 2063 ciscus
687 1999 842 2087 (148
854 2001 935 2085 4).
969 2005 1113 2064 Prae
1121 2006 1234 2065 suit
1252 2008 1572 2066 conventui
1591 2028 1769 2084 guar·

480 2093 693 2152 dianus
725 2096 786 2151 et
817 2094 1090 2153 minister
1124 2096 1461 2171 provinciae
1497 2098 1765 2156 castella-

480 2201 609 2251 nae,
632 2182 917 2241 Isabellae
954 2184 1194 2259 reginae
1228 2185 1553 2245 Catholicae
1584 2186 1703 2245 fuit
1734 2206 1769 2244 a

481 2271 967 2332 confessionibus
1031 2273 1368 2333 Conventus
1412 2274 1632 2334 ordinis
1664 2296 1770 2352 per

482 2360 833 2437 Hispaniam
852 2380 972 2420 non
992 2362 1374 2423 obstantibus
1399 2365 1631 2441 magnis
1653 2365 1766 2423 dif-

481 2446 849 2510 ficultatibus
898 2451 1240 2512 reformavit
1289 2456 1468 2529 atque
1515 2452 1588 2512 ad
1621 2454 1768 2531 rigi-

481 2538 616 2597 dam
648 2538 995 2616 disciplinae
1044 2542 1486 2601 observantiam
1531 2542 1771 2601 reduxit

483 2628 756 2690 omnibus
820 2628 947 2706 ipse
1007 2629 1202 2689 factus
1263 2630 1552 2708 regularis
1608 2632 1768 2692 vitae

481 2718 789 2795 exemplar.
839 2719 1082 2777 Praeter
1111 2737 1346 2779 omnem
1376 2723 1768 2796 exspectatio-

481 2825 617 2866 nem
650 2811 864 2883 rogatu
894 2809 1132 2883 reginae
1172 2808 1370 2868 dictus
1401 2814 1492 2869 est
1522 2811 1596 2869 ab
1629 2811 1768 2871 Ale-

482 2895 705 2955 xandro
767 2895 863 2954 VI.
925 2897 1400 2974 archiepiscopus
1468 2900 1770 2958 toletanus

485 2981 507 3065 (
522 2997 541 3046 1
557 2994 637 3048 49
649 2982 731 3065 5),
749 2987 810 3042 et
825 2985 1061 3043 nonnisi
1079 2987 1445 3046 obedientiae
1460 2992 1770 3064 praecepto

484 3076 718 3132 coactus
734 3075 963 3132 tantam
980 3074 1222 3134 admisit
1242 3076 1597 3153 dignitatem
1615 3098 1629 3136 z
1665 3078 1767 3136 sed

483 3164 543 3221 et
575 3162 638 3220 in
668 3165 792 3220 tam
811 3162 1055 3221 sublimi
1077 3164 1213 3224 sede
1233 3167 1597 3225 constitutus
1618 3187 1768 3243 pau-

485 3269 684 3326 perem
715 3250 1017 3328 cogitabat
1064 3254 1249 3312 vitam
1280 3254 1495 3315 ducere
1528 3261 1590 3315 et
1621 3275 1767 3315 non-

482 3340 601 3398 nisi
662 3341 926 3400 monitus
976 3362 1010 3400 a
1058 3343 1332 3418 pontifice
1391 3345 1767 3419 splendorem

483 3429 779 3504 quendam
831 3430 1089 3500 admisit,
1139 3432 1242 3491 sed
1283 3436 1521 3493 tantum
1570 3435 1768 3510 quoad

484 3519 733 3596 speciem
766 3523 1083 3580 externam.
1118 3522 1413 3583 Sollicitus
1451 3524 1767 3584 admodum

482 3608 601 3667 fuit
631 3607 702 3668 de
733 3608 1139 3670 restaurandis
1171 3612 1438 3672 moribus
1487 3617 1549 3672 et
1588 3613 1765 3672 disci·

483 3698 648 3773 plina
693 3699 1086 3759 ecclesiastica
1135 3701 1325 3775 deque
1374 3702 1596 3761 studiis
1627 3721 1768 3778 pro-

480 3788 805 3847 movendis.
858 3788 947 3846 Ob
982 3789 1136 3848 sedis
1167 3790 1460 3849 toletanae
1492 3791 1766 3867 splendo-

484 3895 624 3947 rem,
659 3882 790 3936 tum
822 3878 897 3936 ob
929 3897 1096 3937 suam
1128 3879 1191 3937 in
1218 3879 1492 3955 gerendis
1510 3881 1768 3958 negotiis

483 3966 897 4025 dexteritatem
930 3966 992 4024 in
1024 3967 1391 4044 gravissimis
1437 3973 1631 4029 status
1660 3989 1766 4029 ne-

482 4055 659 4131 gotiis
691 4054 808 4113 fuit
838 4055 1158 4124 adhibitus,
1192 4056 1429 4115 demum
1461 4059 1641 4117 etiam
1673 4078 1765 4118 re-

482 4144 576 4220 gis
608 4144 767 4202 vices
800 4144 924 4221 egit
969 4144 1032 4202 in
1080 4164 1262 4223 regno
1314 4148 1633 4208 castellano
1665 4148 1764 4207 de-

483 4233 688 4292 functo
734 4232 1103 4292 Ferdinando
1151 4254 1302 4311 rege.
1364 4238 1539 4297 Anno
1597 4248 1759 4301 1507

483 4320 676 4381 dictus
708 4325 803 4380 est
832 4342 867 4381 a
896 4322 1060 4383 Julio
1080 4323 1155 4382 ΙΙ.
1176 4325 1517 4386 Cardinalis.
1552 4327 1768 4403 Magna

483 4411 669 4486 gessit
716 4411 830 4470 etsi
872 4413 999 4488 jam
1048 4432 1240 4484 senex,
1292 4434 1444 4490 quae
1493 4417 1764 4475 consulto

481 4501 1025 4576 praetermittimus,
1119 4504 1380 4563 Decessit
1455 4524 1572 4564 non
1636 4506 1765 4564 sine

481 4591 697 4649 veneni
731 4592 1065 4666 suspicione
1106 4593 1168 4650 in
1220 4592 1396 4651 odore
1430 4595 1765 4654 sanctitatis

561 4801 598 4865 ⁸)
628 4796 877 4850 Alterius
940 4796 1030 4849 Fr.
1082 4796 1414 4851 Ximenii
1465 4797 1528 4853 Ο.
1569 4798 1622 4854 S.
1672 4801 1763 4855 Fr.

483 4871 530 4930 (†
558 4873 719 4940 1409)
747 4883 921 4936 supra
939 4869 1060 4935 jam
1090 4868 1452 4923 meminimus
1479 4888 1535 4940 p.
1563 4875 1684 4928 776.

1821 1844 1954 1885 nes
2003 1827 2056 1886 N
2077 1828 2275 1899 anni,
2327 1828 2433 1903 qui
2483 1828 2861 1904 antiquitatis
2909 1845 3104 1886 amore

1821 1915 2016 1975 voluit
2047 1916 2164 1974 dici
2207 1917 2525 1986 Annius,
2572 1917 2637 1976 Ο.
2670 1917 2876 1977 Praed.
2921 1916 3104 1977 viter-

1823 2004 2047 2063 biensis
2079 2024 2134 2063 n.
2169 2023 2214 2064 c.
2255 2015 2443 2075 1432,
2477 2007 2732 2082 scriptor
2761 2006 2933 2065 valde
2964 2024 3103 2082 ope-

1823 2111 2010 2164 rosuS,
2074 2094 2417 2171 linguarum
2494 2095 2675 2154 etiam
2725 2095 3103 2155 orientalium

1823 2184 2070 2258 peritus,
2104 2183 2263 2243 Sixto
2293 2183 2391 2242 IV.
2423 2187 2486 2242 et
2516 2184 2847 2244 Alexandro
2878 2184 2975 2243 VI.
3008 2201 3101 2243 ac-

1822 2275 2048 2348 ceptus,
2083 2292 2117 2331 a
2145 2292 2266 2349 quo
2286 2273 2512 2332 electus
2535 2278 2629 2333 est
2659 2274 2724 2332 in
2754 2274 3107 2350 magistrum

1822 2380 1864 2419 s.
1898 2361 2126 2436 palatii.
2188 2362 2437 2438 Legitur
2483 2362 2556 2420 de
2604 2381 2673 2421 eo
2714 2363 2779 2421 in
2809 2363 2975 2422 Actis
3007 2362 3103 2420 SS.

1823 2450 1898 2509 ad
1933 2459 2031 2513 20.
2066 2450 2197 2526 Maj.
2221 2451 2308 2510 'in
2352 2451 2480 2511 vita
2523 2451 2577 2509 b.
2612 2452 2929 2510 Columbae
2959 2451 3104 2510 Rea-

1822 2539 2004 2609 tinae,
2027 2558 2162 2598 eum
2183 2540 2365 2616 hujus
2387 2540 2594 2600 beatae
2613 2540 2889 2617 precibus
2907 2541 3105 2599 subito

1823 2647 1857 2687 a
1887 2628 2122 2689 diutina
2170 2629 2488 2690 liberatum
2532 2630 2719 2689 fuisse
2759 2629 3105 2690 infirmitate

1825 2714 1888 2799 (†
1950 2728 2044 2782 13.
2097 2719 2242 2778 Nov.
2302 2716 2512 2800 1502).
2592 2719 2999 2779 Viterbienses
3049 2720 3104 2778 ei

1825 2811 2155 2882 posuerunt
2170 2811 2431 2868 statuam
2462 2810 2525 2867 in
2535 2808 2932 2885 praetorianis
2947 2809 3105 2872 aedi-

1822 2895 1951 2955 bus.
1987 2896 2233 2973 Scripsit
2250 2901 2556 2974 praeterea
2586 2900 2655 2957 de
2681 2899 2906 2971 futur-123
2922 2899 3103 2957 chris-

1823 2987 2118 3044 tianorum
2148 2988 2462 3061 triumphi-3
2489 2987 2553 3045 in
2584 2987 2807 3047 Turcos
2839 2991 2900 3047 et
2935 2988 3104 3046 Sara-

1824 3092 2016 3144 cenos,
2051 3075 2288 3134 Genuae
2326 3085 2491 3141 1480
2526 3077 2590 3134 in
2625 3086 2680 3137 4.
2714 3077 2780 3135 in
2824 3086 2858 3139 3
2893 3096 3010 3152 pp.,
3042 3077 3106 3134 in

1823 3182 2076 3241 quarum
2116 3176 2166 3228 1.
2199 3166 2493 3241 percurrit
2539 3165 2905 3237 brevissime,
2956 3184 3106 3241 quae

1825 3257 1999 3312 antea
2029 3252 2292 3330 theologi
2336 3259 2739 3330 exposuerunt
2777 3255 2850 3314 de
2880 3257 3106 3331 Apoca-

1822 3342 1982 3418 lypsi
2027 3361 2218 3419 usque
2269 3344 2344 3402 ad
2389 3362 2434 3403 c.
2479 3354 2572 3408 15.
2620 3363 2750 3403 cum
2784 3363 2840 3419 q.
2872 3363 2951 3403 an
2980 3344 3106 3403 Ma-

1822 3431 2072 3490 humeth
2117 3432 2198 3490 sit
2245 3451 2423 3492 verus
2473 3433 2897 3503 antichristum
2948 3433 3014 3491 in
3051 3442 3105 3495 2.

1823 3520 2123 3579 subinfert
2172 3521 2434 3581 breviter
2482 3526 2767 3599 tempora,
2820 3540 2972 3598 quae
3014 3521 3106 3580 illi

1823 3609 2170 3686 exponenda
2217 3611 2595 3688 reliquerunt
2625 3632 2661 3671 a
2691 3614 2866 3686 capta
2896 3611 2999 3671 ΟΡ.
3033 3611 3108 3670 ad

1821 3698 1998 3757 finem
2031 3700 2216 3758 seculi
2234 3704 2447 3775 estque
2468 3701 2929 3761 commentarius
2947 3703 3106 3777 Apo-

1821 3788 2074 3864 calypsis
2117 3809 2151 3846 a
2197 3807 2242 3847 c.
2289 3801 2357 3852 16
2396 3790 2470 3849 ad
2502 3790 2708 3861 finem3
2757 3790 2821 3849 in
2857 3798 2911 3852 3.
2944 3808 2998 3866 p.
3032 3793 3104 3848 tr.

1821 3878 1892 3934 de
1921 3880 2165 3951 imperio
2196 3879 2514 3949 turcorum,
2561 3898 2738 3955 quem
2774 3883 2949 3939 antea
2978 3878 3104 3938 edi-

1821 3966 1990 4026 derat
2037 3971 2100 4026 et
2146 3968 2212 4027 in
2260 3968 2620 4028 lectionibus
2679 3969 2915 4045 publice
2963 3987 3106 4045 prae

1898 4163 1937 4228 ¹)
1966 4154 2049 4212 Cf.
2090 4155 2287 4210 Hefele
2327 4155 2438 4210 Der
2477 4154 2641 4211 Card.
2680 4155 2945 4212 Ximenes
2988 4154 3107 4209 und

1822 4226 1914 4280 die
1940 4227 2144 4282 kirchl.
2183 4227 2468 4282 Zustande
2511 4229 2790 4299 Spaniens
2828 4245 2921 4281 am
2949 4226 3108 4281 Ende

1822 4299 1919 4352 des
1946 4304 2030 4356 15.
2061 4299 2180 4354 und
2208 4300 2476 4369 Anfauge
2502 4299 2601 4353 des
2634 4304 2721 4357 16.
2747 4299 2959 4363 Jahrb„
3000 4298 3108 4352 Tn-

1821 4370 2031 4442 bingen
2063 4375 2198 4428 1851
2220 4390 2234 4437 ς
2262 4375 2319 4425 et
2342 4371 2406 4425 in
2431 4370 2545 4425 KL.
2569 4371 2713 4437 XII2,
2735 4373 3107 4428 1831—1837.

1822 4441 1975 4512 Eggs
2019 4442 2192 4512 Purp.
2238 4443 2405 4498 docta
2446 4442 2487 4504 1,
2528 4443 2606 4496 IV
2656 4460 2712 4498 n.
2752 4447 2815 4502 2:
2861 4443 3109 4496 Alvarus

1821 4513 2028 4571 Gomez
2056 4515 2125 4568 de
2153 4516 2347 4569 Castro
2388 4513 2457 4568 de
2498 4514 2666 4568 rebus
2698 4515 2872 4584 gestis
2901 4513 2986 4571 Fr.
3015 4512 3108 4567 Xi-

1823 4585 1996 4639 menii
2037 4588 2141 4640 etc.
2194 4584 2488 4656 Compluti
2524 4590 2696 4644 1569:
2746 4584 3108 4641 Francot'urti

1823 4660 1957 4714 1581
1990 4660 2048 4711 et
2074 4661 2214 4715 1603
2232 4657 2293 4711 iu
2310 4657 2651 4712 collectione
2666 4659 2981 4722 auctorum,
3004 4657 3107 4724 qui

1820 4745 1907 4782 res
1933 4729 2205 4808 hispanas
2231 4729 2597 4800 scripserunt,
2626 4745 2770 4801 opus
2798 4728 2953 4797 quod
2983 4727 3106 4781 Nic.

1819 4802 2107 4854 Antonius
2124 4800 2435 4871 plurimum
2450 4800 2944 4857 commendatBib.
2957 4799 3105 4869 hisp.

1819 4889 1877 4927 n.
1906 4876 1955 4935 1,
1983 4876 2069 4928 59.
