3475 5364
634 370 756 424 587

1103 354 1473 408 1326—1350.
1504 349 1696 404 Itiner.
1724 353 1784 404 et
1807 350 2049 404 historia
2078 351 2195 404 ord.
2224 348 2646 404 Kuchimeister
2673 352 2779 403 etc.

3153 365 3261 417 5⁸9

626 538 924 596 hortatur.
959 536 1199 594 Tractat
1230 536 1426 611 ipsum
1447 554 1598 611 opus
1620 536 1693 594 de
1715 539 1909 594 terrae
1969 535 2555 594 Kuchimeister
2630 536 2778 594 civis
2856 534 3265 611 sangallensis,

627 629 859 685 sanctae
889 625 1334 699 recuperatione
1366 629 1427 684 et
1446 626 1910 697 conservatione,
1969 628 2144 699 cujus
2197 627 2292 683 est
2343 625 2637 700 scriptum
2669 624 2863 683 Niiwe
2913 624 3107 682 Casus
3156 641 3267 680 mo·

628 716 911 790 illiusque
957 713 1266 772 historiam
1311 713 1385 772 ad
1417 733 1466 772 a.
1507 723 1673 776 1320
1718 732 1913 788 usque
1969 714 2211 772 nasterii
2246 733 2292 776 s,
2324 714 2479 772 Galli
2512 710 3012 796 (1226—1329)
3050 713 3117 770 in
3140 712 3265 770 nit-

627 804 1009 882 persequitur
1053 821 1179 862 cum
1233 804 1495 877 ejusdem
1543 803 1915 863 Palaestinae
1968 802 2318 879 theilungen
2368 822 2472 861 zur
2521 804 2728 861 vaterl.
2776 802 3142 861 Geschichte
3184 800 3267 859 ed.

627 897 690 952 et
749 893 1077 951 vicinarum
1141 893 1453 968 regionum
1515 892 1914 968 descriptione
1968 892 2024 950 J.
2058 891 2424 969 Hardegger,
2460 891 2558 950 SS.
2591 892 2746 950 Galli
2786 901 2957 957 1862
2995 911 3061 966 p·
3104 901 3263 956 1454:

627 981 1018 1059 geographica
1079 983 1141 1038 et
1202 982 1431 1056 mappis
1492 982 1914 1059 geographicis
1970 984 2032 1039 et
2065 982 2147 1043 St.
2182 980 2482 1040 Gallische
2533 980 3142 1056 Geschichtsquellen
3184 979 3262 1036 ed.

627 1071 843 1133 tribus.
878 1069 1040 1128 Obiit
1070 1073 1208 1146 post
1242 1079 1341 1132 30.
1379 1072 1508 1128 Dec.
1551 1080 1743 1133 1337.
1776 1072 1911 1130 Dis-

627 1160 825 1237 tingui
860 1159 1034 1218 debet
1065 1178 1099 1216 a
1130 1159 1423 1218 Marino
1457 1159 1714 1217 Sanud
1737 1178 1771 1218 o
1810 1162 1906 1236 ju·

629 1249 794 1307 niore
825 1248 1049 1324 pariter
1077 1248 1328 1322 patricio
1361 1252 1571 1307 veneto
1607 1245 1668 1330 (†
1699 1245 1911 1330 1535),

627 1337 734 1413 qui
766 1337 995 1396 celeber
1026 1336 1143 1395 fuit
1188 1336 1703 1414 historiographus
1735 1357 1912 1396 vene-

628 1433 727 1486 tus
740 1423 805 1506 ¹).
844 1460 922 1470 -—
959 1426 1154 1484 Etiam
1203 1426 1322 1485 duo
1374 1426 1605 1486 sodales
1660 1427 1725 1485 Ο.
1773 1428 1911 1486 Min.

629 1515 885 1576 Simon
917 1515 1086 1573 Fitz
1118 1515 1419 1574 Simeon
1451 1520 1514 1574 et
1545 1516 1596 1573 Η
1620 1535 1768 1593 ugo
1813 1516 1913 1573 Il·

627 1605 1061 1664 luminator
1110 1604 1226 1663 iter
1265 1604 1487 1681 agressi
1522 1609 1666 1663 sunt
1697 1605 1763 1662 in
1795 1608 1913 1664 ter-

627 1713 755 1752 ram
800 1698 1063 1752 sanctam
1110 1697 1172 1751 et
1215 1693 1608 1752 Palaestinam
1663 1690 1719 1776 (1
1737 1690 1911 1776 320),

629 1783 801 1857 cujus
851 1782 1172 1857 descriptio
1223 1780 1510 1863 prodiit2)
1561 1782 1912 1861 Cambridge

638 1879 819 1942 1778,
882 1875 944 1931 et
1004 1890 1071 1929 ex
1135 1874 1303 1946 parte
1355 1873 1418 1930 in
1469 1872 1913 1948 Retrospective

629 1961 864 2019 Beview
903 1969 1068 2023 1828
1105 1979 1158 2035 p.
1198 1968 1519 2023 232-54.
1560 1993 1636 2002 -—-
1674 1961 1911 2020 Tertius

629 2049 844 2108 sodalis
876 2049 929 2106 N
944 2049 1221 2108 icolaus
1255 2049 1330 2108 da
1351 2050 1708 2126 Poggibonsi
1727 2048 1788 2128 (a
1804 2052 1913 2109 Po·

628 2133 984 2220 diobonitio)
1032 2138 1249 2214 oppido
1285 2138 1532 2197 ditionis
1564 2139 1912 2199 florentinae

634 2227 947 2303 descripsit
1008 2227 1169 2285 culto
1232 2245 1499 2286 sermone
1562 2246 1739 2287 suum
1799 2230 1913 2288 iter

636 2311 1068 2396 (1342-1345)
1088 2315 1378 2374 interram
1401 2319 1664 2375 sanctam
1683 2318 1748 2375 in
1767 2318 1915 2377 libro

632 2405 961 2464 Oleramare
994 2423 1114 2463 cur.
1153 2405 1286 2467 Alb.
1321 2406 1532 2464 Bacchi
1566 2405 1721 2464 della
1736 2407 1909 2484 Lega.

627 2495 928 2553 Bononiae
957 2503 1115 2557 1881
1158 2497 1200 2555 t.
1225 2505 1258 2554 2
1293 2495 1356 2552 in
1390 2506 1460 2562 43
1495 2497 1556 2552 et
1579 2495 1704 2569 jam
1741 2502 1914 2554 antea

628 2583 854 2659 absque
915 2582 1174 2641 auctoris
1237 2582 1494 2653 nomine,
1559 2584 1637 2645 ib.
1710 2594 1873 2647 1867
1898 2608 1911 2652 3

625 2671 844 2731 Imolae
875 2680 987 2735 187
1001 2680 1035 2733 2
1059 2676 1166 2731 etc.
1187 2706 1272 2717 —
1294 2672 1628 2733 Guilelmus
1646 2673 1719 2732 de
1742 2675 1789 2732 B
1804 2694 1838 2733 o
1861 2675 1910 2733 l-

628 2761 664 2819 d
681 2781 712 2820 e
726 2780 767 2819 n
785 2779 812 2819 s
828 2781 859 2819 e
876 2756 966 2841 le)
986 2758 1422 2841 (Boldensleve)
1441 2763 1659 2821 nobilis
1679 2782 1912 2840 germa-

624 2868 760 2920 nus,
793 2853 965 2909 antea
983 2850 1180 2909 dictus
1204 2850 1343 2909 Otto
1377 2851 1448 2909 de
1487 2852 1772 2920 Rienhu8‚
1807 2854 1912 2927 qui

626 2939 860 2998 deserto
880 2939 1085 2997 ordine
1106 2939 1312 3001 Praed.
1329 2947 1391 2998 et
1406 2940 1779 3001 absolutione
1802 2943 1912 3001 hu-

618 3029 721 3104 jus
741 3028 1096 3086 desertionis
1117 3028 1789 3104 impetrataapontifice,
1808 3049 1910 3106 pe-

625 3118 728 3175 tiit
756 3118 978 3175 terram
999 3129 1266 3176 sanctam
1295 3119 1655 3195 scripsitque
1677 3119 1908 3179 Hodoe-

626 3206 1548 3283 poi·iconadeam,quodhabesin
1560 3208 1907 3267 Canisiiant.

626 3296 757 3354 lect.
790 3294 857 3364 V,
896 3305 1233 3365 95-142;
1267 3297 1354 3355 ed.
1393 3305 1446 3357 2.
1481 3297 1574 3365 IV,
1616 3307 1905 3361 332·357

625 3387 688 3443 et
715 3386 780 3442 in
812 3384 1032 3443 Ztschr.
1066 3385 1167 3444 des
1200 3386 1337 3443 hist.
1371 3384 1501 3444 Ver.
1536 3388 1633 3443 iiir
1667 3386 1908 3445 Nieder-

626 3474 888 3545 sachsen,
937 3473 1254 3534 Hannover
1294 3485 1455 3538 1855
1507 3495 1562 3551 p.
1600 3485 1909 3538 226·28«»·.

624 3563 786 3623 Alias
846 3563 1136 3623 editiones
1198 3565 1259 3621 et
1322 3564 1620 3623 versiones
1673 3564 1913 3624 exhibet

626 3653 940 3711 Roehricht
973 3673 1024 3728 p.
1065 3663 1142 3715 73
1180 3670 1225 3710 s.

717 3840 859 3893 303.
894 3832 963 3889 In
978 3827 1224 3889 historia
1239 3832 1513 3889 ordinum
1535 3835 1909 3890 monasterio·

624 3938 865 3996 rumque
881 3920 1103 3978 versati
1134 3923 1303 3978 sunt:
1338 3919 1378 3978 C
1395 3919 1513 3978 hri
1533 3939 1560 3978 s
1576 3921 1745 3980 tian
1761 3941 1803 3979 u
1819 3916 1908 3997 s⁸)

705 4132 739 4183 Ι)
768 4126 850 4179 cf.
905 4124 1166 4179 Potthnst
1215 4143 1269 4194 p.
1319 4130 1421 4181 997
1464 4142 1537 4182 s.:
1601 4125 1911 4179 Roehricht

624 4215 680 4266 p.
725 4201 790 4253 67
820 4215 894 4253 s.:
946 4196 1275 4250 Tiraboschi
1320 4197 1384 4261 V,
1424 4197 1460 4251 l.
1501 4202 1533 4252 ⁶2
1574 4213 1620 4250 c.
1647 4202 1681 4251 ἴ)
1727 4216 1781 4252 n.
1808 4202 1909 4257 43:

625 4268 913 4322 Foscarini
940 4268 1207 4323 Letterat.
1230 4272 1400 4322 venet
1426 4287 1479 4337 p.
1501 4272 1636 4327 3432
1665 4268 1909 4324 Simone·

1970 1070 2185 1128 Gerold
2237 1071 2439 1146 Meyer
2482 1087 2597 1128 von
2648 1070 2925 1138 Knonau,
2973 1070 3059 1126 ib.
3108 1077 3252 1132 1881

1969 1159 2109 1222 fasc.
2164 1168 2218 1222 8.
2265 1160 2494 1218 Auctor
2544 1159 2826 1218 laudatur
2874 1178 2908 1216 a
2961 1158 3263 1224 fidelitate,

1971 1248 2317 1307 sinceritate
2347 1251 2408 1306 et
2441 1269 2476 1306 a
2499 1247 2859 1306 narrationis
2886 1246 3262 1316 amoenitate,

1968 1337 2128 1396 unde
2180 1338 2313 1412 ejus
2378 1354 2530 1414 opus
2593 1336 2948 1395 melioribus
3002 1336 3264 1394 fontibus
3372 1373 3375 1386 .

1968 1426 2271 1485 historicis
2291 1426 2475 1484 medii
2497 1426 2626 1484 aevi
2642 1425 3100 1484 adnumeratur.
3124 1424 3266 1481 Huic

1969 1515 2117 1574 adde
2151 1515 2474 1574 Budolfum
2509 1515 2583 1573 de
2614 1515 2859 1592 Badegg
2878 1515 3042 1574 OSB.
3078 1514 3265 1590 patria
3374 1525 3377 1532 ¹

1969 1604 2447 1674 schafusiensem,
2471 1604 2889 1663 scholasticum
2924 1603 3264 1679 sangallen-

1969 1711 2111 1764 sem,
2145 1693 2251 1769 qui
2283 1693 2544 1752 carmine
2576 1693 2868 1768 inscripto
2899 1692 3151 1766 Capella
3178 1693 3262 1748 Ine-

1968 1784 2314 1841 remitarum
2345 1782 2619 1859 depingit
2668 1782 2952 1841 hostilem
3007 1781 3263 1840 invasio·

1968 1890 2102 1930 nem
2135 1872 2317 1947 hujus
2350 1871 2715 1941 monasterii,
2763 1871 2830 1928 in
2881 1890 3008 1946 qua
3047 1875 3115 1930 et
3146 1872 3263 1946 ipse

1969 1965 2180 2035 captus
2229 1963 2321 2019 est
2371 1956 2618 2041 (1314),
2682 1960 2841 2034 quod
2888 1959 3090 2018 edidit
3140 1959 3261 2017 Gall

1969 2050 2151 2108 Morel
2198 2049 2260 2108 in
2293 2048 2861 2108 Geschichtsfreund
2908 2048 2979 2112 X,
3034 2060 3059 2111 1
3081 2059 3161 2110 70
3193 2066 3256 2106 ss

1969 2173 2053 2182 —
2089 2139 2187 2197 Ud
2207 2139 2503 2197 alricus
2550 2145 2611 2198 et
2643 2137 3048 2197 Conradus
3085 2136 3260 2195 Wel-

1970 2227 2077 2285 lin
2095 2247 2136 2304 g
2167 2226 2342 2296 OSB.,
2391 2228 2497 2303 qui
2546 2246 2618 2286 ex
2665 2228 2918 2287 aliorum
2968 2227 3259 2286 chronicis

1968 2318 2212 2376 annales
2241 2336 2318 2375 ss.
2351 2316 2618 2375 Udalrici
2648 2324 2711 2374 et
2731 2318 2924 2390 Afrae
2953 2324 3257 2394 euque-den·

1968 2424 2058 2465 ses
2125 2405 2199 2463 ab
2268 2426 2318 2464 a.
2395 2414 2825 2468 1106-1334
2909 2405 3260 2480 compilasse

1969 2495 2267 2562 dicuntur,
2302 2513 2557 2570 quorum
2588 2513 2724 2571 pars
2758 2491 3256 2575 (1266-13001

1969 2584 2116 2642 falso
2149 2583 2402 2642 Henrico
2434 2583 2472 2641 S
2490 2586 2564 2641 te
2579 2603 2611 2641 r
2626 2583 2755 2643 oni
2788 2582 3182 2642 tribuebatur
3202 2587 3257 2639 et

1970 2672 2083 2731 sub
2115 2674 2246 2749 ejus
2278 2673 2520 2732 nomine
2543 2672 2777 2749 prodiit.
2812 2707 2902 2716 ——
2938 2672 3257 2732 Chrcmieon

1968 2763 2486 2821 Ammenslebiense
2508 2762 2670 2821 OSB.
2704 2762 2779 2820 ab
2798 2781 2848 2820 a.
2880 2774 2902 2824 1
2928 2771 3254 2825 120-1339

1968 2852 2209 2926 scripsit
2282 2852 2546 2926 ejusdem
2622 2852 2806 2910 abbas
2869 2852 3252 2910 Arnoldus

1966 2941 2267 2999 Kolnen
2320 2937 2567 3022 (Kolner
2599 2938 2635 3007 †
2674 2936 2890 3019 1344),
2944 2941 3251 3000 continna-

1966 3029 2145 3087 vitad
2165 3050 2214 3087 a.
2247 3039 2410 3094 1486
2446 3030 2880 3107 Gregorius
2913 3029 2987 3088 de
3021 3029 3250 3098 Quad-

1967 3119 2295 3195 linburg
2342 3120 2495 3178 alter
2538 3119 2667 3193 ejus
2705 3118 2888 3177 abbas
2939 3114 3000 3200 (†
3043 3114 3249 3199 1518),

1966 3208 2066 3266 alii
2087 3227 2227 3267 vero
2245 3207 2399 3266 illud
2412 3208 2712 3283 prosecuti
2738 3211 2884 3266 sunt
2903 3208 2979 3266 ad
2993 3227 3047 3266 a.
3074 3220 3095 3270 1
3114 3219 3247 3270 60⁸.

1968 3298 2209 3357 Prostat
2257 3314 2401 3355 cura
2430 3296 2522 3355 Fr.
2557 3296 2789 3355 winter
2818 3297 2886 3355 in
2917 3296 3090 3355 Neue
3121 3296 3249 3355 Mit-

1968 3386 2319 3462 theilungen
2351 3405 2458 3444 aus
2479 3386 2610 3444 dem
2633 3386 2876 3444 Gebiete
2895 3385 3247 3459 hist-antiq.

1967 3475 2383 3551 Forschungen
2428 3477 2530 3533 des
2562 3474 3079 3551 Thiiring.·8achs.
3113 3475 3249 3532 Ver·

1966 3563 2092 3622 eins
2135 3573 2299 3627 1874
2336 3563 2493 3633 XIII,
2531 3572 2837 3626 260—94
2862 3583 3020 3640 ‘cum
3067 3565 3248 3623 intro·

1966 3652 2249 3711 ductione
2300 3656 2361 3711 et
2405 3653 2916 3715 annotationibus,
2953 3686 3035 3697 --
3083 3655 3245 3713 Ber·

1965 3740 2354 3823 tholdus1)
2400 3742 2885 3801 Nederhofer
2929 3742 2995 3799 Ο.
3030 3743 3245 3801 Praem.

1966 3831 2061 3888 vir
2090 3831 2156 3888 in
2190 3831 2521 3889 scribendis
2556 3831 2725 3890 libris
2746 3832 3089 3899 laboriosus,
3115 3830 3246 3888 sub·

1965 3982 2027 4035 in
2074 3982 2363 4037 Analectis
2414 3981 2693 4050 hymnicis
2746 3981 2921 4036 medii
2961 3983 3084 4036 aevi
3120 3981 3242 4035 XLI

1966 4054 2216 4122 (Lipsiae
2244 4057 2404 4119 1903)
2432 4069 2488 4121 p.
2518 4058 2566 4109 1.
2619 4053 2692 4106 Et
2731 4069 2859 4106 cum
2899 4055 3020 4123 jam
3051 4058 3243 4124 poetae

1966 4125 2343 4189 meminimus,
2388 4124 2666 4178 addamus
2709 4127 2761 4177 ei
2808 4123 3138 4179 Boncore
3181 4123 3244 4176 de

1966 4214 2007 4251 s.
2058 4196 2236 4249 Maria
2280 4196 2565 4259 clericum,
2606 4199 2671 4249 ut
2711 4195 2941 4249 videtur
2990 4196 3242 4250 basilicae

1966 4268 2280 4329 vaticanae,
2331 4266 2567 4321 minoris
2615 4268 2754 4321 artis
2799 4266 3126 4321 Christiano
3173 4266 3241 4335 (fl.

626 4340 740 4393 t'eld
770 4339 1009 4393 Studien
1037 4357 1104 4393 zu
1137 4338 1272 4392 Mar.
1301 4339 1517 4394 Sanuto
1545 4339 1673 4393 dem
1703 4341 1908 4404 Altera,
1966 4356 2011 4393 c.
2041 4344 2215 4403 1340),
2244 4339 2408 4407 cujus
2436 4342 2641 4392 Novam
2663 4343 2697 4393 l.
2720 4343 3243 4407 hymnos-temacora·

623 4412 682 4463 in
713 4411 780 4463 N.
808 4410 1016 4465 Archiv
1047 4412 1083 4466 f.
1111 4411 1209 4465 alt.
1238 4411 1291 4463 d.
1321 4410 1519 4464 Gesch.
1547 4411 1906 4477 vltis—73.
1965 4411 2188 4465 tionum
2215 4410 2277 4463 in
2303 4409 2500 4465 eodem
2529 4414 2568 4466 t.
2594 4410 2859 4481 reperies.

700 4491 712 4519 ‘-
767 4482 851 4536 Cf.
877 4482 1213 4538 Bellesheim
1256 4483 1452 4536 Gesch.
1491 4483 1590 4535 der
1618 4482 1672 4537 k.
1702 4483 1909 4537 Kirche

623 4554 680 4608 in
764 4554 799 4606 l.
829 4556 865 4615 l,
895 4560 1014 4610 541.

2046 4486 2079 4551 Ι)
2110 4482 2272 4535 Alius
2308 4499 2343 4533 a
2377 4480 2685 4535 Bertholdo
2732 4481 2801 4535 de
2850 4480 3239 4535 Brombach

1965 4554 2038 4613 (fi.
2069 4557 2228 4625 1350)
2256 4554 2421 4622 cujus
2448 4554 2535 4605 est·
2549 4555 2718 4606 Leben
2748 4556 2843 4607 der
2864 4558 2954 4610 sel.
2990 4552 3242 4621 Laityard

1974 4614 1979 4621 κ

697 4632 736 4695 ³)
769 4625 976 4680 Eodem
996 4626 1111 4678 fere
1133 4628 1386 4694 tempore
1405 4624 1910 4678 vixitChristia-
1964 4625 2223 4679 Stifterin
2272 4642 2385 4679 von
2449 4622 2768 4677 Wittichen
2826 4624 2890 4685 Ο,
2943 4624 2996 4679 S.
3053 4622 3236 4677 Clarae

623 4716 660 4750 n
679 4716 713 4750 u
732 4715 757 4751 s
799 4696 1269 4766 Campoliliensis‚
1317 4698 1386 4750 de
1432 4714 1546 4765 quo
1587 4697 1655 4750 cf.
1700 4696 1909 4750 Dreves
1965 4696 2417 4767 (1291-13483ed.
2435 4694 2651 4749 aMone
2674 4694 3135 4760 Quellensamml.
3150 4694 3239 4747 der

623 4768 907 4824 Christian
939 4786 989 4821 v.
1018 4768 1323 4822 Lilienfeld
1345 4771 1623 4835 Hyiunen‚
1651 4767 1908 4833 officim,
1968 4767 2272 4823 badischen
2325 4766 2735 4838 Laudesgesch.
2793 4767 2889 4831 ΙΙΙ,
2940 4770 3233 4824 442—468:

623 4842 950 4909 Sequenzen
983 4841 1102 4893 und
1122 4840 1482 4909 Reimgebete
1510 4842 1556 4911 (†
1575 4844 1751 4911 1332).
1782 4838 1908 4892 Plu·
1965 4844 2023 4892 et
2061 4857 2093 4891 a
2122 4839 2166 4891 B
2185 4856 2256 4893 er
2274 4840 2347 4892 th
2366 4837 2489 4894 old
2507 4855 2556 4901 0,
2584 4838 2654 4892 de
2681 4855 2797 4906 quo
2833 4855 3008 4908 supra
3033 4837 3236 4908 egimus

621 4930 708 4966 res
734 4913 983 4979 ejusdem
1014 4916 1251 4980 hymnos,
1277 4918 1574 4980 sequentias
1594 4914 1698 4964 etc.
1726 4911 1913 4964 edidit
1965 4930 2020 4981 p.
2048 4915 2169 4967 516.
