3475 5364
371 363 529 417 1021

974 342 1007 397 J
1014 361 1063 401 0.
1090 344 1489 415 Argyropulus
1512 347 1570 399 et
1597 343 1876 415 Georgius
1902 342 2381 413 Trapezuntinus.

2810 356 2975 413 1022

365 534 733 592 invasionem
765 530 1001 608 fugiens
1034 532 1098 589 in
1128 532 1361 590 Italiam
1395 550 1458 590 se
1489 550 1646 590 rece·
1702 531 1876 589 aliam
1928 531 2292 588 convertens
2354 528 2448 586 Ita
2491 528 2677 586 latine
2722 527 2902 586 vertit
2933 545 2977 585 s.

364 624 472 698 pit.
505 622 799 681 ACosimo
815 621 887 678 de
904 619 1116 679 Medici
1148 620 1511 683 Florentiam
1543 640 1645 681 vo·
1703 618 1984 697 Cyrilli
2010 619 2383 677 'thesaurum
2434 617 2559 676 sive
2590 619 2661 675 de
2702 616 2982 674 Trinitate

363 715 533 771 catus
570 707 796 792 (1456)
828 709 1059 768 nobiles
1090 710 1292 768 docuit
1302 710 1557 785 juvenes
1575 711 1646 768 li·
1702 711 1761 767 ll.
1815 705 1923 783 14,
1983 709 2253 767 homilias
2312 706 2509 782 Chry
2529 724 2606 764 so
2627 706 2854 765 stomi
2917 709 2981 764 in

365 806 522 860 teras
553 818 794 877 graecas
843 805 902 857 et
951 799 1386 875 philosophiam
1417 798 1652 858 summa
1704 798 2081 873 Matthaeum,
2134 795 2497 872 Gregorii
2543 794 2788 872 nysseni
2828 795 2867 859 1,
2913 796 2982 854 de

363 890 631 949 omnium
665 887 1052 947 admiratione
1070 892 1249 963 atque
1265 888 1646 947 Aristotelem
1702 890 1818 946 vita
1869 888 2103 964 Moysis,
2147 884 2438 944 Basilii
2487 885 2561 943 M.
2607 886 2663 943 ll.
2699 887 2737 942 5
2781 892 2981 942 contra

360 984 458 1038 est
488 980 933 1054 interpretatae.
969 977 1057 1035 Ob
1077 979 1305 1052 pestem
1324 977 1390 1035 in
1407 976 1649 1036 Etruria
1701 978 2076 1051 Eunomium,
2112 973 2409 1033 Eusebii
2438 975 2507 1032 de
2527 976 2982 1049 praeparatione

365 1072 740 1145 grassantem
756 1067 989 1125 Romam
1020 1066 1262 1124 transiit
1286 1060 1393 1149 (14
1407 1077 1437 1130 7
1450 1064 1514 1149 3)
1533 1067 1645 1125 ibi-

363 1177 484 1232 que
515 1155 916 1232 Thucydidem
948 1155 1238 1229 exposuit,
1278 1155 1384 1214 ubi
1418 1156 1643 1214 Reueh-

368 1247 550 1305 linius
596 1265 732 1303 eum
783 1245 978 1304 audiit
1010 1241 1072 1327 (†
1113 1241 1322 1326 1486).
1385 1242 1642 1325 Vertit1)

368 1334 708 1393 Aristotelis
758 1335 996 1391 ethicam
1028 1337 1090 1393 et
1109 1335 1408 1408 politicam
1441 1335 1643 1405 latine,

370 1425 611 1484 Parisiis
653 1430 816 1486 1542
853 1422 917 1481 in
948 1425 1018 1494 f.;
1052 1423 1316 1482 Ethicam
1353 1441 1646 1484 commen-

366 1514 535 1572 tariis
613 1509 961 1581 illustravit,
1041 1512 1372 1572 Florentiae
1444 1522 1642 1585 14873

367 1603 554 1662 libros
618 1620 820 1661 omnes
882 1601 1288 1678 philosophiae
1350 1602 1641 1660 naturalis

363 1691 642 1751 Coloniae
682 1700 845 1753 1568
881 1690 946 1748 in
976 1691 1046 1759 f.;
1097 1690 1381 1750 disseruit
1410 1694 1480 1749 de
1500 1709 1645 1765 pro·

365 1783 615 1840 cessione
665 1780 926 1853 Spiritus
973 1799 1019 1838 s.
1085 1784 1145 1838 et
1193 1780 1426 1839 decreto
1488 1799 1644 1839 conc.

369 1870 683 1939 florentini,
735 1887 943 1945 graece
992 1872 1054 1927 et
1100 1870 1282 1927 latine
1327 1869 1389 1927 in
1436 1871 1643 1928 Allatii

367 1958 611 2017 Graecia
642 1958 871 2017 orthod.
903 1958 932 2015 I
967 1968 1346 2027 400—4183
1395 1959 1647 2036 Migne

367 2048 577 2124 patrol.
611 2048 719 2105 ΡΡ.
753 2066 838 2124 gr.
874 2047 1119 2118 CLVIII,
1172 2058 1500 2111 991-1008
1536 2051 1645 2107 etc.

367 2171 453 2181 —
487 2136 864 2213 Georgius
907 2136 1138 2212 origine
1189 2137 1424 2212 quidem
1479 2138 1647 2195 Tra-

365 2226 863 2301 pezuntinu8,
898 2227 1090 2300 patria
1120 2229 1319 2284 tamen
1351 2226 1646 2285 Cretensis

368 2334 424 2373 n.
465 2325 627 2377 1395
665 2313 944 2372 Venetias
976 2315 1144 2373 venit
1176 2319 1356 2390 atque
1389 2320 1518 2374 tum
1553 2315 1647 2373 hic

366 2406 501 2461 tum
533 2402 832 2461 Vicentiae
863 2407 995 2461 tum
1024 2403 1238 2463 Romae
1257 2405 1461 2463 literas
1481 2424 1647 2481 grae·

365 2510 467 2551 cas
532 2491 749 2560 docuit,
814 2509 1047 2551 necnon
1089 2493 1526 2569 philosophiam
1590 2497 1649 2552 et

366 2580 770 2655 eloquentiam
783 2581 849 2655 ²).
868 2581 1256 2657 Aliquamdiu
1275 2583 1467 2659 gratia
1489 2582 1646 2641 frue-

368 2671 550 2729 batur
580 2669 833 2747 Eugenii
864 2670 978 2740 lv„
1013 2670 1066 2729 N
1072 2672 1243 2732 icolai
1259 2672 1342 2742 V.‚
1377 2672 1474 2731 cui
1504 2692 1647 2731 ase-

362 2761 548 2820 cretis
600 2760 787 2818 fuisse
836 2760 1076 2830 dicitur,
1125 2764 1192 2819 et
1219 2762 1386 2819 Pauli
1415 2761 1508 2832 11.‚
1543 2762 1648 2837 qui

369 2869 504 2908 eum
537 2849 961 2908 abbreviatoris
989 2868 1238 2908 munere
1258 2851 1513 2910 donavit.
1547 2851 1646 2909 In-

367 2939 542 3015 genio
573 2938 690 2997 fuit
722 2939 855 3009 acri,
890 2939 1110 3008 vivid0‚
1146 2939 1208 2997 in
1242 2940 1392 2998 alios
1426 2940 1643 3014 iniqui·

367 3046 484 3086 ore.
516 3028 591 3085 Et
605 3032 841 3103 praeter
853 3046 1044 3086 unum
1060 3028 1455 3099 Aristotelem,
1472 3048 1647 3103 quem

367 3117 496 3192 ipse
527 3117 718 3175 veluti
747 3135 971 3175 numen
986 3118 1400 3187 venerabatur,
1423 3125 1647 3177 ceteros

367 3224 590 3275 omneS‚
625 3205 727 3263 sed
759 3205 1065 3264 Platonem
1099 3207 1415 3282 praecipue
1446 3207 1566 3265 acri
1584 3226 1650 3265 ac

368 3295 652 3353 maledico
684 3293 1034 3352 dilaceravit
1063 3294 1256 3353 deute.
1309 3296 1460 3354 Hinc
1490 3297 1648 3355 mul·

365 3386 567 3443 torum
618 3383 768 3452 odia,
822 3387 884 3441 et
934 3383 1303 3443 Bessariouis
1356 3386 1646 3444 calamum

367 3473 429 3530 in
482 3491 540 3531 se
591 3473 927 3530 concitavit.
1008 3473 1321 3532 Praesidiis
1383 3474 1649 3549 undique

366 3580 474 3637 pro
507 3581 616 3620 sua
647 3562 1088 3620 sustentatione
1133 3563 1207 3620 ob
1253 3581 1389 3621 suas
1437 3563 1648 3621 simul-

367 3654 523 3709 tates
572 3651 861 3709 literarias
909 3651 1247 3710 interclusis
1298 3652 1514 3710 misere
1559 3652 1648 3711 vi-

367 3741 489 3797 tam
523 3759 696 3817 agere
728 3743 962 3799 coactus
1011 3742 1116 3798 est.
1179 3740 1250 3799 In
1299 3746 1507 3800 exacta
1557 3760 1647 3800 se-

367 3831 612 3886 nectute
664 3847 1088 3904 repuerascens
1122 3834 1183 3887 et
1214 3831 1501 3889 memoria
1546 3830 1646 3889 de-

367 3918 615 3993 perdita,
648 3918 711 3975 in
744 3919 891 3976 urbe
925 3919 1086 3977 solus
1119 3918 1339 3978 detrito
1372 3920 1436 3978 in
1468 3919 1646 3994 pallio

369 4006 626 4081 pileatus
687 4010 748 4066 et
809 4008 1029 4067 nodoso
1091 4008 1349 4083 scipione
1403 4009 1648 4084 jamjam

367 4096 591 4164 ruituri
668 4097 926 4171 corporis
1003 4096 1265 4155 membra
1341 4098 1647 4156 sustinens

365 4183 687 4244 oberrabat
720 4182 779 4268 (†
822 4194 983 4249 1484
1010 4187 1186 4260 juxta
1215 4186 1360 4244 alios
1408 4196 1572 4249 1486
1598 4207 1644 4243 a.

367 4276 546 4332 natus
579 4273 699 4332 fere
735 4269 864 4356 91).
901 4274 1150 4350 Scripsit
1164 4276 1421 4350 utraque
1441 4275 1651 4352 lingua

367 4362 588 4439 partim
620 4363 691 4422 de
723 4382 848 4434 su0,
880 4363 1095 4439 partim
1131 4382 1198 4421 ex
1221 4383 1341 4422 una
1359 4364 1567 4441 lingua
1584 4364 1649 4422 in

449 4554 485 4622 ¹)
512 4549 594 4605 Cf.
623 4551 1077 4621 Hergenroether
1115 4550 1228 4604 KL.
1268 4552 1319 4604 1²
1345 4556 1514 4610 1:274:
1560 4551 1649 4605 Ti·

365 4622 630 4676 raboschi
656 4621 734 4676 Vl
762 4640 817 4691 p.
846 4627 875 4679 1
903 4622 940 4676 1.
967 4629 998 4678 2
1027 4639 1071 4683 c.
1099 4627 1134 4678 2
1161 4641 1216 4678 n.
1243 4627 1277 4679 9
1304 4640 1403 4684 ss.;
1457 4623 1645 4678 Fabri-

365 4693 489 4747 cius
514 4693 660 4747 Bibl.
687 4709 921 4764 graecae
947 4694 1015 4757 X,
1040 4698 1147 4751 426
1174 4712 1242 4747 sa.

442 4767 484 4837 ²)
513 4764 596 4820 Cf.
638 4764 707 4818 de
746 4765 872 4834 ipso
900 4764 1137 4829 Querini
1177 4765 1405 4821 diatrib.
1446 4766 1518 4819 ad
1560 4782 1649 4835 ep.

367 4834 599 4890 Barbar.
616 4855 671 4906 p.
689 4840 786 4894 76:
815 4838 923 4906 Ap.
941 4837 1087 4891 Zeno
1105 4836 1235 4894 diss,
1257 4838 1409 4892 Voss.
1429 4839 1494 4891 11'.
1511 4855 1566 4906 p.
1587 4842 1648 4897 1;

363 4905 698 4962 Tiraboschi
725 4907 821 4964 VI.
847 4925 903 4977 p.
931 4913 981 4965 1.
1008 4910 1046 4964 l.
1069 4914 1120 4965 2.
1148 4924 1193 4963 c.
1221 4914 1253 4964 2
1281 4927 1337 4963 n.
1364 4913 1431 4965 13
1459 4926 1527 4962 ss‚

1702 1068 2019 1143 cvanyelica
2064 1066 2120 1126 ll.
2174 1066 2252 1123 14
2267 1085 2292 1138 ;
2342 1064 2647 1122 historiam
2695 1081 2771 1121 ss.
2822 1063 2979 1121 Bar-

1702 1158 1859 1214 laam
1876 1163 1925 1213 et
1945 1155 2249 1228 Josaphat,
2273 1171 2423 1228 quae
2443 1155 2641 1229 tamen
2663 1152 2978 1222 versioneS,

1701 1244 2050 1321 praesertim
2070 1244 2283 1301 horum
2311 1243 2562 1299 duorum
2582 1241 2983 1317 posteriorum

1701 1354 1963 1410 operum,
1982 1333 2192 1390 merito
2203 1330 2471 1407 graviter
2480 1334 2824 1405 carpuntur.
2843 1330 2982 1389 Ver-

1700 1426 1781 1483 tit
1841 1424 2019 1481 etiam
2096 1420 2383 1496 quaedam
2447 1421 2499 1477 A
2516 1420 2636 1477 ris
2656 1424 2733 1477 to
2753 1422 2781 1477 t
2800 1438 2831 1477 o
2851 1420 2872 1477 l
2891 1419 2912 1476 i
2933 1438 2979 1490 S,

1704 1511 2131 1571 Ptolomaei
2163 1513 2224 1568 et
2254 1508 2610 1567 Platonis
2644 1527 2834 1584 opera.
2900 1510 2981 1566 De

1702 1621 1811 1661 suo
1844 1600 2083 1675 scripsit
2125 1600 2194 1657 de
2237 1606 2356 1656 octo
2388 1598 2665 1674 partibus
2703 1598 2983 1657 orationis

1702 1689 2138 1766 compendium,
2201 1689 2615 1746 rhetoricorum
2662 1688 2718 1746 ll.
2769 1690 2825 1762 5,
2877 1686 2981 1761 qui

1701 1779 2025 1838 laudantur
2040 1778 2112 1836 ab
2128 1776 2380 1835 eruditis
2397 1797 2410 1843 3
2445 1796 2551 1834 cur
2566 1777 2982 1853 astroloyorum

1700 1871 1925 1941 judicia
1960 1868 2301 1942 plerumque
2344 1867 2638 1940 falluntur
2683 1869 2811 1935 etc.,
2861 1865 2981 1924 col·

1702 1959 1851 2018 lecta
1897 1957 2167 2016 Coloniae
2223 1965 2418 2025 15443
2483 1954 2983 2027 Comparationem

1703 2049 1967 2107 Platonis
2000 2053 2050 2104 et
2071 2045 2415 2118 Aristotelis,
2450 2063 2569 2119 qua
2601 2043 2983 2102 Aristotelem

1707 2139 1967 2206 Platone,
2031 2136 2127 2194 cui
2189 2134 2381 2193 multa
2440 2132 2660 2191 tribuit
2720 2132 2981 2202 crimina,

1703 2228 1883 2304 longo
1917 2224 2231 2284 intervallo
2276 2222 2638 2297 superiorem
2684 2240 2812 2279 esse
2844 2239 2983 2280 con-

1702 2316 1915 2384 tendit,
1960 2312 2228 2372 Venetiis
2283 2320 2467 2374 1523.
2529 2311 2685 2369 Haec
2730 2309 2984 2369 maxime

1703 2405 1964 2482 pupugit
2025 2402 2452 2469 Bessan-ionem,
2517 2400 2623 2475 qui
2672 2405 2985 2475 propterea

1703 2498 1910 2553 contra
1940 2512 2077 2551 eum
2124 2490 2366 2566 scripsit
2410 2492 2470 2546 in
2515 2491 2984 2547 calummiatorem

1703 2582 1966 2642 Platonis
1980 2583 2035 2644 ll.
2056 2582 2112 2657 4,
2134 2580 2196 2637 in
2212 2597 2331 2656 quo
2348 2598 2442 2654 op.
2458 2580 2717 2654 primum
2751 2577 2983 2653 sapien-

1703 2674 1851 2734 tiam
1901 2670 2170 2731 Platonis
2221 2672 2401 2746 atque
2451 2667 2795 2738 doctrinam,
2849 2686 2981 2725 mox

1705 2763 2061 2839 scriptorum
2093 2760 2222 2835 ejus
2273 2778 2405 2817 cum
2447 2760 2668 2816 nostris
2701 2757 2983 2816 similitu-

1704 2853 1919 2921 dinem,
1953 2855 2084 2909 tum
2116 2849 2474 2925 probitatem
2505 2865 2737 2905 morum
2768 2846 2983 2904 vit-am-

1705 2960 1821 3018 que
1853 2942 1983 3017 ejus
2016 2939 2463 3014 integerrimam
2505 2937 2774 3012 exponit3
2822 2939 2884 2993 et
2914 2938 2986 2993 ut

1704 3031 2003 3090 inscitiam
2079 3027 2335 3086 hominis
2414 3027 2602 3103 magis
2677 3025 2986 3101 magisque

1702 3119 2056 3197 propalaret,
2095 3127 2150 3180 5.
2181 3117 2219 3174 1.
2250 3115 2494 3185 addidit,
2525 3116 2589 3174 in
2620 3133 2738 3192 quo
2770 3114 2985 3189 Trape-

1703 3209 1892 3267 zuntii
1939 3208 2003 3266 in
2065 3206 2554 3281 interpretatione
2603 3206 2665 3263 ll.
2719 3203 2985 3261 Platonis

1704 3297 1885 3357 semel
1915 3299 2095 3370 atque
2127 3295 2348 3353 iterum
2379 3295 2453 3351 ab
2485 3294 2690 3354 eodem
2712 3292 2873 3352 edita
2894 3311 2983 3350 er-

1702 3405 1868 3445 rores
1931 3404 1997 3443 ac
2050 3385 2254 3460 lapsus
2317 3383 2563 3460 colligit,
2641 3383 2865 3441 refutat
2926 3384 2987 3439 et

1705 3475 1997 3543 emendat,
2031 3474 2172 3532 adeo
2205 3476 2275 3530 ut
2318 3472 2490 3548 plane
2541 3471 2831 3539 ostendat,
2865 3489 2986 3529 non

1703 3564 1968 3639 potuisse
2000 3582 2139 3621 eum
2182 3562 2255 3621 de
2302 3562 2412 3620 tali
2444 3561 2792 3638 philosopho
2818 3559 2983 3634 judi-

1704 3655 1861 3712 cium
1892 3653 2060 3722 ferre,
2096 3671 2271 3726 quem
2305 3651 2547 3709 minime
2592 3650 2981 3720 intellexerit;

1704 3747 1766 3801 et
1796 3746 1868 3801 ut
1899 3741 2221 3800 accuratior
2252 3743 2315 3798 et
2344 3740 2677 3799 absolutior
2707 3739 2984 3797 tractatio

1703 3832 1911 3890 haberi
1941 3833 2156 3907 posset,
2210 3829 2673 3904 disputationem
2719 3847 2886 3886 suam
2918 3829 2986 3887 de

1703 3928 1922 3979 natura
1982 3927 2033 3977 et
2093 3926 2219 3976 arte
2294 3919 2517 3977 multos
2594 3920 2733 3976 ante
2801 3936 2986 3977 annos

1705 4011 1987 4085 scriptam
2050 4008 2115 4066 in
2190 4007 2443 4066 eundem
2504 4008 2983 4083 Trapezuntium‚

1704 4118 1837 4157 cum
1856 4098 1927 4156 ad
1945 4101 2269 4172 utrumque
2284 4097 2705 4174 philosophum
2720 4097 2987 4170 quaestio

1705 4188 1811 4246 illa
1841 4187 2187 4264 pertineret,
2225 4187 2496 4262 adjunxit
2509 4181 2573 4267 ¹).
2620 4186 2775 4244 Aliis
2808 4187 2986 4244 omis-

1785 4415 1820 4482 ι)
1850 4409 1934 4465 Cf.
1961 4409 2031 4462 de
2058 4411 2165 4464 hac
2192 4409 2577 4464 controversia
2602 4409 2931 4482 Tiraboschi
2947 4409 2987 4464 l.

1703 4499 1750 4537 c.
1790 4499 1845 4541 n.
1887 4487 1972 4539 17.
2011 4499 2054 4534 e.
2096 4481 2533 4536 Theodorus
2574 4480 2782 4546 Gaza,
2822 4482 2986 4552 cujus

1706 4570 1910 4606 nomen
1938 4554 2002 4605 in
2030 4553 2135 4606 hac
2177 4553 2563 4607 controversia
2596 4554 2768 4606 etiam
2798 4569 2987 4607 occur-

1703 4623 1798 4688 rit,
1826 4625 2017 4678 stabat
2041 4626 2289 4691 quatuor
2316 4624 2541 4695 scriptis
2564 4641 2665 4694 pro
2684 4624 2986 4679 Aristotele

1703 4695 2198 4764 impugnabatque
2240 4694 2495 4750 Platonis
2535 4695 2848 4766 opiniones,
2889 4696 2987 4750 sed

1703 4767 1957 4820 modeste
1972 4762 2043 4820 ‘et
2066 4769 2285 4836 pacate.
2331 4767 2511 4838 Capta
2537 4784 2570 4820 a
2598 4766 2795 4820 Tui-cis
2821 4767 2988 4822 Thes·

1704 4838 1959 4892 salonica
1986 4839 2035 4905 ej
2044 4857 2108 4891 us
2135 4839 2323 4908 patria
2340 4843 2519 4910 (1440)
2535 4839 2597 4891 in
2615 4837 2841 4891 Italiam
2860 4855 2987 4892 con·

1705 4909 1860 4979 fugit
1884 4909 2245 4977 multumque
2272 4911 2533 4976 contulit,
2555 4918 2621 4962 ut
2646 4908 2903 4963 studium
2931 4912 2988 4964 et
