3475 5364
523 347 685 400 1055
754 332 1127 387 1476—1500.
1165 326 1459 399 Hagiogr..
1486 327 1787 392 Mombrit„
1817 327 2403 393 Gielemans‚.Pet1-us‚
2434 328 2759 383 Schit'aldus
2786 331 2892 386 etc.
2964 348 3132 401 1055

513 515 818 592 Legendae
878 535 1093 575 aureae
1155 515 1298 573 olim
1348 514 1540 573 editae
1585 534 1618 572 a
1668 514 1791 572 Jac.
1844 516 2061 593 yiumt.
2083 524 2119 575 4
2142 535 2156 586 3
2181 515 2631 592 historioloyium
2653 515 3135 573 brabantinorum

513 603 900 682 Voragine
935 601 1015 685 (p.
1053 602 1222 682 432),
1271 605 1510 663 seorsim
1555 603 1792 679 prodie·
1848 606 1989 672 etc.;
2023 604 2330 663 eratenim
2351 603 2776 663 viradmodum
2800 604 3135 663 laboriosus

512 696 658 752 runt
706 694 783 751 ib.
840 703 1003 758 1477
1056 695 1120 753 in
1167 695 1206 752 f.
1257 728 1344 739 -—-
1393 692 1791 751 Bononius
1847 695 1908 750 et
1937 692 2211 769 diligens,
2258 694 2363 768 qui
2394 693 2593 751 studio
2625 693 2919 752 indefesso
2951 712 3134 769 opera

513 784 1010 843 Mombritius
1054 783 1345 860 patricius
1390 781 1791 841 Mediolanen·
1847 782 2179 856 composuit
2227 782 2319 841 vel
2363 781 2949 858 saltemssdescripsit:
3002 801 3127 841 ser-

513 873 611 943 sis,
643 874 1016 948 eloquentiae
1046 873 1343 949 professor
1377 870 1459 953 (n.
1499 890 1545 929 c.
1589 880 1789 941 14243
1845 874 2064 930 vantur
2095 870 2287 930 adhuc
2323 881 2401 933 20
2438 872 2553 930 vol.
2586 890 2743 941 msc„
2790 888 2942 946 quae
2992 871 3130 929 dili-

513 959 548 1029 †
579 982 623 1019 c.
667 958 879 1045 1482),
913 963 1270 1039 praeclaram
1319 979 1555 1038 operam
1588 960 1793 1036 posuit
1846 963 2056 1036 genter
2099 959 2523 1019 describuntur
2565 960 2630 1018 in
2660 960 2963 1020 Analectis
2997 961 3127 1021 bol·

513 1051 626 1109 sub
675 1052 846 1111 initio
896 1051 1194 1110 nascentis
1244 1050 1676 1127 typographiae
1727 1049 1792 1107 in
1847 1049 2142 1107 landianis
2174 1052 2217 1107 t.
2252 1049 2384 1108 XIV
2418 1045 2645 1131 (1895)
2683 1060 2860 1117 5-88,
2896 1053 2957 1108 et
2977 1068 3125 1124 quo·

511 1140 886 1215 publicandis
961 1140 1135 1200 bonis
1197 1140 1455 1215 scriptis,
1534 1157 1789 1214 quorum
1844 1157 1977 1196 rum
2011 1138 2243 1214 copiosa
2274 1142 2546 1214 excerpta
2594 1138 2811 1209 ibidem
2843 1138 3127 1198 exhiben-

509 1233 708 1288 tamen
723 1230 1014 1290 editiones
1031 1233 1176 1288 sunt
1189 1225 1602 1308 rarissimael).
1637 1228 1791 1286 Sunt
1844 1230 1960 1284 tur.
1995 1262 2080 1271 —-
2110 1227 2150 1285 J
2166 1246 2451 1286 oannes
2498 1228 2766 1285 Muner
2785 1229 2862 1286 at
2884 1246 2967 1286 us
3001 1228 3123 1286 edi-

510 1318 615 1377 illa
629 1317 899 1378 chronica
932 1320 1036 1378 Eu
1052 1338 1079 1378 s
1097 1337 1128 1376 e
1145 1320 1276 1387 bii,
1311 1319 1364 1376 H
1383 1318 1451 1376 ie
1467 1337 1497 1375 r
1514 1335 1546 1375 o
1564 1336 1732 1393 nym
1751 1317 1787 1385 i,
1844 1315 2004 1374 disse
2031 1316 2300 1375 dicitura
2319 1316 2565 1392 Launoy
2585 1318 2648 1376 in
2667 1317 2806 1374 hist.
2829 1317 3131 1394 gymnasii

510 1407 877 1484 Prosperi
955 1412 1017 1467 et
1075 1407 1360 1466 Matthaei
1420 1405 1789 1464 Palmerii
1844 1405 2183 1481 navarreip.
2205 1417 2328 1468 610
2372 1406 2628 1464 Usuardi
2651 1408 3137 1483 rnartyroloyium·

509 1498 785 1573 usquead
802 1518 851 1556 a.
874 1506 1058 1567 1448,
1092 1496 1408 1556 Mediolani
1447 1504 1606 1557 1475
1637 1495 1704 1552 in
1719 1494 1787 1565 f.;
1844 1493 2115 1553 Coloniae
2156 1504 2318 1557 1490
2354 1495 2418 1553 in
2454 1507 2508 1557 4.
2531 1491 2617 1576 (et
2636 1495 2881 1553 Parisiis
2907 1494 3125 1575 1536),

508 1589 816 1662 scriptores
845 1580 1120 1646 historiae
1151 1585 1570 1663 Auyustae‚ib.
1604 1594 1786 1653 1475;
1843 1582 1941 1640 sed
1988 1584 2063 1641 ad
2109 1586 2309 1642 vetera
2353 1585 2712 1660 exemplaria
2755 1584 2999 1642 minime
3030 1605 3125 1643 re-

508 1694 648 1750 prae
680 1677 890 1750 primis
923 1696 1060 1735 vero
1104 1676 1221 1735 huc
1266 1676 1492 1750 spectat
1522 1673 1597 1733 ob
1629 1674 1786 1732 vitas
1843 1673 2164 1749 cognitum.
2200 1673 2464 1748 Subjecit
2492 1675 2564 1731 tr.
2612 1675 2681 1732 de
2711 1674 2903 1732 divino
2930 1675 3128 1748 officio

509 1769 568 1822 et
601 1769 735 1823 acta
762 1765 858 1823 SS.
892 1766 1137 1824 collecta
1166 1768 1227 1823 et
1257 1764 1415 1823 edita
1435 1763 1504 1821 ib.
1532 1772 1563 1823 2
1589 1782 1644 1820 v.
1664 1762 1727 1820 in
1748 1762 1785 1820 f.
1842 1758 2177 1820 celebrando
2222 1781 2290 1820 ex
2336 1763 2588 1821 decretis
2635 1763 2873 1821 concilii
2904 1762 3121 1822 basile·

509 1854 636 1912 sine
667 1875 716 1913 a.
750 1858 812 1912 et
844 1855 879 1910 1.
915 1850 1284 1937 (Mediolani)
1334 1852 1422 1911 ed.
1457 1851 1784 1928 splendida,
1842 1851 2020 1920 cusia,
2053 1851 2317 1926 itemque
2367 1852 2554 1909 alium
2601 1852 2673 1911 de
2717 1851 3125 1911 moderatione

508 1961 655 2018 opus
717 1962 824 2019 pro
873 1960 941 2001 eo
989 1947 1256 2019 tempore
1305 1942 1561 2018 diligens
1607 1943 1787 2015 atque
1841 1942 1901 1997 et
1930 1940 2237 1998 concordia
2280 1941 2699 2016 grammaticae
2749 1945 2809 1999 et
2858 1942 3125 2000 musicae

507 2033 915 2092 aestimatione
977 2032 1226 2108 dignum
1277 2032 1351 2090 ob
1395 2034 1523 2089 acta
1567 2032 1628 2087 et
1657 2047 1783 2089 mo·
1840 2027 1904 2086 in
1935 2028 2125 2087 officio
2158 2028 2567 2088 ecclesiastico.

506 2125 793 2180 numenta
812 2121 1190 2196 antiquitatis
1206 2139 1272 2179 eo
1293 2122 1608 2187 asservata,
1631 2138 1785 2194 quae

507 2210 770 2285 alioquin
789 2210 1120 2286 periissent.
1155 2243 1229 2253 —
1263 2210 1782 2284 Hieronymus
1934 2216 2076 2269 506.
2123 2207 2312 2264 Vitam
2363 2208 2412 2269 b.
2445 2209 2671 2267 Albmi
2704 2209 2782 2271 M.
2816 2209 2879 2268 O.
2915 2209 3120 2268 Praed.

506 2300 577 2358 de
640 2301 923 2377 Raggiolo
975 2294 1397 2381 (Radoliensis)
1463 2297 1784 2357 monachus
1840 2313 1931 2369 ep.
2009 2295 2436 2355 ratisbonensis
2497 2297 2818 2374 diligenter
2879 2299 3123 2374 collegit

505 2389 1025 2448 vallumbrosanus
1069 2386 1147 2469 (fi.
1204 2384 1396 2467 1480)
1446 2387 1686 2461 scripsit
1716 2387 1787 2443 de
1841 2382 2174 2465 (1486187)
2193 2403 2261 2443 ex
2277 2386 2457 2443 variis
2474 2386 3119 2447 auctoribusPetrus

505 2480 810 2536 miraculis
839 2498 884 2536 s.
922 2478 1224 2536 Gualberti
1253 2478 1316 2535 ll.
1356 2487 1389 2539 3
1425 2476 1489 2534 in
1522 2476 1650 2534 Act.
1685 2474 1783 2533 SS.
1841 2472 1911 2530 de
1945 2474 2180 2532 Pruss
2202 2474 2275 2532 ia
2305 2474 2524 2533 sodalis
2557 2471 2636 2556 (fl.
2680 2472 2895 2545 1483),
2953 2478 3116 2535 Colo—

513 2566 878 2633 12.Ju1.111‚
918 2576 1283 2629 382-453.
1317 2566 1403 2623 De
1434 2568 1552 2622 vita
1581 2565 1781 2622 solita·
1840 2561 1973 2620 niae
2004 2580 2049 2622 c.
2086 2584 2134 2621 a.
2180 2573 2375 2634 14873
2408 2564 2774 2641 Antverpiae
2814 2575 3001 2628 1621.
3035 2567 3122 2624 Ea

503 2658 599 2714 ria
633 2657 984 2732 opusculum
1031 2656 1321 2715 insertum
1370 2657 1461 2713 est
1506 2653 1570 2713 in
1619 2653 1674 2716 J.
1708 2654 1781 2711 M.
1840 2651 1981 2710 stilo
2014 2650 2243 2711 sincero
2276 2656 2337 2711 et
2368 2653 2614 2715 candido
2631 2655 3113 2714 estconcinnata:

502 2746 718 2805 Broc-hi
764 2746 895 2804 Vita
944 2746 1034 2804 del
1078 2746 1125 2805 b.
1163 2742 1394 2804 Mic-hele
1444 2743 1779 2816 Flammini,
1838 2741 1951 2798 etsi
1985 2746 2192 2800 auctor
2225 2743 2477 2802 subinde
2508 2744 2686 2803 nimis
2718 2745 3029 2803 credulum
3057 2764 3119 2803 se

502 2835 746 2892 Firenze
786 2847 970 2898 1761.
1035 2835 1168 2892 Alia
1199 2833 1461 2908 ejusdem
1498 2832 1785 2908 opuscula
1839 2831 2089 2889 exhibet.
2123 2864 2209 2873 —-
2239 2831 2459 2890 Eodem
2477 2834 2740 2909 tempore
2759 2833 2915 2893 alius
2947 2833 3115 2893 soda-

502 2924 1101 2982 manseruntinedita.
1144 2956 1213 2965 —
1255 2923 1593 2982 Joannes
1629 2921 1777 2978 Gie-
1838 2918 1913 2977 lis
1975 2920 2429 2995 Radulphus
2508 2921 2581 2980 de
2647 2923 3119 2999 Noviomago

501 3014 798 3071 lemans
843 3008 1261 3095 (Gillemanus)
1308 3011 1626 3070 canonicus
1659 3029 1781 3086 reg.
1839 3007 2060 3067 obtulit
2092 3009 2363 3084 patribus
2412 3012 2749 3086 provinciae
2779 3013 3121 3072 teutonicae

503 3119 546 3158 8.
597 3103 748 3179 Aug.
794 3102 1011 3160 rubeae
1053 3101 1224 3161 vallis
1273 3095 1780 3181 (llouge-Cloitre)
1840 3097 2213 3157 Pfortzheimi
2267 3108 2431 3162 1488
2474 3103 2850 3178 congregatis
2898 3103 3114 3178 Βερονι-

501 3189 563 3247 in
596 3190 812 3249 Sonnia
844 3192 995 3249 silva
1013 3190 1565 3249 alteroaBruxellis
1587 3188 1781 3264 lapide
1837 3185 1977 3245 dam
2010 3188 2058 3245 b.
2090 3189 2313 3246 Alberti
2334 3189 2413 3246 M.
2448 3190 2511 3246 in
2534 3199 2568 3252 3
2592 3209 2691 3265 pp.
2727 3190 3119 3250 distributam

503 3280 727 3347 ,frater
761 3281 1007 3356 simplex
1042 3280 1238 3354 quoad
1278 3278 1639 3353 temporalia,
1676 3277 1777 3335 sed
1838 3271 2140 3356 (Coloniae
2187 3296 2228 3335 s.
2281 3295 2364 3339 a.:
2408 3287 2605 3348 14843
2647 3289 2811 3342 1400
2848 3281 2909 3338 in
2946 3277 3048 3352 4.).
3082 3299 3118 3338 a

501 3368 751 3428 devotus
786 3369 951 3428 valde
986 3368 1178 3444 quoad
1211 3369 1471 3438 divina,‘
1523 3368 1624 3443 pie
1655 3385 1778 3426 cre-
1837 3365 2057 3439 quibus
2090 3369 2150 3424 et
2169 3366 2492 3442 approbata
2513 3368 2645 3426 fuit.
2680 3402 2764 3411 —
2796 3369 2945 3428 'rho
2966 3387 3121 3428 mas

498 3459 674 3518 dulus
727 3455 793 3539 (†
847 3456 1040 3538 1487)
1093 3460 1331 3536 collegit
1374 3457 1779 3535 Hayioloyium
1837 3455 2061 3513 Schif
2069 3455 2294 3514 aldus
2349 3457 2415 3520 Ο.
2449 3456 2653 3515 Praed.
2689 3457 2929 3517 Siculus
2962 3459 3115 3534 poli-

498 3549 978 3608 brabantinorum
1023 3546 1343 3630 (ineditum
1388 3550 1460 3604 ut
1491 3543 1777 3622 videtur),
1834 3543 2089 3603 tioribus
2120 3545 2311 3603 literis
2344 3545 2614 3605 imbutus
2646 3550 2851 3605 narrat
2872 3551 3039 3607 vitam
3064 3549 3113 3607 b.

497 3657 528 3696 e
561 3657 679 3713 quo
710 3640 867 3698 vitae
898 3637 1185 3714 quaedam
1217 3639 1484 3712 receptae
1517 3636 1681 3694 fuere
1713 3635 1778 3692 in
1836 3633 1996 3691 Petri
2068 3633 2359 3692 Jeremiae
2430 3637 2827 3709 panormitani
2892 3638 2955 3695 Ο.
3018 3639 3117 3699 Pr.

494 3732 624 3786 acta
673 3728 768 3786 SS.
822 3732 892 3787 ut
938 3747 981 3786 s.
1016 3726 1396 3786 Himelini
1443 3723 1780 3801 presbyteri
1837 3719 1897 3804 (1·
1937 3717 2146 3803 1452),
2194 3742 2364 3798 quam
2410 3724 2536 3783 sine
2582 3726 2842 3784 auctoris
2874 3728 3114 3786 nomine

495 3817 818 3876 senecensis
881 3818 946 3875 in
1007 3816 1336 3875 Brabautia
1395 3815 1530 3894 (sec.
1593 3809 1778 3894 vm.)
1834 3812 2148 3871 ediderunt
2167 3812 2291 3872 Oct.
2313 3813 2628 3889 cajetanus
2648 3814 2743 3876 SJ.
2768 3816 2832 3873 in
2853 3815 2991 3875 vitis
3014 3816 3111 3875 SS.

503 3919 596 3969 10.
649 3908 816 3965 Mart.
867 3906 943 3976 ΙΙ,
996 3915 1107 3974 47;
1156 3903 1661 3963 Christianae
1709 3903 1776 3960 V.
1835 3901 2157 3960 siculorum
2172 3901 2247 3970 11,
2276 3911 2400 3964 254
2435 3903 2837 3963 etBollandus
2869 3906 2933 3963 in
2948 3907 3116 3964 Actis

497 3993 631 4066 (sec.
668 3993 848 4075 VIII.)
887 4005 986 4056 26.
1022 3995 1145 4053 Jul.
1184 3994 1279 4060 vl,
1318 4002 1656 4062 314-163
1720 3992 1776 4055 b.
1835 3989 1930 4047 88.
1966 3990 2161 4048 Martii
2191 3992 2237 4058 1,
2276 4001 2420 4054 294.
2483 3992 2627 4067 Ejus
2672 4011 2822 4068 opus
2868 3994 2939 4052 de
2971 3995 3123 4054 viris

492 4085 668 4142 Idae
732 4085 945 4142 viduae
993 4079 1053 4164 (†
1109 4094 1173 4145 11
1201 4077 1326 4163 13),
1384 4092 1479 4144 13.
1525 4085 1664 4157 Apr.
1698 4082 1775 4153 11,
1832 4078 2169 4138 illustribus
2190 4080 2254 4143 Ο.
2277 4081 2368 4139 Pr.
2400 4082 2622 4140 mansit
2640 4082 2936 4141 ineditum
2959 4084 3115 4143 sicut

500 4184 639 4236 145.
684 4183 837 4242 146;
873 4173 1054 4231 etiam
1088 4173 1285 4248 Migne
1328 4181 1468 4241 155,
1507 4180 1773 4233 447-52.
1832 4171 1893 4226 et
1925 4171 2384 4230 commentarius
2415 4171 2478 4228 in
2512 4171 2772 4230 Psalmos
2807 4171 2886 4244 (fl.
2928 4183 3117 4238 1495.

489 4263 603 4321 Illo
635 4263 965 4337 plurimum
996 4280 1143 4320 usus
1178 4265 1270 4320 est
1301 4260 1391 4318 Jo.
1427 4259 1773 4330 Bollandus‚
1832 4259 2383 4318 —Ambrosius
2418 4260 2785 4319 Senensis
2808 4260 3110 4341 0.S.Aug.

489 4356 561 4410 ut
591 4352 718 4428 ipse
739 4355 997 4410 testatur
1015 4351 1074 4410 in
1097 4351 1277 4427 praef.
1304 4368 1501 4426 gener.
1524 4349 1598 4407 ad
1620 4349 1774 4407 vitas
1833 4344 1913 4428 (fl.
1958 4345 2151 4430 1483)
2183 4349 2379 4407 italice
2397 4353 2603 4408 narrat
2621 4352 2797 4409 vitam
2815 4370 2859 4412 s.
2884 4352 3115 4410 Nic-olai

492 4440 587 4502 SS.
635 4460 680 4503 c.
733 4451 768 4502 4
819 4437 850 4507 ἓ
889 4452 941 4498 9.
1006 4440 1358 4517 compilavit
1392 4439 1773 4497 Gilemannus
1832 4438 2105 4513 tolentini,
2135 4437 2393 4496 venetiis
2423 4449 2533 4502 151
2562 4450 2608 4500 1.
2642 4472 2729 4482 -——
2761 4440 3113 4501 Francis-

488 4534 793 4606 praeterea
835 4530 1049 4589 Novale
1082 4531 1184 4589 SS.
1219 4533 1260 4588 t.
1299 4539 1332 4590 2
1384 4532 1444 4588 et
1490 4529 1772 4586 Sanctilo·
1831 4545 1960 4585 cus
1994 4526 2283 4586 Diedus
2314 4528 2602 4603 patricius
2634 4533 2885 4589 venetus
2905 4533 2965 4589 et
2981 4531 3112 4589 Bri-

1828 4616 1957 4673 xiae
1973 4617 2303 4691 praefectus
2318 4611 2380 4698 (†
2407 4629 2425 4680 l
2445 4626 2524 4680 48
2536 4615 2599 4698 3)
2618 4621 2791 4676 vitam
2807 4639 2851 4678 s.
2872 4620 3050 4678 Roehae'
3065 4616 3117 4702 ¹)

568 4764 600 4821 ¹)
631 4755 712 4810 Of.
741 4754 1001 4825 Argelati
1045 4755 1114 4818 ll,
1144 4760 1171 4811 1
1201 4758 1306 4811 939
1337 4772 1435 4814 ss,;
1479 4752 1773 4806 Fabricius
1908 4758 1942 4822 ¹)
1971 4752 2134 4806 Prius
2175 4753 2298 4820 jam
2352 4752 2643 4822 prodierat
2685 4754 2938 4822 ejusdem
2992 4756 3114 4808 vita.

489 4827 553 4890 V,
581 4833 682 4885 8‘2:
730 4826 882 4880 Sassi
919 4827 1052 4883 hist.
1095 4831 1320 4896 typogr.
1367 4823 1510 4878 med.
1552 4841 1607 4892 p.
1635 4828 1772 4884 146;
1828 4827 2057 4877 auctore
2083 4823 2171 4876 J0.
2200 4824 2394 4887 Pino‚
2423 4824 2655 4878 Parisiis
2684 4831 2852 4884 15162
2880 4831 3113 4880 auctore

487 4898 814 4953 Tiraboschi
843 4899 934 4952 VI.
964 4917 1019 4968 p.
1048 4903 1098 4954 1.
1127 4939 1157 4952 ..
1186 4904 1235 4953 2.
1265 4913 1311 4950 c.
1340 4902 1366 4953 1
1399 4915 1453 4951 n.
1481 4900 1568 4950 32.
1828 4895 1994 4948 Petro
2022 4894 2164 4948 Lud.
2194 4895 2387 4949 Mald
2408 4913 2537 4949 ura
2563 4914 2604 4950 s.
2632 4898 2670 4952 l.
2698 4901 2756 4950 et
2780 4914 2830 4950 a.
2848 4901 2913 4966 (c.
2932 4899 3115 4969 1495).
