3475 5364
640 390 761 449 395

634 555 1101 639 experimentali.
1170 556 1402 624 Pars'7.
1436 562 1508 620 de
1539 555 1749 621 morali
1779 561 1910 636 phi-

634 652 904 728 losophia
952 651 1175 727 prodiit
1223 651 1464 710 Dublini
1494 646 1703 714 1860.
1796 651 1911 708 Ex·

632 743 837 818 cerpta
895 743 1171 817 prostant
1216 740 1277 799 in
1326 740 1452 798 ΜΘ.
1505 740 1597 801 SS.
1647 736 1910 808 XXVIII,

640 839 961 894 569—83.
1026 829 1149 889 Hoc
1178 847 1329 905 opus
1361 829 1689 905 expetierat
1719 829 1911 887 literis

631 920 707 978 ad
722 937 861 978 eum
880 918 1032 977 datis
1052 917 1303 980 23.Jun.
1330 928 1491 981 1266
1511 918 1778 977 Clemens
1796 917 1909 987 lv„

636 1009 736 1067 sed
756 1008 963 1067 timuit
984 1008 1246 1085 Bogerus
1267 1007 1416 1066 illud
1432 1008 1666 1066 mittere
1688 1046 1715 1075 ,
1728 1025 1909 1083 prop-

633 1102 728 1156 ter
771 1097 1003 1156 viarum
1049 1097 1302 1155 maxima
1347 1095 1612 1172 pericula
1641 1100 1704 1155 et
1732 1092 1910 1154 amis-

636 1186 867 1246 sionem
928 1185 1123 1260 operis
1183 1185 1592 1262 possibilem‘‚
1659 1185 1911 1260 ideoque

635 1275 964 1334 elaboravit
983 1274 1145 1333 illius
1164 1276 1480 1351 epitomen,
1513 1274 1673 1349 quod
1703 1276 1910 1350 appel-

634 1365 784 1423 lavit
823 1382 966 1440 opus
997 1366 1203 1422 minus.
1268 1364 1378 1422 Sed
1426 1363 1623 1432 ,sicut
1670 1368 1913 1439 propter

636 1454 739 1512 has
783 1453 1048 1512 rationes
1079 1471 1232 1530 opus
1265 1452 1593 1511 secundum
1626 1454 1700 1511 ad
1731 1452 1909 1512 intel·

633 1542 942 1620 ligantiam
961 1545 1022 1601 et
1041 1542 1538 1618 complementum
1559 1540 1735 1617 primi
1757 1561 1912 1601 com-

636 1633 827 1708 posui,
864 1632 947 1690 sic
977 1634 1221 1707 propter
1248 1631 1484 1690 easdem
1507 1631 1655 1689 hanc
1674 1631 1910 1689 tertiam

635 1721 992 1797 scripturam
1023 1720 1272 1780 formavi
1319 1720 1392 1778 ad
1437 1720 1809 1778 intellectum
1852 1724 1914 1779 et

634 1810 1056 1886 perfectionem
1100 1808 1416 1884 utriusque
1448 1810 1641 1884 operis
1673 1828 1910 1885 praece-

634 1898 864 1968 dentis;
933 1916 1072 1957 nam
1132 1917 1311 1974 quam
1371 1898 1547 1974 plura
1606 1898 1914 1957 adduntur

636 1987 961 2065 magnifica,
1026 1986 1292 2047 decorem
1346 1986 1670 2063 sapientiae
1721 1988 1908 2046 conti-

635 2078 858 2141 nentia,
905 2095 1057 2150 quae
1087 2077 1152 2135 in
1182 2076 1326 2136 locis
1358 2076 1491 2134 aliis
1519 2095 1641 2134 non
1689 2077 1910 2134 haben-

633 2170 776 2225 tur·
794 2162 873 2247 ¹):
908 2170 973 2224 et
988 2166 1100 2224 hoc
1117 2164 1270 2224 dixit
1289 2182 1435 2241 opus
1464 2167 1713 2223 tertium.
1749 2164 1911 2241 Opus

635 2256 835 2314 minus
871 2251 1014 2337 (non
1035 2254 1180 2313 satis
1205 2249 1533 2333 integrum)
1566 2257 1629 2313 et
1657 2254 1909 2314 tertium

635 2344 986 2420 prodierunt
1015 2343 1175 2401 inter
1201 2363 1402 2402 rerum
1437 2343 1913 2401 britannicarum

633 2433 813 2492 medii
844 2433 973 2491 aevi
1006 2433 1320 2506 scriptores
1364 2429 1444 2513 (n.
1487 2428 1609 2512 15),
1657 2432 1911 2491 Londini

643 2531 806 2586 1859
840 2540 982 2580 cura
1010 2522 1246 2580 Brewer
1275 2521 1425 2580 illud
1456 2522 1501 2590 I,
1541 2530 1908 2591 313--389‚

636 2611 745 2670 hoc
775 2612 820 2681 I,
858 2618 1135 2673 3—310.
1187 2611 1256 2668 In
1287 2629 1464 2687 opere
1495 2610 1712 2670 minori
1747 2629 1908 2669 men·

634 2700 857 2760 tionem
887 2701 1029 2759 facit
1059 2703 1283 2776 septem
1314 2705 1706 2776 peccatorum,
1759 2720 1910 2776 quae

634 2789 701 2848 in
750 2790 950 2849 studio
996 2808 1040 2847 s.
1073 2789 1404 2865 theologiae
1453 2789 1645 2848 locum
1696 2790 1910 2850 habere

635 2878 843 2950 solent,
890 2879 1051 2937 inter
1095 2897 1245 2953 quae
1278 2883 1543 2937 recenset
1574 2879 1907 2954 corruptio-

633 2985 771 3027 nem
800 2970 999 3026 textus
1031 2985 1076 3025 s.
1110 2967 1460 3042 Scripturas,
1494 2986 1801 3043 perversas
1833 2968 1907 3027 il-

633 3057 750 3115 lius
767 3056 1302 3131 interpretationes,
1336 3057 1773 3134 ignorationem
1792 3057 1907 3116 lin·

633 3165 903 3222 guarum,
936 3146 1274 3222 neglectum
1306 3146 1770 3215 mathematicae,
1807 3147 1905 3204 sed

632 3237 695 3293 et
725 3273 752 3303 ,
770 3235 928 3310 quod
959 3233 1297 3310 praefertur
1325 3254 1445 3293 una
1464 3235 1764 3294 sententia
1783 3254 1906 3293 ma-

629 3324 895 3406 gistralis
945 3322 1138 3382 textui
1195 3321 1494 3382 facultatis
1539 3323 1908 3401 theologicae

630 3413 752 3472 scil.
774 3414 926 3472 liber
949 3412 1379 3472 sententiarum
1393 3421 1440 3469 ‘.
1494 3413 1906 3492 Compendium

627 3503 813 3561 studii
848 3502 1242 3582 philosophiae
1285 3501 1511 3578 prodiit
1542 3503 1617 3560 ib.
1650 3523 1706 3578 p.
1746 3511 1904 3566 393·

631 3602 775 3655 519.
850 3592 921 3650 Ιιι
952 3610 1021 3651 eo
1053 3609 1186 3649 cum
1238 3593 1585 3666 contemptu
1632 3591 1907 3666 loquitur

627 3680 698 3741 de
729 3680 1068 3740 Aristotelis
1116 3679 1502 3756 philosophia,
1555 3680 1626 3739 de
1659 3679 1902 3740 Alberto

627 3771 701 3829 M.
738 3773 797 3829 et
830 3789 873 3828 s.
907 3770 1142 3836 Thoma.
1176 3787 1326 3844 quos
1356 3788 1573 3844 pueros
1606 3772 1796 3840 vocat,
1831 3770 1902 3828 de

626 3878 857 3918 summa
877 3858 1194 3917 Alexandri
1217 3857 1509 3917 Halensis.
1572 3858 1695 3917 Hoc
1723 3859 1900 3917 etiam

625 3948 991 4007 occasionem
1020 3947 1182 4005 dedit
1201 3947 1428 4005 duriori
1449 3947 1663 4024 agendi
1682 3948 1903 4007 rationi

627 4038 909 4096 adversus
942 4036 1138 4111 ipsum
1172 4036 1262 4095 vel
1293 4055 1361 4096 ex
1392 4041 1558 4112 parte
1592 4036 1897 4095 sodalium.

623 4128 695 4186 In
716 4127 917 4185 eadem
937 4126 1024 4183 ed.
1046 4126 1302 4184 Breweri
1321 4128 1559 4184 exstant
1572 4125 1753 4184 etiam
1769 4126 1897 4200 ejus

623 4236 711 4292 ep.
746 4217 814 4274 de
844 4217 1073 4273 secretis
1103 4216 1371 4290 operibus
1404 4215 1549 4273 artis
1569 4218 1629 4273 et
1649 4219 1897 4274 naturae

624 4301 895 4388 (Parisiis
950 4315 1106 4367 1541
1168 4307 1229 4362 et
1278 4322 1451 4380 saepe
1501 4301 1669 4384 alibi)
1721 4307 1784 4363 et
1831 4304 1899 4362 de

620 4396 884 4455 nullitate
914 4395 1139 4471 ’παρίω
1171 4389 1249 4474 (p.
1288 4402 1410 4456 523
1431 4402 1542 4456 —5
1556 4388 1635 4474 2).

712 4494 856 4547 210.
925 4483 1033 4542 His
1082 4482 1379 4541 addantur
1427 4482 1785 4557 interpretes
1832 4482 1895 4539 ll.

1042 380 1414 433 1276—1300.
1440 375 1635 429 Theol.
1663 374 2018 429 scholastica.
2043 374 2182 445 Rog.
2210 373 2415 440 Bacon,
2444 371 2831 428 Sententiarii.

3140 388 3284 442 396

1966 579 2104 619 cum
2113 563 2174 618 et
2187 561 2454 636 ipsorum
2468 578 2645 636 opera
2659 561 2992 619 manserint
3007 558 3280 627 inedita,

1965 654 2037 708 ut
2075 650 2387 710 Thomas
2433 648 2893 708 Borstallus
2941 648 3006 707 Ο.
3056 648 3278 707 Ετοιιι.

1968 757 2012 798 s.
2034 741 2184 816 Aug.
2208 737 2657 805 Norsolciensis‚
2692 739 2900 798 doctor
2929 740 2991 796 et
3020 736 3283 814 profes·

1967 846 2065 887 sor
2116 828 2179 886 in
2230 827 2540 888 Sorbonna
2588 826 2835 886 Parisiis
2895 845 3141 885 necnon
3208 826 3280 884 in

1966 917 2198 975 duabus
2226 917 2539 976 academiis
2560 916 2812 993 Angliae
2836 914 2897 997 (†
2929 913 3135 997 1290)
3181 948 3280 958 -·

1967 1007 2294 1065 Carolus
2327 1006 2713 1083 Anglicus
2747 1006 2811 1067 Ο.
2848 1024 2926 1064 ss.
2958 1005 3125 1063 Trin„
3150 1004 3276 1063 cla-

1965 1113 2071 1153 rus
2093 1095 2430 1154 oxoniensis
2461 1094 2848 1154 scholasticus
2880 1092 2964 1175 (fl.
2986 1113 3033 1153 c.
3058 1105 3083 1156 1
3101 1100 3278 1169 276)

1966 1218 2053 1229 —
2113 1186 2176 1242 et
2236 1183 2414 1260 hujus
2477 1183 2705 1242 sodales
2763 1184 3113 1242 Joannes
3195 1183 3283 1240 de

1967 1274 2013 1332 B
2028 1293 2061 1333 o
2079 1291 2106 1331 s
2122 1291 2153 1331 c
2170 1291 2204 1333 o
2239 1269 2616 1355 (Holywood)
2666 1273 2901 1350 Anglus
2919 1271 2986 1352 ¹),
3039 1272 3279 1347 parisi-

1965 1362 2126 1421 ensis
2162 1362 2368 1423 doctor
2414 1359 2475 1445 (†
2517 1372 2610 1425 13.
2643 1362 2775 1420 Dec.
2816 1373 2843 1425 l
2860 1358 3036 1442 291),
3086 1362 3131 1419 C
3147 1380 3188 1420 o
3210 1381 3278 1418 r·

1966 1452 2228 1511 nelius
2278 1452 2601 1522 Hibernae,
2654 1451 2998 1510 oxoniensis
3048 1451 3276 1509 doctor

1969 1536 2030 1622 (†
2070 1540 2267 1602 1.'Oct.
2308 1536 2520 1621 1295),
2554 1542 2617 1598 et
2646 1540 3042 1600 Bobertus
3075 1539 3275 1598 Her·

1966 1629 2005 1687 b
2022 1649 2053 1689 e
2069 1649 2101 1687 r
2113 1633 2141 1688 t
2156 1650 2199 1687 ιι
2213 1648 2241 1687 s
2290 1630 2612 1698 Hibernus,
2674 1629 2996 1706 theologus
3048 1629 3276 1689 doctor

1966 1718 2298 1777 oxoniensis
2320 1715 2381 1800 (†
2405 1715 2616 1798 1299).
2650 1751 2735 1762 --
2768 1719 2882 1777 Hu
2899 1737 2955 1775 m
2975 1718 3063 1777 be
3080 1720 3156 1776 rt
3173 1739 3221 1776 ιι
3239 1736 3274 1774 s

1969 1803 2370 1892 (Himbertus)
2401 1807 2472 1867 de
2504 1807 2778 1883 Gendrey
2810 1806 2876 1866 Ο.
2909 1808 3074 1875 Cist„
3117 1807 3274 1866 doc-

1964 1900 2062 1955 tor
2090 1897 2453 1972 parisiensis,
2488 1896 2668 1955 abbas
2698 1895 2959 1955 Pruliaci
2991 1896 3060 1954 in
3092 1895 3268 1955 dioe-

1966 1986 2082 2044 cesi
2112 1986 2428 2046 senonensi
2476 1982 2704 2067 (12963
2735 1983 2772 2052 †
2811 1980 3029 2066 1298),
3079 1986 3267 2061 cujus

1965 2075 2141 2133 etiam
2187 2074 2611 2134 commentaria
2639 2074 2706 2133 in
2736 2073 3086 2133 universam
3120 2074 3268 2132 Ari-

1966 2164 2198 2222 stotelis
2220 2164 2686 2241 metaphysicam
2705 2166 2768 2222 et
2786 2163 2850 2222 in
2870 2163 2933 2221 ll.
2955 2163 3032 2221 de
3051 2164 3264 2222 anima

1966 2255 2110 2311 sunt
2138 2253 2382 2313 inedita.
2415 2288 2503 2296 —
2533 2252 2730 2327 Hujus
2773 2252 2995 2311 sodalis
3029 2252 3262 2311 Fran-

1966 2342 2161 2401 cisci
2206 2342 2560 2402 Caesaris
2615 2339 2712 2423 (de
2744 2337 2995 2419 Keyser)
3046 2359 3263 2401 mona-

1966 2431 2131 2490 sterii
2151 2432 2224 2490 de
2245 2432 2457 2500 Dunia,
2492 2430 2751 2501 mandri,
2781 2427 2841 2512 (†
2869 2427 3068 2497 1298)
3093 2449 3257 2489 com-

1964 2520 2271 2590 mentaria,
2319 2520 2663 2580 monasterii
2693 2519 2968 2579 incendio
3004 2520 3082 2577 ab
3117 2521 3256 2578 hae·

1965 2609 2167 2668 reticis
2213 2606 2440 2691 (1578)
2488 2610 2814 2677 combusta,
2858 2608 3260 2668 subtilissima

1964 2697 2146 2758 fuisse
2176 2700 2475 2759 dicuntur.
2544 2700 2676 2758 Vita
2706 2719 2753 2759 e.
2784 2697 3093 2757 Ber-nardi
3123 2719 3258 2759 ver-

1965 2788 2130 2847 sibus
2162 2807 2435 2866 expressa
2463 2788 2691 2864 prodiit
2730 2796 2916 2851 1483.
2957 2822 3034 2833 -
3087 2788 3256 2846 Bal·

1964 2877 2250 2937 duinus
2297 2877 2369 2936 de
2400 2879 2499 2937 Bo
2518 2896 2545 2936 s
2563 2895 2650 2936 su
2696 2873 2980 2959 (Boussu)
3027 2878 3260 2952 pariter

1964 2967 2029 3026 Ο.
2082 2966 2222 3025 Cist.
2286 2970 2345 3025 et-
2404 2967 2585 3025 abbas
2648 2966 3114 3026 cambronensis.
3166 2999 3257 3012 --

1963 3055 2401 3114 Guilelmus
2455 3056 2786 3132 Pagham
2844 3053 2943 3134 (de
2994 3053 3256 3134 Pagala)

1964 3144 2028 3202 Ο.
2049 3144 2232 3204 Carm.
2265 3145 2518 3222 AngluS,
2556 3145 2765 3204 doctor
2793 3144 3137 3202 oxoniensis
3172 3145 3253 3226 (fl.

1962 3252 2009 3291 c.
2036 3230 2249 3316 1280),
2271 3235 2443 3309 cujus
2463 3234 2639 3310 plura
2660 3233 2986 3292 laudant-ur
3005 3233 3252 3293 inedita.

2053 3421 2125 3474 21
2149 3423 2198 3473 1.
2219 3411 2362 3470 Post
2380 3411 2696 3470 Albertum
2717 3411 2792 3474 Μ.
2810 3411 3076 3487 primum
3096 3413 3254 3471 forte

1958 3501 2157 3559 locum
2172 3501 2329 3559 inter
2339 3501 2644 3577 theologos
2661 3500 3046 3560 scholasticos
3064 3501 3249 3577 hujus

1957 3589 2085 3648 aevi
2162 3593 2414 3664 occupat
2489 3589 2542 3647 H
2562 3590 2731 3648 enri
2750 3608 2835 3648 cu
2854 3608 2883 3648 s
2960 3590 3250 3649 Ganda-

1958 3697 1994 3736 v
2011 3697 2042 3737 e
2058 3698 2098 3736 n
2115 3679 2252 3747 sis,
2331 3679 2536 3738 doctor
2593 3679 2859 3737 solemnis
2921 3679 3246 3738 salutatus.

1957 3767 2122 3826 Circa
2140 3768 2267 3843 ejus
2285 3767 2469 3826 vitam
2490 3768 2681 3826 multa
2700 3771 2846 3826 sunt
2865 3766 3073 3837 dubia,
3105 3768 3246 3827 hinc

1956 3860 2118 3915 ortae
2150 3861 2355 3915 nostra
2399 3859 2592 3916 aetate
2637 3857 3078 3917 controversiae
3111 3858 3246 3916 lite·

1955 4082 2153 4134 saltem
2183 4080 2432 4150 sexagies
2455 4081 2763 4149 quinquies
2785 4080 3004 4151 prodiit
3025 4082 3246 4150 quique

1954 4152 2160 4205 obiisse
2189 4153 2403 4205 dicitur
2430 4156 2570 4208 1244
2599 4152 2687 4205 vel
2715 4156 2874 4208 1256.

2033 4227 2068 4286 ¹)
2098 4224 2214 4277 Alii
2242 4222 2494 4293 theologi
2521 4222 2844 4276 scholastici
2888 4223 3066 4284 fuere,
3106 4241 3240 4292 quo·

1954 4313 2079 4350 rum
2104 4294 2365 4348 laborum
2395 4295 2617 4348 fructus
2642 4297 2981 4348 manserunt
3020 4294 3236 4356 inediti,

1954 4371 2020 4419 ut
2070 4366 2394 4434 speciminis
2445 4366 2651 4436 gratia.
2691 4365 2738 4419 R
2754 4366 2774 4420 i
2792 4384 2820 4419 c
2836 4366 2875 4420 h
2892 4382 2924 4418 a
2941 4383 2969 4417 r
2987 4367 3024 4418 d
3042 4383 3079 4420 u
3098 4384 3123 4418 s
3172 4367 3238 4420 de

1955 4439 2001 4490 A
2022 4440 2056 4491 b
2072 4455 2102 4492 e
2120 4455 2145 4490 ι·
2160 4437 2195 4490 d
2216 4454 2246 4491 o
2264 4455 2302 4490 n
2320 4436 2340 4490 i
2356 4453 2390 4490 a
2418 4439 2477 4492 Ο.
2502 4454 2570 4490 ss.
2598 4435 2752 4490 Trin.
2773 4436 3016 4507 Anglus,
3044 4437 3239 4492 doctor

1953 4508 2273 4562 oxoniensis
2295 4508 2369 4579 (fl.
2391 4525 2434 4562 c.
2457 4525 2506 4563 a.
2528 4512 2718 4572 1276);
2746 4511 2806 4562 ct
2828 4508 3006 4578 hujus
3034 4509 3237 4563 sodalis

618 4574 1049 4632 sententiarum
1070 4573 1317 4631 aliorum
1340 4571 1614 4630 ordinum
1636 4572 1730 4630 vel
1756 4571 1896 4630 cleri
1953 4582 2001 4632 A
2018 4599 2056 4633 n
2075 4599 2098 4632 s
2116 4597 2144 4633 e
2160 4581 2250 4634 lm
2271 4598 2306 4632 u
2324 4598 2349 4633 s
2375 4580 2445 4634 de
2474 4579 2521 4632 K
2538 4597 2571 4633 a
2589 4597 2623 4631 n
2641 4595 2671 4632 e
2687 4595 2714 4632 ι·
2730 4595 2759 4632 e
2777 4597 2802 4632 s
2824 4581 2860 4633 b
2878 4596 2914 4632 ιι
2930 4597 2960 4633 r
2975 4599 3015 4651 g
3031 4598 3064 4634 o
3097 4585 3234 4650 Ang-

618 4663 917 4732 330u13ffi3‚
979 4680 1128 4737 quos
1178 4661 1513 4719 nominasse
1563 4657 1893 4741 sufficiae),
1951 4651 2059 4713 lus,
2088 4651 2412 4706 oxoniensis
2439 4652 2637 4705 doctor
2675 4652 2735 4706 et
2772 4653 3060 4721 professor
3088 4653 3235 4705 theo·

692 4801 732 4866 ¹)
766 4798 845 4849 Ita
872 4795 993 4866 ipse
1021 4793 1082 4850 in
1111 4813 1156 4848 c.
1184 4789 1336 4864 l'op.
1362 4792 1539 4847 tertii.

1955 4723 2139 4793 [ogiae
2183 4727 2231 4792 (†
2275 4728 2360 4778 11.
2404 4724 2455 4776 Α
2500 4725 2778 4790 r.1290);
2825 4721 3127 4777 Simeon
3171 4723 3233 4776 de

1952 4794 2320 4848 Leontino
2363 4793 2426 4850 Ο.
2499 4791 2649 4852 raed,
2678 4793 2978 4863 episcopus
3017 4811 3232 4862 syracu-

692 4873 731 4936 2)
760 4867 922 4920 Alius
966 4867 1040 4919 ab
1079 4882 1144 4919 eo
1187 4865 1411 4918 videtur
1453 4867 1486 4920 J
1503 4883 1535 4919 o
1553 4883 1585 4918 a
1604 4884 1639 4917 ιι
1659 4883 1740 4919 ne
1759 4884 1783 4918 s
1826 4866 1894 4919 de
1952 4882 2122 4919 sanus
2151 4869 2452 4930 (1269-94
2478 4869 2545 4932 c.)
2574 4868 2679 4918 etc.
2730 4863 2813 4926 cf.
2842 4864 3033 4918 Gener
3062 4865 3232 4920 theol.

616 4939 745 4993 Sao
764 4956 837 4992 ro
881 4938 973 4992 Bo
992 4954 1127 5001 εοο,
1168 4939 1331 5006 cujus
1361 4937 1397 4991 l.
1426 4939 1666 5005 sphaera
1708 4942 1898 4990 mundi
1951 4937 2138 5006 dogm.
2167 4936 2342 4991 schol.
2374 4937 2412 4989 1.
2440 4935 2632 5005 prodr.
2661 4942 2688 4991 1
2719 4952 2765 4989 c.
2791 4941 2826 4991 4
2855 4956 2909 5006 p.
2940 4941 3044 4993 147
3075 4954 3144 4989 se.
