3475 5364
328 362 486 428 1377
857 357 1040 421 Per-ez,
1070 358 1138 411 tle
1168 358 1359 428 Spina,
1386 357 1709 427 viguerim,
1737 357 1987 421 Uimina,
2014 354 2397 410 Sententiarii.
2771 358 2931 429 1373

319 550 452 602 mus
500 545 728 601 Perez
772 528 1129 602 Valentinus
1182 542 1244 601 Ο.
1281 541 1497 600 Mariae
1529 540 1595 603 V.
1652 542 1872 600 lelmi
1918 538 2267 600 Parisiensis
2314 536 2394 625 (p.
2433 536 2587 625 262)
2611 542 2930 644 dialogum

320 634 391 691 de
424 634 594 696 Mero,
630 651 672 691 s.
707 632 962 690 Thomae
1003 633 1293 707 interpres
1326 630 1594 689 'subtilis-
1652 632 1721 689 de
1751 636 1960 704 septem
2004 633 2395 707 memineritis,
2445 624 2521 689 ib.
2563 624 2727 694 1550
2776 632 2840 690 in
2877 640 2930 694 8.

319 722 502 780 simus
536 721 669 780 fuit.
732 723 830 779 A
819 721 1019 780 schola
1051 720 1352 779 valentina
1386 723 1598 797 agente
1652 721 1765 783 etc.

320 830 359 869 s,
414 809 615 869 Franc.
668 811 885 886 Borgia
944 819 1091 868 tunc
1142 809 1399 868 Gandiae
1450 809 1597 867 duce

320 901 469 959 hanc
500 901 561 957 in
592 899 798 957 urbem
848 899 1091 957 transiit
1135 901 1453 974 ipsumque
1487 898 1596 955 du·-
1746 904 1890 960 637.
1923 896 2262 956 {loannes
2310 897 2731 974 Viguerius
2767 893 2931 980 (vig-

321 1002 443 1047 cem
477 1007 546 1047 ss.
580 989 768 1046 literis
802 987 1037 1046 imbuit.
1072 987 1267 1063 Hujus
1302 1005 1596 1045 commen·
1652 982 1808 1067 uier)
1861 986 1924 1045 Ο.
1973 986 2194 1055 Praed.‚
2248 984 2627 1046 Granatensis
2679 987 2932 1045 subinde

318 1078 476 1136 taria
506 1079 570 1136 in
612 1078 660 1140 1.
695 1080 757 1135 et
786 1078 847 1136 in
890 1089 937 1140 1.
976 1086 1029 1138 2.
1063 1081 1119 1152 p.
1155 1095 1196 1135 s.
1230 1076 1483 1135 Thomae
1527 1094 1596 1134 ex
1652 1076 1848 1134 dictus
1885 1096 1918 1134 a
1951 1072 2242 1134 Granatae
2284 1074 2566 1134 urbecula
2595 1076 2661 1134 in
2693 1074 2928 1135 Tolosa-

320 1170 415 1225 tot
446 1167 684 1225 ineditis
734 1167 855 1225 fere
889 1167 1013 1224 sola
1044 1166 1107 1223 in
1140 1167 1331 1224 lucem
1363 1164 1597 1241 prodie-
1651 1164 1805 1223 tium
1839 1164 2078 1234 finibu8‚
2113 1165 2443 1240 theologiae
2465 1166 2764 1242 magister,
2782 1164 2933 1224 hanc

317 1260 479 1324 runt,
534 1255 842 1314 Valentiae
882 1251 1047 1318 1'548
1082 1259 1124 1313 t.
1162 1264 1194 1316 2
1250 1254 1341 1313 Fr.
1375 1254 1599 1330 Borgia
1654 1253 1954 1330 professus
2000 1257 2090 1312 est
2131 1254 2194 1311 in
2228 1250 2530 1312 academia
2559 1255 2825 1313 tolosana
2858 1254 2932 1313 ab

320 1345 544 1415 dicata3
597 1345 958 1404 Monoctium
1013 1345 1137 1403 sive
1183 1344 1362 1402 unius
1407 1344 1597 1401 noctis
1653 1363 1701 1401 a.
1747 1342 1906 1405 152'7
1945 1343 2018 1401 ad
2050 1362 2098 1400 a.
2132 1342 2346 1401 saltem
2387 1352 2570 1406 1550.
2606 1342 2930 1403 concinna·

320 1433 697 1508 opusculum,
749 1452 827 1492 an
882 1431 1149 1491 Christus
1200 1439 1263 1490 ut
1312 1433 1474 1490 homo
1524 1434 1598 1490 sit
1652 1432 1743 1490 vit
1773 1434 2156 1490 institutiones
2186 1433 2255 1490 ac]
2288 1432 2622 1490 naturalem
2657 1435 2717 1491 et
2748 1432 2929 1491 chris·-

318 1525 473 1596 filius
504 1525 801 1582 naturalis
833 1522 964 1597 Dei,
997 1520 1245 1597 Neapoli
1285 1531 1469 1584 1525.
1653 1521 1875 1580 tianam
1908 1520 2360 1596 philosophiam,
2393 1522 2657 1579 maxime
2689 1526 2827 1579 vero
2860 1521 2932 1579 ad

866 1641 873 1647 ·
1110 1610 1137 1615 ”
1651 1610 2061 1669 scholasticam
2101 1610 2457 1687 theologiam
2495 1629 2569 1668 ss.
2602 1608 2930 1680 literarum,

412 1710 555 1764 636.
590 1690 936 1759 Praevaluit
983 1699 1174 1759 adhuc
1221 1718 1288 1759 eo
1332 1702 1597 1775 tempore
1651 1700 2198 1773 universaliumque
2244 1698 2628 1759 conciliorum
2675 1700 2931 1758 auctori·-

321 1790 382 1847 in
450 1789 741 1848 cathedris
802 1791 1085 1866 magister
1134 1789 1594 1848 sententiarumi
1650 1789 1776 1846 tate
1792 1791 1850 1845 et
1867 1788 2170 1846 doctorum
2191 1788 2932 1871 ecclesiasticorumpraess

320 1879 457 1936 hinc
520 1880 724 1954 plures
788 1882 1024 1953 praeter
1085 1878 1462 1937 Franciscurn
1527 1878 1596 1936 de
1652 1877 1854 1936 sertim
1889 1877 1942 1934 d.
1975 1877 2229 1935 Thomae
2264 1878 2387 1952 Aq„
2423 1876 2760 1936 eruditione
2793 1895 2930 1935 con-

321 1968 671 2026 Victoria
718 1971 777 2024 et
823 1968 986 2025 Dom.
1036 1967 1107 2025 de
1154 1969 1329 2026 Soto
1377 1967 1596 2043 reperi·
1650 1966 1915 2024 firmatas
1949 1966 2344 2040 omnibusque
2364 1968 2698 2025 animarum
2729 1982 2931 2024 curam

320 2076 470 2125 mus,
505 2056 609 2131 qui
641 2057 702 2113 in
736 2075 802 2115 eo
838 2056 1283 2132 interpretando
1329 2056 1597 2131 occupati
1652 2055 1998 2132 gerentibus
2030 2054 2345 2114 admodum
2391 2056 2766 2126 necessarias,
2802 2072 2928 2113 sae·

319 2146 553 2204 suerint.
619 2145 1058 2203 Praetermissis
1137 2144 1438 2203 Bernardo
1515 2144 1597 2202 du
1652 2144 1900 2219 pissime
1932 2143 2121 2202 editas
2154 2142 2225 2201 ut
2245 2142 2487 2223 Parisiis
2519 2154 2712 2211 1553;
2741 2153 2930 2213 15583

320 2235 587 2293 Serein
650 2235 834 2304 Gallo,
881 2234 1135 2293 Pictavii
1179 2235 1396 2292 lectore
1429 2233 1596 2291 theo·
1662 2242 1861 2302 15633
1902 2228 2153 2295 '1582111
2185 2232 2255 2301 f.{
2289 2230 2551 2292 Venetiis
2584 2244 2744 2296 1560
2768 2233 2832 2291 in
2857 2243 2931 2303 43

318 2324 512 2399 legiae
564 2321 622 2401 (†
681 2320 892 2404 1555),
948 2323 1118 2398 cujus
1171 2328 1406 2398 qnoque
1457 2326 1598 2381 sunt
1663 2332 1860 2392 15673
1920 2318 2112 2392 157'13
2168 2318 2362 2393 15753
2414 2330 2569 2387 1581
2599 2345 2612 2393 ;
2661 2322 2932 2381 Coloniae

318 2412 736 2472 commentaria
768 2413 831 2469 in
863 2411 1145 2487 quosdam
1182 2429 1223 2471 s.
1259 2412 1597 2487 Scripturae
1658 2412 1825 2474 1607
1880 2410 1942 2468 in
1990 2410 2043 2471 4.
2090 2413 2227 2479 etc.;
2287 2404 2717 2491 Commentario.
2766 2412 2824 2468 in
2876 2412 2930 2471 d.

323 2503 381 2558 ll.
420 2536 497 2544 —
534 2501 765 2559 Joan'ne
814 2496 1160 2581 Billi001)
1208 2500 1391 2559 sodali
1440 2501 1597 2558 colo·
1654 2500 1828 2558 Pauli
1850 2501 1930 2557 ad
1950 2500 2244 2559 Romanos
2264 2510 2372 2576 ep„
2406 2500 2468 2557 in
2490 2500 2710 2575 quibus
2732 2512 2932 2558 omnes

321 2590 533 2658 issensi,
568 2591 695 2648 viro
726 2606 973 2664 magnae
1012 2589 1316 2648 doctrinae
1349 2592 1410 2647 et
1441 2590 1597 2647 vitae
1652 2588 1773 2647 fere
1807 2589 2074 2648 haereses
2106 2590 2294 2647 nostri
2316 2590 2602 2663 temporis
2623 2587 2931 2648 confutan-

320 2680 811 2756 religiosissimae,
859 2678 1169 2738 Trithemii
1217 2678 1490 2737 familiari
1538 2675 1598 2760 (†
1653 2681 1773 2749 tur,
1839 2678 2081 2737 Parisiis
2138 2674 2336 2749 15:383
2408 2677 2675 2737 Venetiis
2730 2688 2929 2747 1563ς

329 2766 937 2852 1563)-Jacobo
970 2769 1042 2827 de
1075 2769 1325 2827 Arena
1357 2779 1462 2827 seu
1485 2769 1594 2826 Bo·
1660 2765 2491 2844 15813Antverpiae15653
2531 2761 2956 2839 1572;00102‘

320 2859 495 2919 melio
544 2860 782 2927 Batavo,
835 2859 1110 2934 episcopo
1157 2858 1429 2916 auxiliari
1474 2875 1597 2915 me·
1650 2858 1785 2915 niae
1842 2857 2038 2927 16073
2084 2858 2153 2915 de'
2197 2859 2573 2916 consolatione
2616 2859 2929 2933 ayonizan-

320 2948 491 3017 tensi,
527 2947 664 3006 dein
713 2947 1095 3006 virodunensi
1129 2943 1188 3028 (†
1229 2945 1440 3029 1549),
1494 2946 1597 3022 qui
1655 2948 1799 3004 tium
1830 2965 1963 3003 cum
1994 2946 2390 3005 elucidatione
2422 2948 2656 3017 missae,
2692 2946 2931 3005 Parisiis

321 3037 560 3112 scripsit
621 3037 798 3094 etiam
863 3039 1068 3095 contra
1127 3036 1374 3095 Lutheri
1436 3037 1472 3094 1.
1526 3035 1598 3093 de
1663 3044 1860 3103 1553;
1940 3037 2297 3111 Antverpiae
2378 3046 2577 3104 15543
2656 3033 2932 3111 Lugduni

319 3126 662 3200 captivitate
694 3125 1042 3202 babylonica
1084 3143 1149 3169 -·-
1190 3125 1429 3184 Nicolao
1464 3125 1598 3182 Au·
1668 3134 1845 3186 1569.
1880 3143 1962 3168 ’-
1988 3124 2175 3182 Etiam
2200 3124 2579 3182 Clementi
2613 3121 2929 3183 Moliniano

322 3215 353 3270 d
375 3214 732 3290 ethCyprio
750 3214 1086 3289 praeposito
1099 3210 1599 3294 generali(1524)
1657 3208 2049 3294 (Moniliano),
2103 3213 2266 3284 Itale,
2320 3214 2614 3271 tribuitur
2672 3219 2930 3288 compen-

323 3302 393 3361 ad
426 3309 674 3361 mortem
708 3319 900 3376 usque
932 3303 1013 3381 (6.
1036 3299 1167 3360 Dec.
1202 3301 1407 3378 1562),
1443 3303 1596 3360 anti·
1655 3303 1812 3359 dium
1837 3299 2274 3378 theoloyiearssum
2297 3305 2735 3376 institutionum,
2772 3300 2930 3375 quod

324 3392 459 3466 quis
491 3391 735 3450 Carmeli
781 3392 1061 3449 heroibus
1108 3391 1318 3449 merito
1366 3401 1596 3465 compa-
1654 3390 1941 3465 prodiisse
1990 3388 2229 3448 videtur
2292 3390 2552 3466 Fulginii
2611 3389 2793 3453 156...
2846 3425 2933 3432 ——

320 3481 521 3550 rande,
557 3480 660 3555 qui
692 3480 762 3537 de
796 3479 1017 3538 ordinis
1050 3479 1463 3540 reformatione
1482 3479 1601 3537 fuit
1656 3475 1945 3536 Martinus
1993 3479 2063 3536 de
2111 3478 2342 3536 Olave
2385 3475 2683 3560 (Ola'vius)
2720 3472 2932 3553 Hispa-

327 3570 622 3629 sollicitus
658 3587 738 3611 --’
772 3569 1069 3644 Raphaele
1113 3568 1386 3627 Llihas
1429 3569 1597 3627 Cata·
1654 3583 1787 3636 nus,
1853 3565 2186 3625 Sorbonnae
2235 3567 2453 3636 doctor,
2506 3569 2819 3642 postquam
2871 3567 2932 3623 in

321 3661 476 3727 lan0‚
524 3658 795 3734 episcopo
858 3658 1339 3734 chrysopolitano
1383 3660 1445 3716 et
1488 3675 1597 3716 au·
1656 3641 1930 3714 CaroliV.
1965 3656 2104 3730 imp.
2138 3656 2275 3713 aula
2304 3656 2551 3732 degerat
2584 3659 2763 3729 atque
2797 3661 2932 3713 con·

321 3748 508 3807 xiliari
554 3747 925 3823 majoricensi
976 3744 1037 3828 (†
1086 3757 1139 3808 4.
1186 3739 1328 3804 Jun.
1387 3742 1596 3827 1558),

322 3838 425 3912 q'ui
448 3855 647 3895 omnes
668 3838 831 3894 suere
865 3836 927 3894 Ο.
957 3837 1172 3894 carm:
1208 3870 1292 3879 —
1328 3839 1600 3911 superest

323 3926 602 3984 Claudius
654 3925 724 3983 de
776 3925 1010 4000 Spi'na
1056 3925 1118 3984 Ο.
1171 3923 1368 3982 Praed.
1420 3925 1598 3982 Roto-

325 4015 639 4091 magensis‚
676 4014 1015 4090 parisiensis
1050 4014 1211 4096 prior
1265 4010 1341 4094 (fl.
1386 4009 1596 4093 1560),

325 4105 429 4178 qui
462 4105 839 4162 concinnavit
888 4106 1163 4178 epitomen
1216 4105 1276 4160 in
1308 4104 1347 4162 4
1381 4103 1439 4161 ll.
1474 4117 1599 4160 sen-

322 4193 648 4266 tentiarum,
676 4192 911 4250 Parisiis
937 4201 1091 4254 1551
1132 4192 1195 4249 in
1216 4203 1249 4248 Η
1272 4214 1284 4262 3
1319 4191 1596 4249 aliorum-

322 4299 437 4356 que
473 4299 645 4357 opera
679 4281 841 4357 typis
861 4281 1170 4351 commisit,
1205 4284 1273 4338 ut
1308 4299 1599 4339 commen-

244 4360 247 4362 *
322 4371 474 4428 teria
505 4372 565 4428 in
611 4378 818 4442 septem
865 4387 953 4443 ep.
997 4372 1321 4445 canonicas,
1358 4369 1600 4428 Parisiis

334 4469 515 4528 1543,
569 4459 677 4516 sub
729 4460 965 4516 nomine
1015 4476 1056 4516 s.
1110 4459 1378 4521 Thomae.
1431 4461 1600 4534 cujus

324 4551 523 4606 tamen
558 4566 674 4606 non
710 4551 869 4614 sunt,
905 4547 1005 4606 sed
1040 4551 1109 4605 ut
1127 4547 1601 4606 videtur‘Nico-

324 4637 429 4695 lai
462 4637 533 4694 de
568 4635 889 4695 Gorham
926 4632 1173 4716 (cf.pag.
1210 4632 1396 4715 416);
1432 4637 1601 4695 Gai·-

400 4848 425 4880 ¹
432 4863 437 4894 ι
468 4843 510 4895 Α
528 4858 653 4925 ‘quo
681 4840 960 4910 distingui
987 4841 1197 4894 debent
1222 4840 1322 4893 alii
1351 4857 1398 4910 eJ
1388 4840 1601 4898 usderu

324 4905 588 4977 nominis
618 4913 685 4967 de
716 4913 927 4982 quibus
955 4912 1105 4965 infra
1132 4910 1341 4965 redibit
1367 4921 1566 4970 sermo,

540 5012 688 5058 Hurt
675 5025 731 5066 ι,
771 5010 1113 5057 Nomenclator
1140 5010 1183 5056 11
1211 5011 1287 5057 ed.
1316 5011 1365 5057 3.

1656 3743 1789 3803 cilio
1834 3745 2161 3803 tridentino
2207 3741 2579 3814 interfuerat,
2626 3745 2933 3821 ingressus

1657 3836 1751 3892 est
1784 3835 2126 3892 societatem
2148 3833 2186 3890 J
2190 3839 2296 3891 esu
2315 3834 2582 3909 obiitque
2601 3835 2794 3892 rector
2814 3833 2932 3891 col-

1656 3924 1795 3999 legii
1829 3922 2056 3982 romani
2090 3919 2150 4001 (†
2192 3919 2286 3985 1'7.
2322 3922 2474 4000 Aug.
2515 3918 2731 4001 1556).
2794 3917 2935 3997 Ejus

1657 4012 1875 4087 scripta
1892 4014 2158 4069 recenset
2173 4007 2687 4086 Somm'er'vogelV,
2713 4021 2732 4073 1
2751 4020 2784 4074 8
2797 4019 2872 4074 ’78
2889 4027 2932 4068 s.

1750 4199 1893 4253 638.
1928 4189 2261 4265 Singularis
2293 4189 2536 4266 ingenii,
2571 4190 2708 4247 hinc
2730 4191 2791 4247 et
2811 4189 2933 4246 sin·-

1656 4279 1956 4360 gularium
2018 4278 2361 4354 opinionum
2381 4275 2422 4360 ¹)
2488 4279 2578 4337 vir
2626 4278 2744 4336 fuit
2794 4279 2932 4336 Ain·

1657 4368 1894 4426 brosius
1926 4367 1966 4426 C
1983 4367 2109 4426 ath
2129 4368 2242 4426 a‘r'i
2259 4385 2355 4426 nu
2378 4385 2422 4438 S,
2455 4363 2770 4443 theologus
2791 4367 2935 4426 alio·

1658 4457 1804 4532 quin
1869 4455 2322 4515 eruditissimus.
2387 4458 2457 4514 In
2521 4458 2718 4516 seculo
2782 4456 2935 4514 dice-

1736 4703 1773 4762 ι)
1803 4663 1951 4751 Hinc
1998 4697 2377 4751 Bellarmrnus
2436 4698 2504 4752 de
2551 4697 2755 4766 Script.
2806 4698 2937 4751 eccl.

1660 4771 1783 4839 ejus
1836 4785 2007 4837 opera
2057 4774 2223 4823 caute
2274 4770 2518 4840 legenda
2561 4784 2678 4822 esse
2719 4773 2937 4851 monet,

1660 4842 1966 4910 pluresque
1996 4841 2120 4911 ejus
2148 4815 2449 4911 opiniones
2477 4839 2689 4910 passim
2715 4839 2938 4909 impug-

1659 4915 1776 4976 nat,
1808 4912 2201 4980 praesertiml.
2228 4917 2278 4968 3.
2307 4911 2628 4982 dejustiiiC.

2548 5003 2620 5055 44
