3475 5364
1283 384 1608 438 Hadrianus
1636 384 1746 450 VL,
1775 384 1973 454 Maj0r.
2774 402 2934 458 1218

330 400 491 455 1217

324 571 387 629 in
440 580 471 631 4
496 591 509 639 3
574 571 1016 628 introductiones
1077 571 1404 628 dialecticae
1464 588 1598 627 cum
1655 568 1822 628 tione
1854 570 2080 645 optima
2125 570 2388 646 suscepit
2432 570 2685 629 ultimus
2731 590 2802 629 ex
2831 590 2936 629 na·

323 659 625 718 nonnullis
688 660 818 734 ejus
870 658 1299 728 additionibus,
1363 657 1601 717 Parisiis
1654 658 1815 719 tione
1835 659 2188 735 germanica.
2235 659 2371 717 Non
2402 662 2496 718 est
2515 663 2788 718 nostrum
2820 659 2934 717 dif-

330 758 529 819 15163
580 750 639 806 in
660 748 1087 821 praedicabilia
1119 747 1433 824 Porphyrii
1465 765 1598 806 cum
1656 747 1965 817 ficultates,
2029 748 2314 823 pericula,
2378 749 2684 808 obstacula
2744 749 2935 807 omnis

323 856 417 913 qq.
454 837 777 896 secundum
800 837 1097 913 triplicem
1130 837 1305 907 viam,
1327 837 1406 896 ib.
1431 847 1452 898 1
1474 845 1593 900 517
1654 836 1890 913 generis
1922 855 2212 906 enarrare,
2259 856 2409 912 quae
2454 837 2521 895 in
2551 855 2659 896 suo
2691 856 2937 897 munere

322 927 382 984 in
414 927 485 995 f.;
533 929 596 985 in
639 927 956 984 summulas
992 926 1153 984 Petri
1189 926 1471 1001 Hispani,
1519 926 1597 983 ib.
1652 925 1906 984 incurrit
1921 921 1985 1006 ¹).
2016 926 2115 984 Illi
2147 945 2285 985 vero
2306 926 2623 985 succubuit
2641 926 2768 1002 jam
2801 928 2938 1002 post

332 1025 491 1079 1517
527 1016 593 1073 in
626 1014 662 1072 f.
1655 1014 1834 1073 breve
1863 1018 2131 1090 tempus:
2180 1014 2328 1073 obiit
2369 1016 2527 1073 enim
2572 1015 2668 1090 pie
2712 1016 2778 1073 in
2823 1016 2934 1074 Do-

1652 1104 1815 1162 mino
1857 1113 1950 1165 14.
1985 1106 2141 1179 Sept.
2183 1111 2366 1167 1523.
2398 1104 2668 1163 Breviter
2698 1108 2935 1163 tantum

415 1202 557 1256 573.
604 1192 1049 1252 Hadrianus
1100 1192 1280 1251 Dedel
1312 1192 1597 1251 Florentii
1652 1192 2090 1252 recensebimus
2134 1195 2263 1268 ejus
2308 1210 2484 1268 opera
2515 1193 2577 1251 in
2608 1192 2936 1251 utilitatem

328 1281 752 1357 Ultrajectinus
770 1300 826 1339 n.
853 1291 907 1343 2.
928 1282 1100 1340 Mart.
1132 1291 1314 1353 1459,
1347 1281 1597 1340 Lovanii
1653 1282 1936 1340 scientiae
1965 1281 2330 1359 theologicae
2362 1282 2714 1357 conscripta.
2745 1281 2934 1351 Quae-

321 1370 742 1446 philosophiae‚
769 1371 925 1447 juris
957 1371 1307 1447 prudentiae
1337 1373 1399 1430 et
1429 1370 1595 1428 theo·
1654 1371 1880 1429 stiones
1910 1374 1973 1428 et
2003 1370 2440 1447 disputationes
2472 1373 2535 1429 in
2565 1373 2622 1430 4.
2644 1372 2681 1432 l.
2711 1379 2934 1431 senten-

320 1458 508 1536 logiae
540 1459 778 1518 studuit
808 1462 868 1517 et
904 1469 1001 1521 21.
1034 1459 1175 1519 Jun.
1220 1469 1375 1522 1491
1415 1460 1597 1534 hujus
1652 1460 1870 1518 tiaram
1903 1460 1971 1517 de
2001 1460 2287 1519 Ecclesiae
2329 1461 2723 1535 sacramentale,
2768 1459 2933 1517 Pari·

319 1553 552 1608 creatus
614 1551 705 1607 est
755 1549 973 1609 doctor.
1036 1549 1303 1608 Decanus
1346 1552 1473 1607 erat
1523 1548 1598 1607 ad
1654 1548 1761 1606 siis
1802 1558 1999 1620 15123
2042 1558 2239 1618 1516;
2300 1558 2498 1619 15183
2552 1557 2716 1612 1537
2767 1549 2828 1607 in
2861 1549 2931 1618 f.;

324 1657 368 1699 s,
416 1638 659 1696 Petrum
706 1641 767 1696 et
813 1637 1144 1696 academiae
1193 1637 1596 1697 cancellarius.
1654 1637 1870 1696 Romae
1910 1646 2075 1700 1522
2111 1638 2174 1695 in
2208 1638 2261 1706 f;
2308 1640 2660 1714 quaestiones
2708 1638 2930 1714 quodli-

320 1725 759 1802 Philosophiam
781 1729 840 1785 et
856 1726 1215 1803 theologiam
1247 1726 1468 1785 ibidem
1490 1727 1594 1784 do·
1652 1727 1858 1785 beticae
1888 1726 2038 1802 XII,
2071 1726 2320 1786 Lovanii
2348 1737 2510 1790 1515
2535 1748 2550 1798 3
2596 1736 2790 1795 16183
2823 1727 2932 1784 Pa-

320 1816 448 1874 cuit
477 1815 963 1891 religiosissimae
1008 1816 1597 1891 ordinatissimaeque
1651 1815 1814 1873 risiis
1844 1826 2042 1886 15163
2084 1826 2248 1879 1518
2272 1836 2286 1885 3
2327 1824 2483 1879 1521
2512 1837 2525 1884 ;
2568 1824 2724 1879 1531
2751 1836 2765 1886 ;
2799 1835 2934 1874 cum

317 1905 475 1963 vitae
522 1904 699 1987 simul
741 1904 1027 1979 praebens
1060 1905 1411 1981 exemplum.
1473 1906 1595 1962 Me·
1651 1923 1747 1979 qq.
1794 1904 1888 1966 J0.
1933 1905 2249 1965 Briardi
2295 1905 2557 1964 athensis
2607 1901 2701 1986 (cf.
2753 1923 2935 1979 supra

317 1993 416 2053 dia
447 1997 616 2052 nocte
647 1994 931 2070 surgebat
959 1994 1032 2052 ad
1059 1993 1434 2053 recitandum
1464 1993 1596 2051 bre·
1650 2012 1706 2068 p.
1730 1990 1946 2073 1120),
1964 1993 2243 2071 Lugduni
2269 2005 2467 2064 15463
2506 1994 2820 2067 Computus
2834 1995 2932 2052 ho-

319 2083 588 2151 viarium,
634 2086 801 2141 totus
850 2082 1042 2141 literis
1083 2084 1328 2157 suisque
1360 2082 1597 2141 vivebat
1654 2084 1826 2139 minis
1855 2084 2235 2159 ayonizantis,
2256 2086 2317 2141 et
2347 2084 2416 2141 de
2445 2084 2667 2141 sacculo
2690 2090 2932 2156 pertuso

316 2172 685 2240 muneribu8‚
720 2175 782 2230 et
812 2174 1137 2247 proventus
1171 2172 1331 2231 haud
1350 2172 1594 2248 exiguos
1658 2189 1762 2229 seu
1812 2171 1884 2229 de
1946 2171 2223 2247 superbia
2283 2189 2506 2242 sermo,
2569 2172 2932 2247 Antverpiae

316 2260 695 2336 impendebat
738 2260 809 2318 ad
856 2260 1226 2318 fundandum
1260 2261 1593 2320 convictum
1660 2268 1858 2330 15203
1892 2260 2140 2338 Reyulae
2156 2262 2551 2336 cancellariae,
2581 2270 2776 2331 15233
2810 2263 2930 2333 epi-

315 2350 731 2426 theologicum.
759 2350 843 2407 ·A
877 2349 1278 2409 Maximiliano
1325 2349 1462 2426 imp.
1505 2368 1592 2407 se·
1650 2350 1826 2407 stolas
1859 2349 2090 2424 aliquot
2132 2350 2372 2408 exhibet
2402 2350 2528 2411 Car.
2573 2352 2930 2409 Burman-

315 2438 508 2497 lectus
556 2443 649 2496 est
691 2442 1033 2513 praeceptor
1071 2439 1358 2515 principis
1392 2438 1593 2496 haere·
1649 2456 1791 2495 nus
1822 2438 1895 2495 ad
1926 2439 2144 2497 calcem
2176 2457 2317 2497 suae
2336 2438 2535 2509 Vitae;
2568 2439 2932 2499 Matthaei

315 2527 426 2597 dis,
460 2527 561 2602 qui
594 2534 799 2603 postea
843 2528 960 2585 fuit
992 2528 1233 2586 Carolus
1282 2528 1364 2597 V„
1418 2546 1591 2602 quem
1646 2528 1712 2586 in
1744 2527 2047 2586 Analectis
2077 2531 2192 2586 vet.
2226 2527 2373 2600 aevi,
2422 2536 2582 2592 1738
2618 2533 2659 2586 t.
2697 2539 2750 2591 3.

316 2621 377 2675 et
425 2616 649 2692 optime
699 2616 759 2674 in
809 2616 924 2674 fide
969 2616 1260 2675 catholica
1303 2617 1593 2692 bonisque
1743 2643 1884 2696 574,
1931 2632 2191 2693 ,Ioannes
2235 2634 2475 2710 Major
2522 2631 2800 2718 (MajoriS,
2848 2633 2930 2692 Le

314 2706 581 2765 moribus
615 2707 911 2775 solidavi&
957 2710 1031 2764 ul]
1061 2707 1241 2782 hujus
1274 2706 1591 2782 imperato’
1650 2722 1852 2792 maire,
1887 2722 2046 2782 John
2084 2721 2271 2804 Mayr)
2319 2726 2711 2800 cognomento
2744 2723 2929 2781 Had-

314 2796 397 2854 ris
442 2795 566 2853 vita
609 2799 671 2853 et
714 2800 883 2896 gesta
925 2799 1131 2870 postea
1162 2799 1592 2855 monstrarunt.
1650 2797 2077 2888 dingtbnus
2111 2812 2291 2872 a‚1000
2311 2813 2506 2888 pau-10
2526 2813 2756 2871 3005oe
2771 2811 2930 2870 Had.

316 2883 404 2943 Οἱ)
437 2903 602 2942 suam
636 2885 846 2961 asenth
876 2885 1249 2959 prudentiam
1284 2886 1344 2943 in
1363 2885 1591 2962 gravis-
1650 2900 1902 2978 dington
1950 2898 2030 2983 (n.
2082 2920 2128 2959 ο.
2189 2890 2415 2980 1470),
2476 2901 2653 2960 initio
2713 2900 2930 2959 studiis

316 2973 481 3031 simis
514 2974 817 3032 adhibitus
861 2973 982 3032 fuit
1025 2974 1281 3050 negotiis
1311 2976 1503 3033 status
1536 2975 1595 3031 et
1651 2988 1863 3048 oxonii
1922 2993 1984 3048 et
2041 2989 2410 3067 Cambrigiae
2459 3010 2694 3066 operam
2746 2990 2929 3066 dedit,

316 3080 448 3121 cum
480 3062 726 3121 Ximene
770 3082 876 3138 pro
911 3063 1112 3121 Carolo
1145 3063 1211 3122 V.
1258 3062 1451 3122 adhuc
1494 3063 1594 3138 ju-

318 3150 479 3209 niore
511 3151 681 3228 regni
702 3152 987 3226 hispanici
1006 3152 1348 3211 moderatus
1368 3154 1463 3210 est
1480 3170 1588 3228 gu-

316 3240 652 3303 bernacula.
705 3240 951 3298 Interim
996 3240 1184 3298 factus
1230 3243 1324 3299 est
1368 3241 1593 3316 episco-

315 3346 428 3403 pus
460 3328 807 3387 dertosanus
838 3333 900 3388 et
929 3328 1225 3406 generalis
1256 3348 1363 3405 per
1381 3330 1594 3405 Hispa-

316 3418 479 3475 niam
512 3417 847 3492 inquisitor,
883 3422 942 3476 et
975 3439 1010 3477 a
1040 3418 1231 3477 Le0ne
1263 3419 1328 3476 X.
1364 3425 1594 3477 creatus

326 3518 347 3567 1
368 3516 398 3568 5
414 3518 438 3567 1
456 3517 486 3568 7
525 3505 855 3564 cardinalis
890 3507 1171 3565 Pontifice
1190 3506 1467 3565 defuncto
1484 3527 1595 3565 un-

318 3595 500 3653 animi
556 3594 943 3654 cardinalium
1002 3596 1281 3672 suffragio
1331 3596 1444 3653 etsi
1495 3597 1595 3654 ab·

318 3702 452 3742 sens
468 3684 515 3762 ¹)
550 3687 610 3742 et
641 3684 763 3742 illis
798 3685 943 3742 satis
973 3684 1216 3761 ignotus
1250 3685 1472 3743 electus
1505 3688 1596 3743 est

320 3783 375 3835 9.
407 3773 542 3831 Jan.
582 3782 748 3835 1522
797 3774 861 3831 in
909 3791 1304 3833 successorem
1345 3774 1459 3832 sub
1489 3793 1595 3833 no·

318 3863 474 3921 mine
520 3862 900 3921 Hadriani
947 3862 1043 3922 VI.
1107 3863 1271 3920 Inter
1316 3863 1596 3921 difficilli-

317 3970 442 4009 mas
487 3954 823 4026 temporum
870 3951 1239 4010 conditiones
1278 3971 1596 4026 rerumque

319 4041 624 4115 augustias
675 4059 895 4099 munus
958 4041 1349 4115 apostolicum
1401 4042 1595 4100 inten-

399 4235 433 4292 1)
484 4227 618 4295 Ejus
667 4231 1014 4282 Ithaci-arium
1066 4230 1140 4282 ab
1190 4227 1467 4297 Hispania
1506 4229 1596 4282 de-

321 4299 546 4368 scripsit
592 4298 815 4353 Blasius
859 4299 1066 4353 Urtiz
1112 4300 1234 4366 ejus
1279 4300 1595 4364 familiaris,

320 4371 420 4438 qui
474 4386 603 4423 eum
656 4370 892 4423 Romam
944 4370 1249 4424 comitatus
1299 4374 1398 4434 est,
1463 4371 1596 4426 dein

320 4440 626 4496 canonicus
656 4442 942 4495 toletanus
970 4459 1061 4495 ma
1104 4441 1316 4495 istra-lis
1357 4443 1414 4495 et
1453 4441 1595 4496 vica·

318 4512 435 4564 rius
464 4513 761 4581 generalis.
814 4513 1034 4568 Prodiit
1108 4513 1411 4569 oleti1548
1457 4513 1596 4566 etin

323 4583 539 4636 Baluzii
569 4583 805 4637 Miscell.
832 4587 871 4638 t.
901 4585 995 4639 Ill.
1048 4585 1111 4636 In
1159 4601 1223 4638 eo
1270 4584 1594 4652 pontificem

318 4671 349 4707 a
378 4655 679 4708 calumniis
705 4655 962 4709 vindicat
986 4656 1222 4724 ejusque
1244 4656 1595 4719 modestiam,

320 4726 706 4795 frugalitatem
727 4729 1052 4794 ceterasque
1074 4727 1231 4781 dotes
1244 4744 1595 4796 summopere

1652 3078 1813 3137 fama
1845 3079 1985 3137 dein
2017 3079 2429 3138 universitatis
2474 3079 2823 3155 parisiensis
2856 3079 2931 3136 il-

1649 3168 1839 3226 lectus
1871 3168 2016 3226 illuc
2046 3187 2106 3227 se
2132 3168 2371 3243 juvenis
2423 3169 2680 3227 contulit
2712 3169 2932 3226 factus-

1650 3276 1767 3332 que
1813 3260 1904 3315 est
1947 3258 2231 3334 magister
2275 3258 2510 3316 artium.
2575 3257 2838 3317 Transiit
2868 3257 2933 3314 in

1651 3345 1967 3422 collegium
1999 3346 2217 3405 Montis
2247 3347 2406 3404 acuti
2441 3341 2817 3429 (Montaigu),
2870 3346 2935 3403 in

1652 3454 1772 3510 quo
1823 3435 2138 3493 Erasmum
2200 3435 2670 3511 condiscipulum
2719 3435 2934 3492 habuit

1650 3542 1984 3599 magnoque
2016 3523 2244 3582 fervore
2262 3524 2667 3601 philosophiae
2687 3527 2748 3582 et
2764 3523 2932 3583 theo-

1649 3612 1843 3688 logiae
1887 3613 2116 3671 vacavit
2159 3617 2221 3671 et
2265 3633 2314 3676 a.
2374 3623 2529 3676 1505
2580 3619 2934 3672 consecutus

1651 3705 1744 3760 est
1787 3701 2048 3760 lauream
2093 3702 2502 3779 theologicam.
2582 3702 2933 3761 cathedram

1653 3789 1806 3848 rexit
1836 3791 2058 3867 logicae
2104 3795 2165 3849 et
2196 3791 2528 3868 theologiae
2567 3791 2638 3849 ad
2672 3811 2721 3848 a.
2762 3800 2927 3854 1518

1651 3898 1774 3937 non
1804 3879 1929 3938 sine
1963 3880 2198 3954 plausu,
2232 3900 2367 3938 nam
2401 3899 2470 3938 ex
2491 3880 2652 3939 omni
2671 3879 2792 3938 fere
2814 3879 2933 3937 Eu·

1733 4018 1768 4086 ¹)
1798 4016 1880 4067 cf.
1912 4014 2201 4066 Burmann
2242 4014 2516 4068 Analecta.
2556 4013 2687 4067 hist.
2728 4014 2796 4066 de
2825 4012 2933 4065 Ha-

1654 4085 1856 4138 driano
1887 4086 1997 4148 vl„
2027 4085 2270 4154 Trajecti
2312 4089 2469 4148 1727,
2510 4086 2718 4152 quibus
2758 4084 2934 4138 conti·

1652 4160 1862 4210 nentur
1889 4160 2115 4224 practer
2157 4157 2271 4210 alia
2298 4156 2370 4209 ad
2398 4156 2417 4208 i
2462 4174 2586 4209 sum
2615 4155 2936 4225 spectantia

1653 4228 1821 4282 Vitae
1846 4227 2176 4281 auctoribus
2219 4228 2343 4281 Ger.
2446 4227 2644 4296 oringo
2672 4227 2932 4296 (Lovanii

1652 4304 1813 4370 1536)
1841 4302 1908 4356 et,
1926 4298 2104 4352 Paulo
2129 4299 2160 4352 J
2167 4299 2311 4363 ovio,
2356 4298 2640 4352 variorum
2669 4298 2850 4367 elogia
2876 4302 2935 4352 et

1652 4371 1850 4425 breves
1879 4369 2029 4423 vitae
2057 4369 2466 4439 descriptiones
2493 4374 2626 4430 etc.;
2655 4369 2936 4423 Reussens

1653 4443 1968 4511 syntagma
2006 4440 2178 4495 theol.
2219 4440 2496 4494 Hadriani
2537 4440 2650 4504 VI„
2694 4440 2933 4493 Lovanii

1656 4518 1813 4571 18623
1844 4512 2098 4580 ejusdam
2130 4513 2421 4566 Anecdota
2455 4512 2523 4565 de
2546 4511 2664 4564 vita
2685 4515 2741 4564 et
2763 4511 2932 4581 scrip-

1654 4584 1725 4636 tis
1773 4582 2051 4636 Hadriani
2071 4584 2183 4648 VL,
2211 4586 2285 4637 ib.
2313 4583 2552 4637 Lovanii
2578 4588 2746 4640 1862:
2775 4599 2932 4663 prae·

1653 4654 1853 4724 primis
1905 4654 2095 4708 Hofler
2137 4655 2199 4709 in
2245 4655 2416 4708 variis
2466 4654 2534 4708 de
2578 4654 2701 4723 ipso
2754 4653 2932 4716 libris,

1653 4726 1983 4796 praesertim
2005 4726 2114 4779 Das
2135 4726 2209 4779 Le
2220 4728 2323 4779 ben
2345 4726 2440 4779 des
2463 4725 2695 4796 Papstes
2715 4725 2931 4777 Adrian

318 4797 693 4850 commendat.
746 4797 918 4850 Dedit
957 4798 1124 4851 etiam
1175 4802 1382 4851 Summi
1422 4803 1600 4866 templi
1658 4798 1764 4862 Vl„
1793 4796 1964 4851 Wicn
1993 4801 2160 4856 18802
2190 4797 2300 4852 KL.
2329 4798 2396 4862 V,
2425 4801 2686 4854 nse-37:
2716 4796 2933 4848 Hefele-

319 4872 532 4922 toletani
579 4869 908 4937 graphicam
954 4873 1368 4936 deser-imitamen,
1412 4868 1595 4922 Toleti
1653 4868 2107 4938 Hergenroether
2134 4868 2206 4922 IX
2236 4877 2261 4935 ς
2287 4873 2391 4924 943
2413 4886 2498 4932 ss,
2523 4869 2771 4936 quicum
2793 4867 2934 4918 mul-

321 4944 459 4996 1544
484 4940 544 4993 in
570 4943 620 4994 8.

534 5037 726 5092 Hurter,
766 5036 1106 5084 Nomenclator
1134 5038 1175 5083 11
1205 5039 1277 5083 ed.
1309 5025 1356 5085 3.

1654 4946 1776 4993 tum
1805 4941 2021 4995 laudat.

2542 5031 2610 5083 39
