3475 5364
524 331 686 383 1483
900 316 1266 368 leil-1563.
1295 311 1347 365 S.
1374 312 1698 380 Scripturae
1723 310 2080 379 interpretes,
2109 312 2428 379 Gagnaeus,
2457 310 2751 373 SteuchuS‚
2969 328 3134 379 1434

515 498 786 574 epistolis
846 498 1148 556 catholicis
1197 497 1623 556 oecumenium
1672 498 1793 554 sere
1850 515 2104 572 guarum
2150 514 2391 573 graecae
2436 500 2496 554 et
2541 497 2852 555 hebraicae
2884 496 3134 570 peritus.

454 660 459 661 ⁷
515 588 725 646 ducem
776 588 968 645 habet.
1034 587 1150 644 Soli
1202 587 1399 645 sensui
1446 586 1666 643 literali
1700 586 1793 643 in·
1849 585 2208 643 Prodierunt
2238 587 2369 660 ejus
2402 605 2579 661 opera
2609 585 2856 645 collecta
2887 585 3134 643 Parisiis

516 677 718 735 haeret
749 694 1003 750 eumque
1036 676 1238 750 paucis
1260 675 1474 737 verbis,
1511 675 1611 733 sed
1634 676 1792 733 clare
1859 684 2057 744 15783
2109 674 2372 733 Venetiis
2431 685 2589 738 1591
2648 682 2691 733 t.
2728 686 2763 738 3
2814 675 2877 732 in
2908 674 2948 735 f.
2994 692 3137 731 cura

518 766 752 824 indicat.
788 764 978 833 Quare
1010 765 1137 841 ipse
1170 766 1387 824 scholia
1418 783 1529 823 sua
1556 763 1795 830 ‚brevia
1850 764 2053 824 Ambr.
2100 764 2444 823 Morandi
2479 760 2853 843 (Amorandi)
2901 762 3135 820 abbatis

515 854 769 930 quidem,
835 855 884 911 si
936 855 1181 930 paginas
1234 858 1478 929 spectas,
1532 857 1794 911 ceterum
1850 853 2142 928 generalis
2174 872 2371 929 congr.
2406 873 2530 912 can.
2565 874 2685 930 reg.
2728 872 2773 911 S.
2806 852 3134 927 Augustini

514 944 761 1020 prolixis
794 943 1231 1002 commentariis
1281 962 1401 1001 non
1432 943 1630 1000 minus
1663 960 1793 1000 suc·
1851 937 1910 1020 (†
1951 939 2145 1021 1608)
2179 960 2315 1000 cum
2350 944 2610 1001 auctoris
2642 943 2769 1000 vita
2801 940 2948 1023 (non
2985 943 3134 999 satis

515 1033 817 1101 culenta‘,
865 1051 985 1090 non
1031 1032 1316 1091 immerito
1356 1032 1505 1090 dixit
1523 1030 1583 1107 ¹).
1648 1032 1791 1105 Ejus

514 1123 863 1180 brevissima
913 1127 974 1179 et
1023 1121 1300 1181 facillima
1346 1124 1412 1178 in
1459 1139 1648 1179 omnes
1708 1137 1793 1193 ep.

514 1210 687 1269 Paula·
712 1211 933 1269 scholia
952 1229 1087 1269 cum
1104 1211 1343 1269 scholiis
1365 1256 1378 1267 .
1402 1255 1414 1267 .
1440 1255 1452 1266 .
1487 1211 1549 1267 in
1569 1214 1794 1284 septem

514 1319 605 1375 ep.
640 1300 953 1358 catholicas
1002 1305 1064 1358 et
1096 1300 1514 1375 Apocalypsim
1563 1298 1795 1373 prodie-

515 1396 659 1447 runt
693 1390 770 1446 ib.
801 1399 999 1458 15433
1044 1398 1202 1451 1629
1222 1392 1365 1458 etc.;
1399 1388 1794 1463 inEvanyelia

515 1481 575 1535 et
636 1486 795 1536 actus
855 1481 994 1554 post
1054 1479 1182 1554 ejus
1231 1482 1501 1546 mortem,
1553 1477 1795 1535 Parisiis

525 1576 707 1629 1552.
770 1569 840 1625 In
902 1567 976 1625 iis
1039 1568 1294 1625 libenter
1344 1567 1794 1641 cajetanum

515 1657 653 1730 plus
702 1674 889 1731 aequo
940 1657 1129 1732 carpit
1173 1662 1233 1715 et
1278 1656 1476 1713 Ambr.
1529 1655 1791 1712 Catha-

515 1745 766 1803 rinum
812 1746 1035 1813 laudat,
1085 1746 1381 1820 nimisque
1423 1744 1794 1802 commendat

515 1835 554 1891 l.
587 1835 719 1892 Alb.
770 1835 815 1891 P
830 1834 1031 1910 ighii
1078 1834 1150 1892 de
1174 1833 1606 1909 justificatione
1654 1852 1792 1907 ope·

514 1942 645 1981 rum
679 1941 744 1980 ac
778 1923 910 1980 fidei
941 1926 1282 1982 tractatum.
1348 1922 1590 1980 Minoris
1623 1921 1793 1979 utili·

512 2012 660 2069 tatis
682 2017 773 2069 est
791 2013 920 2086 ejus
951 2014 1180 2088 poetica
1199 2012 1386 2070 versio
1410 2011 1791 2079 Psalmorum‚

515 2100 753 2158 Parisiis
797 2111 977 2163 1547.
1010 2101 1189 2178 Typis
1222 2119 1462 2175 quoque
1495 2100 1659 2158 dedit
1694 2118 1792 2157 ve-

515 2196 710 2248 terum
755 2191 1130 2264 quorundam
1174 2209 1367 2265 opera,
1414 2192 1485 2247 ut
1516 2189 1793 2246 Prima·

515 2279 614 2337 sii
646 2281 1069 2337 commentaria
1097 2282 1161 2337 in
1193 2296 1279 2352 ep.
1310 2298 1354 2337 s,
1377 2280 1550 2336 Paula·
1580 2278 1652 2336 ad
1678 2278 1790 2335 Ro—

1850 1026 2178 1112 accurata);
2229 1031 2306 1089 ib.
2367 1043 2550 1100 1601,
2603 1050 2856 1107 quorum
2907 1031 3137 1105 potiora

1851 1124 2022 1177 sunt:
2078 1120 2141 1176 V.
2195 1121 2256 1178 Τ.
2307 1122 2380 1180 ad
2432 1121 2769 1180 hebraicam
2819 1120 3131 1177 veritatem

1850 1209 2176 1284 recognitio
2205 1210 2328 1268 sive
2373 1213 2435 1268 in
2466 1210 2907 1269 Pentateuclmm
2954 1227 3134 1265 anno-

1851 1300 2106 1366 tationes,
2162 1298 2421 1358 Venetiis
2462 1309 2626 1361 1529
2661 1300 2724 1357 in
2761 1310 2816 1361 4.
2850 1298 2939 1358 ed.
2971 1316 3132 1364 rara3

1851 1386 2128 1462 Lugduni
2166 1398 2324 1450 1531
2368 1390 2431 1447 in
2463 1399 2517 1452 8.
2551 1389 2791 1447 Parisiis
2822 1396 2984 1449 1578
3008 1390 3051 1443 t.
3078 1395 3133 1447 2.

1851 1477 1922 1533 In
1956 1477 2027 1533 iis
2057 1476 2277 1535 nititur
2297 1479 2605 1554 vulgatam
2626 1478 2786 1536 tueri
2805 1476 3134 1535 versionem

1850 1570 2030 1639 atque
2063 1566 2370 1625 ostendere
2401 1586 2528 1625 eam
2563 1586 2691 1625 esse
2723 1566 2913 1624 textui
2945 1564 3133 1641 magis

1851 1654 2210 1712 conformem
2259 1656 2532 1715 hebraico
2582 1656 2848 1714 versione
2898 1654 3134 1712 alexan-

1852 1743 2035 1800 drina.
2088 1743 2201 1801 Eas
2253 1766 2287 1803 a
2329 1746 2555 1821 judicio
2588 1746 2794 1803 critico
2827 1743 3034 1802 laudat
3065 1743 3130 1803 R.

1852 1832 2124 1900 Simon,
2188 1834 2460 1908 quamvis
2522 1838 2705 1903 notet,
2786 1832 3133 1892 Steuchium

1851 1920 2046 1979 minus
2079 1940 2334 1995 aequum
2368 1941 2669 1982 censorem
2719 1920 3132 1981 alexandrinae

1850 2010 2035 2068 fuisse
2086 2013 2368 2071 versionis
2382 2008 2446 2092 1).
2501 2012 2870 2087 Cosmopoeia
2918 2010 3013 2069 vel
3061 2009 3134 2068 de

1850 2098 2149 2157 mundano
2196 2102 2424 2177 opificio
2466 2101 2752 2176 expositio
2798 2096 2996 2182 (valde
3041 2118 3134 2157 ac-

1850 2184 2081 2267 curata)
2132 2190 2318 2248 trium
2381 2192 2645 2265 priorum
2696 2210 2774 2248 cc.
2824 2191 3133 2255 Geneseos,

1849 2276 2129 2351 Lugduni
2172 2289 2354 2347 1535,
2403 2281 2464 2337 in
2509 2298 2630 2353 qua
2674 2300 2740 2337 ex
2776 2279 3135 2354 scriptorum

512 2386 721 2427 manos
753 2373 813 2425 et
844 2368 916 2425 ad
938 2369 1255 2437 Hebrae08‚
1288 2367 1567 2444 Lugduni
1597 2377 1792 2435 15:373
1849 2365 2232 2441 profanorum
2262 2369 2623 2427 testimoniis
2643 2368 2962 2428 admodum
2994 2386 3132 2425 eiu-

514 2457 732 2515 Aviti
796 2462 856 2515 et
905 2458 1076 2516 Marii
1129 2458 1477 2516 Victoris
1529 2458 1795 2515 carmina
1851 2454 1973 2511 dite
2036 2457 2350 2515 mosaicam
2399 2456 2668 2517 illustrat
2717 2457 3131 2516 narrationem.

514 2546 797 2621 Lugduni
861 2557 1055 2614 15363
1105 2546 1410 2621 Apollonii
1462 2544 1794 2604 Collatii
1851 2544 1936 2601 Ea
1968 2543 2083 2601 fuit
2113 2546 2464 2621 impugnata
2495 2548 2568 2605 ab
2589 2546 2901 2606 Ambrosio
2925 2546 3132 2605 Catha-

512 2635 741 2694 Excidii
773 2635 1277 2713 hierosolymitani
1311 2636 1369 2693 ll.
1404 2634 1500 2704 IV,
1549 2634 1794 2693 Parisiis
1851 2633 2001 2702 rino,
2038 2635 2295 2709 primum
2337 2636 2638 2711 prohibita
2688 2635 2910 2705 ,donec
2954 2634 3133 2694 corri-

528 2735 713 2787 1540.
1851 2728 2100 2798 gamm<
2135 2731 2396 2784 correcta
2425 2727 2487 2783 in
2520 2727 2606 2784 ed.
2642 2730 2882 2784 veneta:
2915 2725 3135 2783 hinein

606 2824 684 2876 67
694 2824 748 2874 9.
782 2814 913 2871 Jam
942 2815 1130 2872 adeos
1155 2815 1482 2878 veniamus,
1501 2815 1604 2889 qui
1621 2814 1796 2871 libros
1852 2811 2053 2870 Indice
2084 2813 2225 2871 olim
2258 2815 2603 2890 legebatur:
2650 2816 2820 2882 ,Nisi
2854 2814 3034 2872 fuerit
3065 2833 3134 2872 ex

512 2905 843 2981 sirequlteres
923 2904 1321 2966 illustrarunt.
1414 2903 1794 2979 Augustinus
1852 2902 2179 2960 emendatis
2249 2914 2310 2961 et
2383 2904 2680 2978 impressis
2754 2904 3016 2962 Venetiis
3081 2923 3132 2964 a.

514 2992 899 3049 Steuchus
934 2996 1113 3050 natus
1147 2997 1236 3050 est
1257 2992 1583 3068 Eugubiia.
1608 3002 1793 3060 1469,
1861 3001 2016 3052 1591
2046 3000 2102 3047 z‘
2138 3011 2289 3065 quae
2322 2997 2521 3051 tamen
2553 2994 2726 3051 modo
2760 2995 2994 3052 desunt
3057 2991 3131 3051 In

514 3080 575 3137 in
608 3080 901 3154 baptismo
954 3081 1196 3139 Guido
1247 3082 1601 3149 nominatus,
1636 3081 1793 3156 quod
1853 3080 1889 3136 l.
1941 3080 2050 3137 Job
2110 3083 2529 3150 enarrationes,
2597 3082 2858 3141 Venetiis
2927 3091 3130 3148 15673

512 3187 727 3227 nomen
759 3170 1037 3239 mutavit,
1085 3171 1319 3245 quando
1369 3172 1669 3247 ingressus
1703 3175 1796 3228 est
1861 3179 2014 3230 1601
2046 3190 2059 3236 ;
2093 3171 2156 3228 in
2189 3172 2281 3228 Ps.
2314 3172 2709 3248 quadrayinta
2732 3173 2997 3244 priores:
3030 3171 3131 3227 ad-

512 3259 1025 3334 congregatiouem
1076 3277 1199 3318 can.
1236 3279 1355 3336 reg.
1391 3280 1436 3321 s,
1469 3261 1794 3336 Augustini
1843 3258 2036 3331 jectae
2083 3265 2226 3317 sunt
2269 3262 2712 3334 explanationes
2756 3262 2984 3336 aliquot
3026 3278 3131 3317 no·

514 3345 758 3428 (1513).
819 3349 1017 3407 Finito
1064 3368 1277 3425 magno
1321 3350 1530 3409 ardore
1564 3350 1791 3408 studio·
1851 3347 2062 3405 bilium
2094 3350 2477 3422 psalmorum,
2526 3369 2782 3425 quorum
2812 3368 3130 3426 argumen-

510 3457 646 3496 rum
676 3438 972 3497 curriculo
1002 3440 1334 3513 praefectus
1355 3446 1445 3497 est
1464 3439 1793 3497 ditissimae
1851 3443 1980 3493 tum
2014 3440 2108 3494 est
2152 3439 2223 3495 de
2270 3457 2407 3514 rege
2440 3439 2669 3509 Messia,
2716 3440 2789 3497 de
2834 3439 3130 3497 creatione

512 3527 738 3584 ordinis
801 3527 1191 3586 bibliothecae
1241 3527 1525 3597 VenetiiS‚
1587 3535 1795 3604 postea
1849 3526 2075 3594 mundi,
2127 3528 2361 3602 generis
2412 3527 2674 3598 humani,
2727 3548 2831 3604 spe
2870 3527 3127 3596 coelesti,

510 3617 662 3674 rexit
707 3617 1009 3675 canoniam
1056 3618 1423 3693 rhegiensem
1470 3621 1529 3676 et
1564 3615 1789 3698 (1533)
1850 3614 1974 3673 scil·
2020 3615 2084 3672 in
2130 3635 2216 3689 ps·
2255 3626 2353 3677 44.
2393 3626 2492 3678 67.
2532 3627 2629 3679 72.
2666 3628 2765 3681 90.
2808 3626 2947 3679 102.
2988 3626 3129 3679 103.

512 3706 726 3780 prioris
759 3725 1001 3764 munere
1051 3706 1412 3783 fungebatur
1447 3708 1508 3764 in
1542 3707 1793 3765 canonia
1861 3715 1994 3766 109.
2040 3714 2176 3772 138,
2211 3705 2491 3781 Lugduni
2530 3716 2712 3769 1548.
2761 3707 2851 3766 Ob
2882 3705 3129 3781 psalmo-

508 3795 814 3871 eugubina
847 3815 889 3853 s.
926 3795 1196 3853 Secundi.
1229 3799 1281 3853 A
1315 3797 1498 3854 Paulo
1532 3796 1632 3854 111.
1668 3796 1789 3854 dic·
1849 3812 1983 3850 rum
2027 3803 2098 3856 18
2135 3803 2196 3851 et
2238 3805 2353 3857 138
2378 3796 2798 3870 expositionem
2824 3792 3128 3878 (Lugduni

508 3887 607 3941 tus
640 3889 729 3941 est
760 3885 1074 3959 episcopus
1125 3885 1464 3943 cisamensis
1498 3885 1792 3942 ininsula
1857 3879 2047 3960 1533)
2101 3884 2507 3942 controversia
2555 3889 2686 3943 orta
2731 3891 2825 3950 est
2868 3884 3132 3943 literaria

508 3974 757 4030 cretensi
794 3981 1017 4052 (1538)
1052 3977 1113 4032 et
1144 3974 1534 4032 bibliothecae
1567 3974 1790 4031 vatica-
1848 3989 1981 4028 cum
2017 3971 2278 4040 Erasmo,
2312 3974 2449 4030 hinc
2469 3993 2673 4032 eorum
2705 3974 2912 4032 literae
2930 3972 3001 4030 de
3019 3974 3128 4030 hoc

508 4080 616 4119 nae
650 4065 977 4136 praefectus
1012 4061 1072 4142 (†
1113 4061 1325 4140 1549).
1389 4063 1493 4120 Vir
1523 4067 1652 4120 erat
1684 4062 1786 4120 ad·
1847 4064 2200 4135 argumento
2264 4062 2512 4121 editioni
2574 4063 2738 4122 fuere
2814 4062 3127 4138 subjectae.

508 4150 745 4208 modum
778 4152 1068 4220 eruditus,
1116 4153 1298 4210 studii
1333 4151 1635 4220 indefessi,
1672 4151 1787 4208 lin·
1855 4150 2120 4220 Quaestio
2172 4170 2248 4208 an
2298 4153 2540 4227 vulgata
2572 4152 2755 4210 editio
2788 4153 2871 4210 sit
2901 4153 2954 4209 d.
2989 4151 3128 4209 Hie-

588 4307 621 4371 .)
651 4304 891 4371 Comely
920 4303 1131 4358 Introd·
1163 4305 1221 4357 in
1250 4303 1316 4356 V·
1343 4306 1403 4357 T·
1432 4303 1491 4356 n·
1511 4321 1580 4356 ss.
1601 4303 1734 4359 diss·
1756 4309 1790 4360 3
1846 4239 2110 4313 ronymi3
2165 4239 2326 4297 Libri
2377 4252 2501 4299 tres
2551 4242 2614 4299 in
2646 4242 3012 4299 Lutheranos
3062 4242 3129 4298 de

507 4393 535 4428 0
597 4380 631 4429 4
676 4384 702 4438 ἓ
750 4380 832 4429 14·
884 4376 963 4427 Est
1016 4375 1188 4429 ctiam
1233 4375 1435 4428 laudat
1482 4375 1526 4427 R
1590 4379 1788 4430 &mon
1845 4328 2161 4386 christiana
2237 4331 2506 4406 reliyione
2566 4333 2778 4388 tuenda
2827 4330 3127 4389 Bononiae

508 4418 752 4499 kiistoirc
780 4445 902 4500 crit.
944 4447 1041 4500 des
1082 4447 1261 4516 princ.
1298 4418 1599 4501 comment.
1627 4467 1672 4500 c.
1699 4453 1788 4521 40,
1853 4426 2037 4484 1530’
2073 4418 2298 4493 (3031151-
2321 4420 3127 4481 2·inSel‘UitR008bertiSU80

506 4536 560 4587 p.
588 4522 852 4576 579—89.
893 4519 961 4571 de
1004 4537 1184 4585 eoque
1225 4519 1375 4571 inter
1417 4518 1531 4571 alia
1560 4519 1788 4574 scribit:
1846 4506 1985 4564 bibl·
2037 4511 2200 4581 pont.
2235 4508 2330 4566 IV.
2385 4518 2708 4579 653—683
2770 4511 2841 4568 (1⁴3
2880 4512 3128 4585 perenni

508 4595 579 4644 Ue
608 4593 1069 4644 Commentateur
1096 4592 1201 4643 fait
1226 4593 1476 4658 paroitre
1497 4591 1638 4644 (lans
1661 4595 1790 4644 tout
1841 4598 2208 4670 philosophia
2242 4599 2296 4655 ll,
2337 4602 2434 4668 10,
2470 4617 2586 4673 quo
2620 4599 2684 4657 in
2717 4618 2891 4674 opere
2911 4618 3126 4676 magno

506 4680 605 4716 son
634 4678 883 4730 ouvrage
913 4679 1007 4714 sui·
1035 4662 1085 4716 le
1116 4663 1183 4717 N.
1213 4662 1273 4715 T.
1321 4662 1463 4729 qu’il
1492 4663 1789 4717 entendoit

504 4733 561 4787 la
590 4734 820 4786 inatiere
840 4734 980 4800 qu'il
999 4737 1183 4799 traite‚
1201 4739 1257 4787 et
1273 4735 1410 4802 qu'il
1444 4735 1586 4788 etoit
1607 4738 1786 4787 meme

507 4806 695 4858 habile
736 4805 876 4857 (lans
920 4806 971 4858 la
1012 4805 1268 4874 Critique
1310 4810 1413 4860 etc.
1466 4807 1547 4860 Cf.
1596 4806 1784 4876 Dupin

508 4877 648 4941 XIV,
681 4881 813 4930 182:
844 4878 1006 4929 Feret
1034 4878 1097 4941 ΙΙ,
1126 4883 1389 4934 188-91.

1923 4809 1958 4866 1)
1989 4805 2132 4859 llist.
2173 4805 2296 4859 crit.
2338 4805 2415 4857 du
2447 4805 2513 4862 V.
2541 4804 2601 4858 Τ.
2647 4807 2736 4862 111.
2782 4812 2878 4862 12;
2932 4806 3126 4876 Dupin

1845 4877 1981 4940 XlL,
2015 4881 2130 4932 183.
2185 4877 2264 4928 Cf.
2295 4876 2482 4930 Canus
2511 4876 2576 4929 11.
2605 4882 2688 4932 13.
