3475 5364
386 337 509 388 329
1299 318 1644 386 Interpretes
1672 334 1711 372 s,
1740 317 2085 387 Scripturae.
2872 340 2905 391 8
2916 338 2995 392 30

384 513 503 564 tam
556 504 915 563 academiam
966 503 1365 562 lovaniensem
1397 506 1658 572 vocatus,
1716 501 1955 582 (Torpe)
2004 504 2269 580 ejusdem
2317 505 2459 574 ord.,
2496 506 2745 583 Anglus,
2798 507 3001 565 doctor

381 595 486 671 qui
517 595 748 670 primus
794 593 1055 651 scholam
1099 592 1491 668 theologicam
1524 612 1660 668 ape·
1717 594 2065 671 ingeniosus
2116 595 2313 653 dictus
2347 592 2408 674 (†
2448 591 2657 672 1440),
2692 597 2753 653 et
2781 594 2820 652 J
2837 614 3000 654 oan-

381 687 528 743 riret
560 684 791 759 (14333
827 679 862 747 †
898 691 997 744 23.
1030 681 1165 756 Maj.
1197 679 1409 760 1449),
1443 684 1505 739 et
1536 681 1658 740 Ro·
1717 702 1851 742 nes
1885 683 2257 742 Tilnaeus
2290 678 2689 765 (Tillonegus)
2706 685 3003 759 professor

381 775 656 833 bertus
708 770 1065 831 Oibolius
1098 764 1398 851 (Oiboule)
1435 770 1658 830 thcolo·
1717 773 2216 849 cantabrigiensis
2250 769 2329 850 (fl.
2352 790 2397 831 c.
2429 769 2639 852 1436),
2674 774 2846 848 cujus
2872 774 3001 831 lau-

381 881 493 940 gus
528 861 869 937 parisiensis
887 856 953 941 ¹),
1002 859 1333 919 academiae
1378 863 1572 918 rector
1603 862 1663 918 et
1719 863 1896 920 datur
1910 861 2091 919 etiam
2105 862 2521 936 compendium
2551 862 2999 922 sententiarum.

381 953 620 1010 demum
665 949 1051 1008 cancellarius
1098 946 1177 1030 (fi.
1234 943 1446 1028 1450),
1494 950 1662 1026 cujus
1718 985 1806 994 —
1838 951 2199 1010 Bertholdus
2248 951 2349 1008 Pu
2369 971 2400 1009 e
2422 950 2801 1010 chhauser
2847 951 2910 1010 Ο.
2945 952 2999 1009 S.

380 1042 498 1100 duo
531 1041 859 1115 supersunt
890 1038 1076 1097 libelli
1107 1038 1341 1097 ascetici
1375 1037 1543 1097 editi.
1579 1073 1656 1081 —-
1721 1041 1891 1116 Aug„
1925 1041 2249 1099 Ruchower
2282 1039 2357 1098 ab
2391 1040 2692 1098 Aschbach
2742 1041 3001 1115 appella-

381 1129 678 1207 Epistolas
710 1128 880 1186 Pauli
909 1133 972 1185 et
989 1128 1377 1204 Evangelium
1413 1145 1456 1185 s,
1477 1128 1516 1186 J
1520 1147 1654 1187 oan·
1718 1133 1819 1188 tus
1834 1126 1899 1209 ¹),
1934 1129 2395 1196 RatisbonensiS,
2427 1129 2630 1187 doctor
2647 1128 2999 1190 oxoniensis·

380 1221 474 1277 nis
523 1218 797 1293 exposuit
860 1218 1140 1275 Petrus
1207 1216 1530 1275 Beicher
1590 1217 1661 1275 de
1714 1219 1779 1275 in
1841 1219 2235 1277 universitate
2304 1218 2612 1277 viennensi
2670 1218 3001 1294 theologiae

381 1308 785 1366 Pii-chenwart
844 1306 908 1364 in
982 1305 1278 1364 academia
1350 1305 1659 1366 viennensi
1717 1307 2001 1383 magister
2030 1311 2092 1367 et
2124 1307 2458 1382 provinciae
2500 1307 2805 1366 bavaricae
2836 1325 3002 1382 prae·

380 1396 787 1473 philosophiae
820 1394 1136 1470 professor,
1170 1394 1309 1452 dein
1330 1395 1661 1472 theologiae
1719 1397 1952 1471 positus
1986 1402 2045 1455 et
2078 1416 2183 1473 per
2202 1395 2509 1455 Bavariam
2534 1396 2789 1454 vicarius
2821 1415 2998 1472 gene·

381 1486 584 1546 doctor
614 1489 676 1544 et
706 1484 993 1560 magister
1027 1479 1086 1564 (†
1127 1479 1335 1564 1436).
1369 1518 1456 1527 —-
1487 1485 1660 1560 Epis·
1715 1486 1862 1545 ralis
1897 1481 2142 1567 (1435),
2175 1485 2419 1560 reliquit
2463 1503 2640 1559 super
2670 1485 3002 1561 Apocalyp-

380 1575 535 1634 tolas
567 1574 875 1633 canonicas
921 1572 1180 1648 aliosque
1226 1572 1567 1649 Scripturas
1597 1574 1658 1631 ll.
1718 1576 1827 1632 sim
1892 1577 2171 1634 lectiones
2241 1584 2382 1640 107,
2445 1574 2897 1649 81111081110118111Α
2938 1574 3002 1631 111

382 1665 418 1723 J
436 1682 720 1723 oannes
753 1663 807 1721 N
825 1662 1037 1720 oblet
1057 1661 1119 1720 0.
1142 1662 1333 1726 Carm.
1365 1662 1570 1722 doctor
1600 1666 1662 1721 et
1715 1664 1964 1724 Joannis
1984 1663 2386 1741 <Evangelium
2415 1667 2474 1721 et
2494 1663 2849 1740 magistrum
2868 1681 3001 1721 sen·

381 1755 676 1829 professor
703 1751 1048 1828 parisiensis
1093 1754 1230 1810 ante
1264 1770 1441 1810 suum
1472 1752 1534 1810 in
1566 1771 1657 1811 or·
1716 1754 2062 1812 tentiarum.
2127 1787 2216 1796 -—-
2278 1752 2544 1827 Denique
2608 1752 2956 1810 Conradu
2975 1771 3001 1809 s

380 1843 574 1901 dinem
608 1842 948 1918 ingressum
983 1843 1169 1910 ,ai-te,
1204 1859 1322 1900 usu
1354 1844 1415 1900 et
1437 1842 1659 1915 profes·
1718 1843 2126 1901 Weilheim
2191 1841 2254 1899 Ο.
2318 1842 2458 1900 Μ111.
2525 1839 2585 1922 (†
2660 1837 2864 1921 1349).
2916 1875 3003 1885 --

382 1933 543 1990 sione
584 1948 892 2006 corporum
923 1931 1357 2005 aegrotantium
1390 1930 1663 1990 salutifer
1719 1932 2103 1990 Martinus
2150 1931 2222 1990 de
2268 1931 2571 1990 Luzena
2614 1935 3002 2007 cognomento

380 2021 693 2089 medicuS,“
734 2023 806 2077 ut
836 2019 1039 2091 inquit
1071 2018 1432 2077 Trithemius
1464 2039 1509 2079 c.
1536 2031 1567 2081 7
1578 2029 1657 2083 83
1717 2021 1789 2079 El
1823 2021 2135 2079 Machabeo
2168 2020 2477 2095 hispanam
2522 2019 2852 2078 versionem
2882 2019 3001 2078 ela—

384 2108 443 2190 (†
477 2119 633 2171 1440
658 2109 749 2167 vel
779 2102 991 2187 1444).
1022 2142 1091 2150 —
1120 2108 1159 2166 J
1176 2127 1460 2166 oannes
1482 2110 1659 2168 Bru·
1716 2110 1952 2169 boravit
2021 2105 2357 2192 (ineditam)
2422 2108 2880 2184 Evangeliomm
2941 2112 3003 2166 et

381 2199 515 2257 niu
532 2218 559 2255 s
595 2193 693 2278 (de
713 2192 945 2275 Bruyn)
970 2196 1032 2254 Ο.
1054 2197 1235 2255 Carm.
1270 2197 1660 2257 bruxellensis
1716 2199 1855 2257 XIII
1889 2199 2063 2257 Pauli
2095 2218 2185 2273 ap.
2205 2198 2613 2272 epistolarum,
2637 2198 2808 2272 cujus
2823 2197 3002 2256 codex

384 2284 445 2368 (†
485 2283 678 2367 1450)
726 2285 970 2360 reliquit
1012 2287 1431 2344 commentaria
1474 2287 1538 2345 in
1570 2306 1658 2360 ep.
1716 2291 2054 2346 asservatur
2098 2288 2163 2345 in
2207 2287 2585 2346 escurialensi
2631 2285 3002 2345 bibliotheca.

382 2375 435 2433 d.
471 2376 656 2444 Pauli,
691 2375 750 2433 in
788 2375 821 2432 l.
845 2374 1322 2433 Ecclesiasticum
1354 2379 1415 2433 et
1445 2378 1508 2434 in
1538 2396 1660 2434 ma·
1717 2410 1804 2421 —
1837 2376 1873 2434 J
1893 2395 2180 2435 oannes
2212 2378 2608 2435 Bastonus
2658 2372 3002 2457 (Bestonus)

380 2466 636 2542 gistrum
684 2464 1130 2522 sententiarum.
1183 2499 1269 2507 ——
1314 2464 1353 2522 J
1370 2483 1402 2522 o
1423 2484 1660 2524 annes
1718 2466 1782 2524 Ο.
1817 2466 1999 2524 Carm.
2032 2464 2283 2541 AngluS,
2317 2464 2657 2540 disputator
2687 2465 3002 2523 vehemens

383 2555 788 2631 Haytonus
833 2552 896 2610 Ο.
945 2555 1128 2611 Oarm.
1162 2554 1414 2630 Anglus,
1464 2555 1659 2630 philo·
1718 2559 1781 2613 et
1812 2559 2012 2613 orator
2034 2549 3001 2635 facundus(l428).—-Henricus

383 2643 624 2720 sophiae
643 2646 704 2702 et
722 2641 1053 2719 theologiae
1076 2642 1389 2717 professor,
1427 2644 1659 2721 lingua·
1715 2643 1755 2702 J
1773 2663 1803 2703 8
1820 2663 1852 2702 1·
1867 2663 1906 2703 11
1922 2663 1964 2703 11
1978 2663 2017 2722 g
2032 2643 2311 2721 magister
2325 2647 2387 2703 et
2403 2642 2683 2719 syndicus
2702 2639 2781 2725 (fl.
2810 2639 3000 2722 1450)

382 2753 513 2792 rum
591 2751 832 2810 graecae
916 2735 977 2790 et
1052 2732 1357 2791 hebraicae
1434 2734 1660 2810 peritus
1716 2734 2094 2792 concinnavit
2112 2734 2521 2792 Elucidarium
2537 2732 2999 2808 Scripturarum,

385 2820 443 2897 (†
485 2820 696 2893 1428),
747 2821 988 2895 scripsit
1017 2822 1432 2881 annotationes
1463 2824 1526 2881 in
1557 2823 1659 2881 Ev.
1719 2823 2144 2900 Norimbergae
2185 2832 2348 2885 1476
2385 2823 2422 2880 1.
2457 2840 2643 2881 rarus.

381 2930 455 2970 ss.
491 2910 791 2980 Matthaei,
843 2911 1035 2969 Lucae
1085 2913 1146 2968 et
1175 2909 1443 2982 Joannis,
1478 2912 1539 2970 in
1571 2932 1659 2987 ep.

380 3019 422 3059 s.
445 3001 613 3058 Pauli
646 3000 720 3059 ad
741 2999 864 3058 Cor.
886 3000 948 3057 11.
975 3008 1030 3067 23
1051 2999 1116 3057 in
1136 3018 1224 3074 ep.
1249 3000 1324 3058 ad
1345 3001 1659 3069 Hebraeos,
1811 3008 1954 3064 413.
2004 3000 2234 3076 Reliqui
2281 3002 2426 3058 sunt
2485 2998 2687 3081 tres²)‚
2751 3019 3004 3076 quorum

378 3090 441 3148 in
473 3088 869 3164 Apocalypsin
910 3088 1038 3146 lect.
1075 3098 1191 3155 46;
1256 3089 1558 3149 Summam
1590 3091 1661 3147 de
1716 3090 1959 3149 nomina
2020 3090 2205 3166 magis
2275 3089 2607 3156 innotuere,
2686 3107 2808 3148 non
2883 3094 3003 3147 tam

381 3178 708 3245 virtutibus
769 3181 876 3235 etc.
945 3212 1023 3219 —
1087 3177 1159 3235 In
1241 3179 1660 3255 Apocalypsim
1717 3183 1963 3255 propter
1983 3178 3007 3254 laboresexegeticosquampropter

380 3267 686 3343 scripsisse
718 3266 1088 3325 referuntur:
1136 3266 1173 3324 J
1190 3286 1223 3325 o
1243 3286 1278 3324 a
1292 3286 1333 3324 n
1354 3287 1394 3324 n
1411 3287 1442 3326 e
1461 3287 1487 3325 s
1536 3269 1579 3326 Τ
1598 3288 1660 3327 a·
1716 3268 1834 3326 alia
1848 3287 2051 3326 eorum
2069 3270 2237 3344 gesta
2251 3268 2347 3325 vel
2364 3268 2599 3342 scripta.
2634 3268 2685 3325 N
2701 3267 2722 3325 i
2737 3285 2768 3325 c
2783 3268 2904 3326 ola
2918 3286 2960 3325 11
2977 3285 3003 3324 s

380 3375 454 3415 ce
473 3375 498 3414 s
517 3377 552 3432 p
569 3356 607 3412 h
625 3356 693 3413 al
710 3375 749 3413 11
766 3374 793 3413 s
827 3352 1214 3434 (Tiscephale)
1239 3357 1488 3432 Anglus,
1525 3357 1659 3415 hae·
1716 3357 1788 3415 de
1822 3357 1871 3414 D
1887 3357 1907 3414 i
1923 3376 1963 3415 n
1979 3357 2017 3413 k
2035 3375 2066 3414 e
2082 3374 2109 3413 s
2125 3357 2164 3413 b
2181 3355 2313 3414 ahl
2359 3352 2533 3436 (urbe
2582 3352 2856 3437 Sueviae)
2908 3374 3003 3415 or-

379 3464 566 3503 resum
598 3444 787 3504 hostis
820 3444 1141 3502 acerrimus
1187 3463 1254 3502 ex
1288 3445 1492 3503 ordine
1524 3447 1659 3504 Car·
1731 3496 1734 3503 .

380 3534 716 3592 melitarum
750 3528 810 3613 (†
845 3529 1051 3613 1427),
1085 3552 1262 3608 quem
1295 3534 1484 3609 aliqui
1517 3553 1658 3593 eun·
1796 3600 1831 3655 ¹}
1859 3596 2058 3651 Gesch.
2087 3595 2186 3648 der
2212 3594 2379 3649 Univ.
2404 3594 2569 3648 Wien
2592 3594 2633 3657 Ι,
2658 3599 2789 3654 441,
2818 3593 3003 3647 Ossia-

378 3623 511 3681 dem
560 3641 686 3680 esse
734 3626 950 3698 putant
1000 3640 1137 3680 cum
1185 3622 1479 3682 Joanne
1511 3624 1658 3681 Tit·
2860 3665 2870 3676 ·
2988 3665 2997 3675 .

382 3713 449 3770 18
466 3731 492 3768 s
510 3732 547 3786 p
565 3713 599 3769 h
620 3731 654 3769 a
670 3710 740 3770 10
792 3707 1182 3792 (Tytleghgle)
1218 3712 1483 3787 ejusdem
1515 3712 1656 3782 ord„
1714 3671 2182 3791 {ffoggzzggrfil
2217 3669 2381 3719 notat
2406 3682 2537 3718 cum
2557 3665 2702 3719 male
2720 3681 3003 3718 nominari

377 3801 472 3860 cui
504 3805 705 3859 tamen
737 3800 1066 3858 Villiers
1101 3802 1409 3875 pluraalia
1441 3801 1658 3860 adscri-
1790 3816 1829 3879 2)
1884 3809 2155 3863 Petrus
2217 3808 2286 3861 de
2345 3807 2793 3862 Rosenheim
2851 3806 3002 3862 OSB.

377 3889 466 3948 δὴ
502 3892 740 3965 praeter
787 3890 1276 3948 commentarium
1319 3891 1381 3948 jn
1434 3892 1656 3966 Apoea-
1713 3881 1871 3962 prior
1897 3880 1958 3933 in
1985 3880 2328 3935 monasterio
2372 3877 2701 3960 mellicensi,
2743 3877 2838 3934 cui
2862 3878 3003 3960 Mar:

376 3979 596 4055 ¹59⁸i¹¹²
648 3978 769 4036 ⁸⁰fl·
819 3979 1241 4037 commentaria
1303 3980 1365 4038 ³¹¹
1416 3984 1654 4038 senten·
1713 3952 2216 4077 ἓῖἶῗιὲἐιῖἓῃὲἕῑε
2244 3949 3005 4089 deississd¹gi1toffeffesiigi¹ssffl

373 4068 594 4125 flamm
650 4067 1025 4144 magistrum⁹
1090 4069 1525 4142 praelectiones
1578 4088 1653 4128 3⁸·
1679 4094 1684 4101 “
1711 4112 1871 4149 cessu
1898 4096 1960 4148 in
1989 4094 2252 4165 pluribus
2271 4065 2570 4163 praestitit,
2598 4096 2655 4145 et
2681 4109 2849 4161 quem
2876 4109 3005 4148 con-

379 4156 707 4215 Bibliorum
750 4164 877 4225 etc„
912 4159 974 4214 et
1002 4175 1178 4230 quem
1213 4157 1366 4217 circa
1398 4179 1446 4220 a.
1491 4169 1653 4222 1354
1712 4168 1912 4222 cilium
1942 4166 2256 4221 basileeuse
2301 4182 2351 4220 a.
2381 4170 2520 4221 1432
2566 4166 2626 4218 in
2653 4165 3001 4229 Bohemiam,

377 4245 644 4304 floruisse
659 4244 961 4308 refert.—-
983 4246 1022 4304 J
1038 4264 1325 4304 oannes
1359 4247 1656 4323 Thorpe
1713 4243 1783 4293 ut
1825 4256 1881 4292 ΒΘ
1927 4236 2147 4292 Hueiffiss
2191 4239 2482 4306 oponeret,
2523 4235 2679 4318 miflifi
2716 4240 2764 4307 (†
2790 4253 2835 4290 0·
2865 4241 3004 4293 1440

1715 4309 1808 4365 vel
1836 4315 2013 4381 1441),
2058 4310 2213 4363 haud
2261 4325 2447 4377 pauca
2489 4310 2547 4361 et
2582 4310 2752 4362 etiam
2782 4325 3004 4362 concor·

1714 4382 1942 4436 dantias
1989 4384 2236 4449 quatuor
2276 4378 2719 4450 Evangeliorum
2761 4378 3001 4449 scripsit,

456 4457 491 4522 ¹)
521 4450 603 4505 Cf.
632 4451 794 4504 Feret
834 4451 926 4516 IV,
967 4455 1268 4507 304—309.
1321 4452 1659 4520 Arnulphus
1716 4470 1861 4520 quae
1889 4455 2078 4507 tamen
2107 4469 2221 4506 non
2250 4450 2600 4521 prodierunt.
2664 4450 2842 4531 Saepe
2871 4467 3002 4503 vero

365 4522 669 4578 ¹Gereban
721 4522 1058 4592 Compendii
1106 4523 1165 4574 in
1217 4522 1407 4576 Gallia
1471 4525 1657 4587 natus,
1717 4523 1933 4593 prodiit
1959 4524 2081 4593 ejus
2095 4526 2321 4577 Roseum
2348 4526 2651 4576 memoriale
2676 4522 3001 4577 divinorum

375 4593 681 4648 canonicus
720 4594 1141 4648 cenomanensis
1180 4595 1254 4663 (fl.
1298 4597 1455 4665 1450)
1496 4600 1660 4649 Actus
1715 4594 2093 4663 eloquiorum,
2110 4593 2400 4648 Bononiae
2419 4598 2571 4653 14892
2594 4592 3002 4664 Norimbergae

377 4669 732 4733 apostolorum
795 4665 1039 4733 rythmis
1103 4665 1326 4736 gallicis
1389 4664 1659 4729 reddidit,
1719 4670 1856 4723 1493
1883 4669 2004 4729 ctc„
2046 4666 2106 4719 in
2149 4683 2261 4733 quo
2306 4664 2572 4719 brevibus
2613 4664 2866 4717 distichis
2893 4665 3001 4717 sin-

377 4753 549 4818 quam
579 4737 889 4818 versionem
919 4737 1040 4805 ejus
1067 4737 1242 4817 frater
1270 4736 1462 4817 Simo
1482 4754 1517 4788 n
1564 4738 1660 4790 Ca·
1716 4737 1984 4862 {illorum
2012 4737 2069 4793 ll.
2098 4739 2155 4818 et
2180 4754 2255 4790 cc.
2284 4739 2684 4817 argumentum
2713 4735 3000 4804 expressit.

886 4879 1661 4939 ,,,,
1718 4808 2037 4949 ,taff
2061 4878 2693 4941 ,
