3475 5364
546 388 628 451 4'3
1229 383 1601 435 uos—1141.
1628 376 1775 438 Hist,
1803 379 2003 448 partic.
2035 380 2231 445 Hesso,
2260 380 2483 447 Nestor,
3091 395 3178 450 44

547 567 649 626 sed
710 565 1020 643 permagni
1096 565 1386 624 momenti
1464 567 1525 624 et
1591 562 1822 623 fidelem
1880 567 2299 634 retractarunt,
2335 565 2781 635 continuarunt,
2831 565 2969 624 hinc
3001 565 3175 624 codd.

516 644 1017 715 ¹comvmmtarium
1049 655 1121 713 de
1153 654 1331 712 rebus
1361 673 1412 713 a.
1443 666 1464 717 1
1493 664 1605 716 119
1634 653 1821 730 gestis
1879 653 2039 712 inter
2071 673 2133 713 se
2165 653 2550 724 dissentiunt,
2587 656 2657 712 ut
2682 655 2867 713 forma
2898 653 3173 731 origina-

544 746 703 805 inter
735 744 1121 804 calixtum
1154 744 1227 803 II.
1276 744 1495 819 Papam
1527 746 1588 801 et
1632 743 1817 801 Hen-
1880 743 1957 801 lis
1989 742 2086 801 vix
2117 743 2425 806 habeatur.
2486 743 2645 801 Illud
2695 743 2932 802 demum
2980 762 3050 802 ex
3087 753 3173 806 53

545 835 607 893 ri
628 854 787 894 cum
820 833 886 896 V.
920 833 1078 908 imp.,
1128 851 1247 910 quo
1280 832 1665 891 continentur
1694 834 1825 890 acta
1880 832 2044 891 codd.
2078 831 2266 891 edidit
2297 832 2545 891 societas
2578 833 2981 908 archeologica
3012 832 3174 891 viro·

546 922 779 983 concilii
824 922 1114 981 remensis
1156 923 1266 981 hoc
1309 942 1357 984 a.
1411 920 1690 980 celebrati
1733 920 1824 1000 (in
1880 941 2016 979 rum
2079 922 2404 980 doctorum.
2435 921 2734 996 Petropoli
2795 931 2957 985 1767
3014 932 3058 979 t.
3112 931 3172 992 5,

546 1013 672 1073 Me.
707 1011 803 1070 SS.
836 1012 961 1083 XII,
988 1007 1382 1092 422—428).
1415 1011 1618 1068 Edidit
1648 1009 1824 1067 illum
1880 1029 2060 1085 quam
2110 1010 2434 1069 editionem
2465 1011 2671 1085 plures
2735 1010 2885 1068 aliae
2932 1014 3175 1070 secutae

547 1101 676 1162 Seb.
710 1101 1146 1178 Tengnagelius
1187 1100 1347 1158 inter
1377 1104 1581 1158 vetera
1612 1118 1821 1158 monu-

545 1193 746 1248 menta
778 1192 979 1248 eontra
1011 1188 1426 1260 schismaticos,
1468 1187 1822 1265 Ingolstadii

554 1290 738 1350 1612,
776 1288 1122 1342 329—3138
1174 1275 1398 1359 (Migne
1441 1288 1577 1346 163,
1623 1287 1820 1340 1081-

550 1364 658 1450 86)
693 1370 754 1427 et
785 1368 923 1426 aliis
958 1367 1047 1425 ed.
1070 1366 1302 1426 omissis
1322 1366 1411 1426 W.
1432 1367 1822 1425 wattenbach

543 1457 609 1515 in
641 1457 766 1516 Me.
797 1456 925 1519 Lib.
958 1456 1030 1515 de
1062 1457 1165 1515 lite
1195 1456 1300 1525 111,
1339 1465 1538 1519 21-28
1592 1456 1700 1514 hac
1729 1455 1823 1513 in-

546 1545 897 1621 scriptione:
932 1544 1200 1614 Qualiter
1230 1564 1423 1620 nuper
1441 1545 1600 1603 inter
1619 1563 1820 1620 regem

544 1637 604 1693 et
635 1635 919 1693 domnum
969 1653 1178 1709 papam
1231 1653 1408 1693 causa
1453 1633 1713 1710 coeperit
1758 1652 1824 1691 ac

544 1723 900 1799 processerit
973 1723 1232 1782 breviter
1294 1723 1677 1797 descriptum.
1735 1756 1820 1766 —-

544 1812 707 1870 Idem
753 1812 1087 1889 Tengnagel
1135 1833 1191 1888 p.
1248 1820 1590 1875 133—233
1634 1811 1824 1870 edidit

544 1901 719 1960 etiarn
752 1920 887 1959 cum
919 1901 1219 1959 veteribus
1251 1902 1653 1959 monumentis
1676 1900 1822 1959 Gre-

543 1991 695 2067 gorii
746 1990 873 2051 VII.
924 1992 1100 2049 vitam
1145 1992 1467 2049 comitissae
1515 1991 1822 2048 Mathildis

544 2076 605 2160 (†
648 2075 858 2161 1115),
893 2098 1071 2155 quam
1103 2079 1361 2137 carmine
1392 2080 1612 2154 partim
1646 2080 1819 2137 hexa-

543 2170 732 2227 metro
744 2169 960 2243 partim
972 2168 1203 2227 leonino
1214 2169 1548 2243 composuit
1561 2169 1605 2225 D
1619 2187 1652 2226 o
1665 2167 1732 2226 ni
1749 2186 1778 2226 z
1788 2186 1821 2226 o

541 2251 875 2341 (Domnizo)
909 2258 1235 2316 monachus
1282 2257 1606 2317 canusinus
1641 2257 1820 2327 0813..

541 2347 1000 2406 emendatiorem
1077 2346 1409 2405 Leibnitius
1487 2349 1645 2405 inter
1720 2346 1819 2403 SS.

541 2435 997 2495 brunsvicenses
1031 2435 1075 2504 1,
1114 2444 1435 2506 629-6893
1469 2453 1604 2493 cum
1634 2454 1819 2493 anno·

540 2525 871 2583 tationibus
921 2525 1229 2583 Muratorii
1270 2525 1429 2583 inter
1475 2524 1569 2583 SS.
1603 2525 1675 2588 It.
1707 2543 1820 2586 rer.

542 2612 608 2694 V,
678 2623 1045 2684 335—383,
1093 2614 1229 2672 inde
1275 2614 1473 2692 Migne
1518 2613 1817 2685 CXLVIII,

546 2712 969 2768 949—-1036;
1033 2702 1122 2760 ed.
1185 2707 1245 2762 et
1305 2704 1503 2762 italice
1564 2723 1735 2763 versa
1787 2724 1821 2761 a

540 2792 743 2855 Franc.
790 2792 1013 2859 Davoli,
1063 2792 1286 2870 Reggio
1332 2793 1428 2851 nel
1464 2792 1588 2853 Em.
1632 2802 1817 2863 1888,

538 2881 627 2941 ed.
644 2881 967 2957 splendida.
984 2881 1129 2939 Inde
1145 2888 1478 2958 anonymus
1500 2882 1815 2941 historiam

539 2971 738 3029 soluta
769 2969 1035 3029 oratione
1066 2970 1375 3042 derivavit,
1428 2990 1606 3045 quam
1640 2971 1818 3029 Leib-

537 3059 745 3131 nitius,-
790 3060 1077 3118 Muratori
1136 3061 1174 3120 l.
1225 3079 1288 3130 c.‚
1354 3064 1415 3118 et
1474 3060 1672 3137 Migne
1737 3059 1815 3122 ib.

551 3156 976 3212 1039-1058
1025 3145 1388 3230 exhibenffl).

550 3299 553 3302 -
633 3265 731 3318 22.
763 3255 929 3315 Inter
960 3274 1077 3326 e08,
1111 3256 1216 3332 qui
1246 3255 1318 3315 de
1351 3255 1600 3314 historia
1628 3256 1819 3333 magis

536 3345 903 3421 particulari,
938 3344 1268 3415 nationum,
1314 3344 1674 3404 dioecesium
1706 3350 1818 3405 etc.

536 3436 806 3512 egerunt,
825 3434 1185 3494 mentionem
1218 3453 1357 3508 prae
1390 3435 1599 3509 primis
1632 3443 1820 3494 meret

536 3524 765 3582 celeber
776 3523 1305 3582 historiaeRussiae
1317 3542 1528 3598 parens
1544 3524 1593 3581 N
1605 3542 1635 3581 e
1649 3543 1674 3582 s
1687 3529 1713 3583 t
1725 3543 1758 3582 o
1771 3544 1815 3594 r,

538 3614 642 3688 qui
663 3613 855 3672 lucem
892 3612 1118 3688 aspexit
1154 3612 1347 3671 medio
1369 3631 1479 3675 sec.
1500 3612 1594 3669 XI.
1616 3612 1678 3671 in
1711 3633 1815 3690 op-

535 3702 672 3777 pido
732 3701 1139 3761 Beloozerensi
1217 3720 1322 3760 seu
1397 3702 1556 3760 Lacu
1588 3733 1612 3745 -
1647 3701 1818 3766 Albo.

537 3792 688 3848 Dum
723 3791 961 3866 Juvenis
1005 3810 1055 3848 a.
1099 3800 1169 3852 17
1199 3794 1373 3859 esset,
1410 3809 1454 3850 s,
1488 3791 1814 3850 Theodosio

535 3879 838 3955 cryptensi
902 3878 1129 3938 socium
1192 3898 1253 3937 se
1316 3879 1590 3956 adjunxit
1633 3884 1695 3939 et
1740 3881 1814 3939 ad

532 3969 921 4027 monasticam
986 3969 1171 4026 vitam
1255 3972 1529 4045 receptus
1579 3975 1816 4044 praeter

535 4076 758 4116 morem
820 4075 951 4115 mox
1002 4057 1074 4115 ad
1120 4057 1495 4116 diaconatum
1545 4077 1813 4135 gressum

532 4146 690 4205 fecit.
755 4147 895 4205 Fuit
942 4151 1143 4205 autem
1193 4165 1315 4205 non
1364 4147 1557 4206 literis
1621 4148 1811 4218 modo,

534 4236 638 4295 sed
682 4240 744 4294 et
784 4236 1112 4295 virtutibus
1158 4236 1413 4313 insignis
1458 4232 1521 4318 (†
1562 4248 1722 4301 1115
1762 4259 1810 4295 a.

535 4326 748 4384 aetatis
784 4337 817 4388 6
830 4323 909 4402 0).
947 4330 1260 4401 postquam
1278 4325 1673 4403 quadraginta
1690 4326 1812 4386 fere

531 4433 581 4476 a.
615 4415 677 4473 in
710 4415 997 4492 religione
1043 4415 1238 4474 fuerat
1283 4433 1575 4474 emensae.
1639 4416 1809 4474 Gom·

533 4504 735 4579 posuit
813 4505 1022 4581 lingua
1100 4504 1607 4563 slavonico-mssa
1669 4505 1811 4564 stilo

531 4593 784 4669 simplici
817 4598 877 4652 et
898 4594 1074 4665 fideli,
1098 4593 1192 4670 pie
1214 4594 1455 4652 credulo
1476 4598 1537 4652 et
1556 4594 1811 4653 subinde

530 4684 742 4742 devoto
778 4678 1042 4743 Annales
1088 4683 1260 4742 initio
1303 4687 1541 4759 sumpto
1588 4704 1621 4741 a
1653 4684 1811 4742 dilu-

530 4773 625 4831 vio
659 4773 729 4830 ad
751 4793 798 4830 a.
830 4784 1013 4836 1110.
1048 4771 1165 4830 Alii
1190 4791 1337 4847 opus
1352 4772 1806 4849 interpolarunt,

646 4946 679 5006 Γ]
709 4942 791 4997 Cf.
819 4942 1085 4996 Potthast
1110 4961 1163 5012 p.
1194 4948 1348 4999 1468.

1881 1104 2051 1168 sunt3
2086 1119 2302 1177 magna
2332 1099 2646 1176 diligentia
2688 1103 2751 1157 et
2790 1099 3174 1158 accuratione

1882 1188 2153 1247 Schlozer
2204 1189 2516 1247 Russische
2568 1188 2841 1247 Annalen
2892 1188 2955 1246 in
3006 1188 3175 1246 ihrer

1881 1277 2292 1336 slavonischen
2344 1278 2795 1353 Grundsprache
2845 1277 3169 1355 gereinigt,

1881 1366 2103 1424 erklart
2118 1366 2240 1427 und
2257 1367 2576 1435 ubersetzt,
2613 1366 2938 1442 Gottingen
2970 1378 2990 1429 1
3009 1375 3088 1430 80
3100 1377 3168 1428 2·

1886 1465 2090 1526 18093
2153 1455 2465 1514 Miklosich
2529 1455 2814 1514 Chronica
2876 1455 2929 1513 N
2935 1456 3168 1525 estet-ia,

1881 1543 2261 1604 Vindobouae
2329 1553 2516 1608 1860.
2580 1544 2797 1603 Verum
2848 1544 3168 1603 recentiori

1879 1638 2073 1691 aetate
2104 1636 2426 1693 moventur
2473 1632 2656 1691 dubia
2687 1633 2758 1692 de
2790 1633 3169 1711 genuinitute

1879 1722 2062 1797 hujus
2113 1724 2419 1781 chronicae
2437 1720 2500 1803 ¹).
2561 1724 2696 1781 Alia
2746 1723 3167 1782 lucubratione

1879 1816 2082 1870 narrat
2112 1816 2467 1887 martyrium
2499 1829 2575 1869 sa.
2609 1811 2949 1887 principum
2967 1812 3164 1871 Borisi

1879 1902 1939 1958 et
1970 1900 2171 1971 Glebi3
2209 1901 2322 1959 alia
2356 1918 2401 1962 s.
2436 1900 2747 1959 Theodosii
2780 1902 3163 1978 kievo-cryp·

1878 1989 2065 2048 tensis
2098 1993 2271 2048 vitam
2305 1993 2367 2047 et
2397 1995 2596 2064 gesta:
2643 1989 2780 2049 data
2826 2008 2965 2048 vero
2998 2008 3162 2048 occa·

1880 2078 2042 2137 sione
2074 2079 2341 2155 plurium
2357 2079 2610 2136 aliorum
2627 2083 2864 2155 patrum
2882 2082 3163 2155 crypten-

1879 2167 2032 2225 sium
2051 2169 2209 2226 vitae
2228 2168 2528 2226 breviores
2548 2173 2985 2244 proponuntur.
3021 2169 3163 2227 Pro-

1878 2255 1993 2315 diit
2024 2258 2155 2333 ejus
2189 2256 2525 2315 Pater-icum
2543 2256 2913 2316 Peczericum
2944 2257 3162 2316 Kiowii

1887 2355 2039 2408 1661
2073 2368 2087 2416 3
2129 2355 2294 2409 1702
2330 2346 2395 2404 in
2428 2346 2484 2417 f.,
2519 2345 2624 2403 sed
2644 2347 2731 2404 ita
2750 2348 3160 2416 retractatum,

1877 2437 1947 2492 ut
1978 2433 2164 2493 forma
2195 2435 2507 2512 originalis
2541 2430 2868 2517 perierit2).
2902 2435 2973 2493 In
3003 2455 3160 2493 mar-

1877 2523 2169 2600 tyrologio
2214 2524 2677 2601 graeco-slavico
2722 2523 2880 2583 inter
2926 2529 3161 2583 sanctos

1876 2613 2158 2672 recolitur
2192 2622 2291 2676 27.
2324 2613 2452 2675 Oct.

1970 2746 2069 2800 23.
2104 2739 2186 2797 De
2218 2738 2470 2797 historia
2486 2738 2888 2797 ecclesiastica
2909 2738 3162 2816 Angliae

1876 2828 2096 2886 meruit
2111 2828 2157 2885 E
2170 2848 2203 2885 a
2215 2828 2250 2885 d
2266 2847 2325 2886 m
2336 2846 2367 2886 e
2378 2848 2408 2885 r
2419 2847 2459 2886 11
2472 2846 2499 2885 s
2513 2826 2672 2886 OSB.
2684 2828 3005 2887 monachus
3020 2846 3160 2888 can·

1875 2916 2217 2984 tuariensiS,
2274 2935 2320 2975 s.
2372 2915 2644 2975 Anselmi
2707 2916 3047 2992 discipulus
3099 2919 3162 2976 et

1876 3022 2068 3064 comes
2101 3005 2469 3076 individuuS,
2505 3025 2540 3064 a
2572 3025 2689 3081 quo
2714 3025 3021 3082 nunquam
3056 3025 3160 3064 ne-

1875 3113 1991 3169 que
2023 3094 2184 3172 regis
2217 3094 2305 3154 ira
2337 3113 2444 3153 nec
2470 3094 2602 3154 odio
2623 3094 2873 3153 territus
2895 3097 3160 3154 recessit.

1877 3184 2050 3243 Tanti
2098 3202 2235 3242 eum
2296 3184 2437 3242 fecit
2496 3201 2540 3246 a.
2605 3183 2858 3258 praesul,
2906 3188 2979 3243 ut
3039 3204 3159 3243 non

1877 3272 2069 3331 solum
2090 3273 2219 3331 sine
2237 3278 2548 3349 praecepto
2570 3274 2700 3350 ejus
2721 3291 2842 3332 non
2866 3276 3156 3351 surgeret,

1986 3446 2026 3512 ¹)
2054 3443 2135 3497 Cf.
2165 3443 2342 3511 Leger
2369 3442 2693 3511 Chronique
2721 3443 2839 3497 dite
2861 3443 2930 3497 de
2951 3443 3159 3498 Nestor

1875 3515 2099 3568 traduit
2123 3532 2220 3568 sur
2245 3514 2296 3567 le
2325 3516 2475 3568 texte
2502 3514 2884 3569 slavon-russe
2911 3532 3049 3569 avec
3077 3515 3158 3568 in·

1875 3587 2221 3649 troduction,
2281 3584 2510 3639 Parisiis
2554 3590 2713 3649 1884,
2778 3585 2847 3640 de
2900 3603 3013 3655 quo
3067 3604 3157 3658 op.

1874 3656 2103 3711 disserit
2150 3656 2436 3711 Martinov
2480 3657 2542 3710 in
2569 3657 2761 3711 Revue
2802 3658 2872 3712 de
2901 3676 2994 3726 qq.
3024 3659 3155 3712 hist.

1873 3729 2124 3790 XXXVI.
2150 3731 2350 3800 (1884),
2375 3733 2482 3785 438
2507 3746 2550 3781 s.

1985 3805 2024 3884 2)
2053 3801 2136 3855 Cf.
2178 3800 2468 3854 Martinov
2511 3802 2712 3854 Annus
2753 3800 2884 3855 eccl.
2930 3818 3156 3870 graeco·

1871 3873 1952 3926 sla
1960 3889 2136 3934 vicus,
2152 3871 2434 3926 Bruxellis
2449 3876 2589 3928 1863
2605 3890 2659 3942 p.
2679 3877 2778 3928 261
2799 3890 2839 3924 a.
2857 3893 2868 3931 ;
2885 3872 3156 3927 Schroedl

1872 3943 1983 3997 KL.
2011 3950 2088 4006 9⁹.
2119 3949 2252 4001 165:
2282 3943 2421 3997 Gaas
2449 3943 2706 3998 Realenc.
2740 3943 2833 4004 X2,
2859 3949 2983 4000 495.
3011 3943 3155 3999 Bon·

1871 4017 2083 4070 wetsch
2126 4032 2255 4069 vero
2294 4016 2356 4068 in
2397 4014 2651 4082 ejusdem
2680 4015 3155 4084 encyclopaediae

1871 4087 1958 4141 ed.
1999 4092 2047 4144 3.
2093 4087 2239 4149 XIII,
2282 4091 2383 4142 7⁶22
2425 4086 2648 4150 statuit,
2692 4084 3154 4155 praerogativam

1871 4158 2050 4228 patris
2078 4156 2352 4211 historiae
2380 4157 2664 4211 russiacae
2704 4158 2991 4212 immerito
3020 4158 3074 4211 N
3076 4175 3154 4212 es·

1870 4229 1982 4284 tori
2010 4229 2206 4288 tribui.
2234 4246 2363 4283 cum
2390 4229 2696 4282 conveniat
2721 4230 2751 4282 J
2771 4246 2804 4282 a
2821 4246 2848 4282 c
2867 4248 2898 4282 o
2917 4230 2952 4284 b
2969 4246 3000 4283 o
3041 4246 3154 4284 mo·

1870 4301 2053 4355 nacho
2082 4301 2337 4369 ejusdem
2366 4299 2695 4354 monasterii
2722 4300 2950 4365 seniori,
2989 4303 3154 4371 cujus

1868 4371 2223 4426 narrationes
2264 4372 2529 4441 publicae
2571 4371 2731 4426 dedit
2769 4373 2884 4426 luci
2911 4372 3153 4444 Makarij

1868 4443 2236 4514 metropolita
2280 4443 2686 4498 moscoviensis
2733 4449 2901 4504 18492
2952 4448 3011 4498 et
3058 4450 3155 4498 cui

1868 4516 2148 4570 debentur
2191 4515 2472 4584 quaedam
2511 4515 2766 4569 narratio
2809 4515 3070 4584 martyrii
3097 4518 3156 4570 et

1869 4586 2191 4641 encomium
2222 4587 2380 4641 Botis
2407 4590 2466 4640 et
2485 4585 2627 4643 Gleb
2655 4602 2876 4640 necnon
2902 4590 2960 4642 et
2985 4604 3154 4655 qnae·

1868 4658 1998 4712 dam
2025 4658 2159 4711 alia.
2205 4659 2443 4728 insuper
2471 4660 2684 4722 tuetur,
2711 4658 3009 4712 Nestorem
3037 4676 3154 4713 non

1869 4746 1985 4783 esse
2015 4730 2329 4784 Annalium
2371 4732 2680 4796 auctorem,
2722 4730 2818 4783 aed
2864 4730 3152 4799 quendam

1869 4801 1903 4855 S
1921 4800 1977 4854 il
1999 4819 2030 4853 v
2049 4819 2078 4855 e
2096 4820 2120 4854 s
2138 4805 2201 4855 tr
2218 4820 2254 4855 u
2273 4820 2326 4854 m
2379 4801 2647 4866 sodalem,
2699 4801 2835 4855 dein
2885 4803 3152 4856 abbatem

1869 4873 2199 4997 taionasterii
2222 4890 2262 4926 s.
2279 4872 2591 4940 Michaelis,
2609 4871 2713 4941 qui
2730 4873 2940 4928 vixerit
2953 4873 3153 4928 saltem

1867 4962 1900 4996 a
1967 4960 2018 4997 a.
2047 4949 2203 5001 1116.
