3475 5364
509 380 628 430 (377
958 359 1044 419 Jo.
1075 359 1368 424 Ballester‚
1396 361 1792 426 Thomasinus‚
1822 362 2294 415 Bartholomaeus
2320 361 2389 415 de
2418 361 2546 431 Rip.
2574 365 2677 415 etc.
3002 380 3126 434 678

507 549 916 605 sementiarum
937 547 1329 606 subtilissima
1352 547 1541 606 edidit
1566 548 1791 624 scripta
1847 547 2200 623 parisiensis
2233 548 2313 627 (fl.
2348 565 2393 606 c.
2434 559 2461 611 1
2475 558 2508 609 3
2521 546 2646 628 79).
2666 581 2753 590 —
2773 548 2922 607 Hen
2935 548 2994 607 ri
3008 568 3087 607 cu
3100 568 3127 607 s

510 633 670 716 (cum
717 636 1050 712 quodlibeta
1094 636 1408 695 Cremonae
1463 646 1572 699 161
1594 652 1625 692 ,κ
1671 642 1713 695 t.
1752 646 1785 699 2
1846 637 1893 695 P
1907 656 1938 695 e
1953 642 1982 695 t
1996 636 2062 694 ri
2082 637 2397 696 Catalanus
2419 631 2500 718 (fl.
2513 636 2754 695 videtur
2768 655 2814 696 c.
2838 650 2856 699 1
2877 633 3129 720 380)—

508 726 570 782 in
603 725 638 781 f.
672 742 812 783 cura
841 724 879 782 J
882 743 931 783 o.
969 724 1370 801 chrysostomi
1401 726 1458 783 Μ
1476 746 1511 784 a
1524 745 1554 784 r
1571 746 1606 784 a
1621 744 1648 784 s
1665 723 1786 806 ca);
1846 729 1897 783 A
1913 726 1949 783 d
1967 746 2000 783 a
2016 745 2075 783 m
2123 727 2168 784 F
2187 745 2219 785 e
2233 746 2306 784 rr
2319 745 2354 784 a
2367 726 2431 784 ri
2447 746 2489 783 u
2507 743 2533 785 s
2566 726 3015 786 Aurelianensis
3046 725 3126 808 (fl,

505 815 739 888 fuitque
772 814 1150 872 abstinentiis
1194 817 1256 872 et
1286 815 1563 874 omnibus
1595 815 1789 873 virtu-
1855 812 2062 891 1383).
2084 849 2172 859 -
2193 816 2239 873 Β
2257 835 2292 872 a
2306 831 2337 873 r
2352 818 2381 872 t
2396 815 2433 872 h
2450 835 2483 872 o
2501 816 2571 874 10
2588 836 2643 874 m
2658 834 2734 874 ae
2750 835 2792 873 u
2808 835 2835 874 s
2867 815 2940 873 de
2969 818 3016 874 B
3030 836 3064 875 o
3077 819 3129 875 l-

507 904 668 961 tibus
701 907 946 961 ornatus
986 903 1188 977 sicque
1229 903 1292 962 in
1323 904 1576 978 priorem
1609 923 1788 980 gene·
1845 922 1872 962 s
1889 924 1920 962 e
1934 925 1977 962 n
1992 904 2032 962 h
2048 905 2114 962 ei
2132 924 2191 962 m
2222 903 2465 962 Bolzani
2495 905 2559 963 in
2590 904 2772 963 Tiroli
2804 908 2987 975 ortus,
3022 908 3127 981 qui

505 994 692 1051 ralem
722 992 838 1051 rite
857 997 918 1050 et
945 993 1221 1051 canonice
1251 993 1499 1070 eligitur
1521 988 1606 1076 (8.
1630 993 1788 1069 Sept.
1845 995 2209 1069 Argentinae
2255 994 2422 1068 prius
2466 994 2824 1070 theologiam
2868 999 2961 1052 est
2989 1015 3126 1070 pro-

513 1091 711 1151 13583
744 1079 780 1147 ‘l'
817 1090 914 1144 30.
950 1081 1108 1155 Sept.
1151 1094 1169 1143 1
1191 1090 1342 1151 3743
1368 1083 1542 1158 juxta
1572 1082 1789 1141 biblio·
1845 1081 2041 1142 fessus
2060 1105 2074 1153 ;
2109 1083 2367 1141 Parisios
2399 1081 2539 1141 dein
2570 1083 2786 1142 missus
2819 1083 2891 1142 ad
2924 1084 3126 1160 legen-

505 1171 734 1229 thecam
767 1170 1209 1229 carmelitanam
1248 1167 1459 1252 1384).
1474 1180 1501 1209 ‘
1539 1171 1791 1247 Scripsit
1844 1172 1947 1231 das
1979 1172 2325 1240 sententias,
2347 1171 2672 1230 secundum
2703 1171 2990 1247 quosdam
3011 1175 3129 1233 fuit

505 1278 742 1334 quoque
791 1258 864 1317 de
913 1259 1068 1317 bello
1117 1260 1256 1318 forti
1289 1261 1581 1319 Ecclesiae
1630 1261 1787 1318 mili·
1845 1261 2020 1319 etiam
2056 1280 2097 1319 s.
2134 1261 2340 1337 palatii
2373 1262 2527 1336 magi
2536 1263 2660 1319 ster
2694 1259 2774 1342 (fl.
2804 1273 2829 1322 1
2846 1259 3018 1340 385).
3044 1298 3121 1307 —

505 1349 690 1406 tantis
723 1353 784 1406 et
815 1348 1165 1408 antichristo
1192 1350 1316 1408 sive
1348 1349 1421 1407 de
1452 1350 1789 1408 novissimis
1846 1351 1890 1420 T
1906 1350 1944 1406 h
1960 1369 1994 1408 o
2008 1370 2066 1408 m
2086 1370 2120 1409 a
2135 1351 2255 1407 sin
2273 1369 2315 1408 u
2332 1366 2360 1408 s
2422 1350 2495 1409 de
2549 1351 2593 1408 F
2609 1369 2640 1408 e
2656 1370 2686 1409 r
2701 1370 2732 1408 r
2746 1371 2779 1408 a
2795 1350 2857 1408 ri
2874 1370 2908 1408 a
2957 1352 3123 1412 theo-

504 1437 890 1513 temporibus.
906 1470 994 1482 --
1011 1439 1435 1497 Praetermisso
1454 1438 1789 1497 Ballistarii
1845 1438 2038 1516 logiae
2068 1440 2352 1516 magister
2383 1458 2449 1498 ac
2468 1440 2796 1498 haereticae
2815 1441 3126 1515 pravitatis

505 1545 838 1585 successore
888 1527 944 1584 M
963 1529 980 1583 i
999 1545 1030 1585 c
1047 1527 1083 1585 h
1100 1547 1135 1586 a
1148 1547 1180 1586 e
1195 1527 1216 1585 1
1230 1546 1261 1586 e
1311 1529 1362 1585 A
1377 1528 1399 1585 i
1411 1548 1451 1604 g
1467 1548 1508 1586 u
1523 1548 1556 1585 a
1571 1528 1663 1597 ni,
1717 1527 1789 1585 de
1845 1528 2167 1603 inquisitor
2212 1527 2293 1610 (fi.
2338 1540 2355 1589 l
2375 1525 2547 1610 390),
2596 1529 2699 1603 qui
2745 1529 2811 1587 in
2856 1547 3124 1606 compen-

505 1635 622 1691 quo
643 1615 770 1692 εἰς).
792 1624 936 1686 685,
955 1634 1020 1673 ex
1034 1616 1234 1675 eodem
1253 1617 1456 1675 ordine
1466 1617 1632 1675 fuere
1643 1617 1787 1674 Fri·
1845 1616 2011 1675 dium
2056 1618 2286 1695 redegit
2330 1618 2749 1677 commentaria
2792 1636 2836 1675 s.
2870 1618 3126 1679 Thomae

503 1705 541 1762 d
557 1725 589 1763 e
603 1706 666 1763 ri
685 1723 716 1762 c
732 1724 772 1762 u
791 1723 819 1763 s
846 1705 915 1761 W
930 1724 965 1762 a
979 1724 1020 1781 g
1034 1725 1073 1762 n
1089 1725 1121 1763 e
1137 1726 1167 1763 r
1192 1709 1599 1782 Augustanus,
1618 1707 1785 1763 theo·
1844 1706 1906 1765 in
1923 1707 1983 1764 11.
2011 1716 2175 1769 1——3
2207 1707 2481 1783 magistri
2515 1707 2961 1766 sententiarum.
2982 1709 3124 1768 Pro·

504 1794 694 1871 logiae
707 1791 1786 1874 professorinacademiaviennensiffl.
1843 1796 2084 1853 dierunt
2114 1799 2348 1855 tantum
2393 1797 2520 1872 ejus
2551 1815 2837 1855 sermones
2865 1800 3122 1873 quodra-

512 1895 533 1945 1
554 1878 725 1964 390),
759 1883 865 1958 qui
880 1883 1102 1942 dicitur
1115 1884 1301 1942 fuisse
1320 1884 1632 1959 episcopus
1649 1903 1784 1960 pas·
1838 1886 2156 1962 yesimales‚
2193 1885 2468 1943 Coloniae
2503 1898 2518 1945 1
2537 1896 2614 1947 47
2627 1895 2680 1947 4.
2702 1919 2789 1929 -—
2809 1886 2846 1944 J
2859 1905 2892 1944 o
2905 1906 3082 1946 anne
3095 1907 3122 1946 s

505 1972 792 2030 saviensis
826 1969 1006 2052 (forte
1028 1973 1356 2041 auxiliaris,
1391 1991 1525 2030 nam
1546 1975 1609 2030 in
1635 1974 1787 2032 serie
1844 1974 1892 2032 G
1907 1993 1940 2032 a
1945 1975 1968 2049 j
1990 1974 2008 2032 i
2044 1974 2444 2044 Pictaviensis,
2494 1976 2779 2052 magister
2819 1994 2863 2034 s.
2897 1976 3122 2035 theolo-

504 2061 912 2136 episcoporum
960 2080 1083 2120 non
1134 2059 1473 2141 comparet).
1539 2097 1622 2107 --
1673 2061 1721 2119 B
1736 2061 1784 2118 i·
1841 2063 1973 2140 giae
2021 2064 2086 2121 in
2134 2063 2415 2122 facultate
2461 2065 2787 2139 parisiensi.
2835 2098 2922 2109 -—-
2954 2067 3001 2123 B
3018 2085 3049 2123 e
3066 2085 3124 2123 r-

505 2150 839 2209 ohardus
864 2150 1270 2227 Wichingh
1290 2171 1396 2210 am
1431 2151 1779 2209 norfolcien·
1841 2152 2129 2210 nardus
2177 2153 2697 2230 Ermengaudi
2744 2157 3057 2231 Aragonus
3090 2175 3125 2212 a

505 2240 586 2296 sis
648 2240 810 2315 prior
865 2244 930 2297 et
991 2242 1289 2313 professor
1342 2240 1672 2317 theologiae
1722 2240 1785 2298 in
1841 2241 2102 2317 capitulo
2132 2241 2396 2317 generali
2440 2242 2788 2319 designatus
2833 2242 2906 2300 ad
2948 2262 3125 2317 expo-

505 2328 786 2388 coenobio
847 2328 1305 2387 burnehamensi
1360 2327 1422 2409 (†
1479 2341 1500 2391 1
1521 2325 1672 2408 381)
1724 2332 1786 2386 et
1841 2330 2065 2388 nendas
2096 2330 2337 2388 Parisiis
2369 2332 2693 2390 sententias
2713 2335 2774 2389 et
2795 2333 3125 2409 magisterii

502 2418 539 2475 J
559 2437 593 2476 o
608 2437 696 2476 an
712 2437 799 2476 ne
817 2436 845 2475 s
908 2418 979 2475 de
1041 2423 1091 2476 A
1110 2438 1148 2493 q
1163 2419 1242 2476 ui
1259 2437 1286 2476 s
1338 2419 1650 2477 Catalanus
1704 2414 1783 2499 (st
1843 2421 2045 2478 laurea
2076 2419 2293 2478 ibidem
2327 2418 2655 2495 insignitus
2689 2417 2750 2500 (†
2771 2432 2812 2482 -1
2831 2417 2999 2501 388).
3031 2456 3120 2465 —

512 2504 838 2586 1390)‚qui
850 2506 1028 2565 etiam
1041 2507 1431 2583 Evangelium
1447 2525 1490 2565 s.
1503 2506 1786 2566 Matthaei
1840 2508 1879 2566 J
1895 2527 1929 2568 o
1942 2529 1975 2566 a
1988 2527 2026 2566 ιι
2043 2527 2127 2566 ne
2145 2527 2171 2566 s
2205 2508 2276 2567 de
2294 2508 2330 2566 S
2346 2513 2374 2566 t
2387 2527 2418 2566 e
2433 2528 2463 2566 r
2478 2529 2514 2566 n
2532 2525 2572 2585 g
2587 2529 2624 2568 a
2638 2527 2665 2568 s
2678 2528 2704 2568 s
2719 2528 2750 2566 e
2766 2525 2807 2567 n
2824 2507 2921 2592 (al.
2945 2512 3118 2586 Sper-
3168 2580 3178 2592 ·

504 2597 796 2671 exposuit.
814 2620 881 2628 ·-
899 2598 946 2654 Β
961 2597 984 2653 1
1000 2616 1033 2654 a
1049 2615 1076 2654 s
1091 2598 1169 2680 iu
1185 2616 1211 2655 s
1244 2603 1292 2654 A
1309 2597 1404 2654 nd
1420 2615 1451 2653 e
1468 2616 1498 2653 r
1511 2615 1551 2654 n
1568 2616 1602 2654 a
1616 2597 1741 2654 riu
1757 2613 1784 2653 s
1841 2593 2109 2677 negasse)
2162 2597 2488 2656 Germanus
2541 2594 2621 2679 (fl.
2672 2617 2717 2656 c.
2780 2593 2981 2679 1390).
3032 2634 3118 2644 --

503 2681 897 2767 (Αιθιιιιιι-ἱιιε,
938 2682 1379 2766 Audemarius),
1423 2686 1609 2745 lector
1649 2705 1784 2745 sen·
1840 2688 1888 2746 B
1905 2708 1939 2746 a
1953 2707 1983 2745 r
1996 2692 2023 2744 t
2038 2689 2077 2746 h
2094 2688 2165 2745 01
2183 2706 2215 2746 o
2229 2709 2284 2745 m
2298 2707 2427 2747 aeu
2440 2706 2466 2745 s
2498 2688 2571 2746 de
2594 2690 2645 2747 R
2658 2689 2728 2764 ip
2746 2709 2782 2747 a
2794 2709 2825 2747 r
2840 2689 2859 2746 i
2875 2709 2910 2747 a
2924 2684 3120 2771 (d'Ar-

504 2776 827 2833 tentiarum
842 2782 846 2787 ’
863 2775 1103 2834 Parisiis
1133 2779 1195 2834 et
1225 2776 1567 2844 bibliorum,
1611 2776 1704 2850 cuj
1713 2793 1784 2834 us
1842 2777 2078 2846 ribaire,
2114 2777 2188 2835 de
2225 2780 2281 2835 la
2301 2774 2558 2857 Rivfere)
2592 2779 2872 2854 magister
2901 2780 3121 2838 tolosa-

505 2864 959 2923 commentarius
990 2865 1053 2922 in
1087 2865 1147 2922 ll.
1181 2865 1614 2923 sententiarum
1632 2882 1784 2940 opus
1840 2885 1953 2925 nus
2013 2866 2358 2942 theologiae,
2423 2867 2730 2943 episcopus
2782 2867 3121 2943 bajonensis

505 2954 672 3012 valde
702 2954 965 3012 notabile
997 2953 1217 3013 dicitur
1250 2950 1329 3033 (fl.
1364 2973 1409 3012 c.
1450 2949 1664 3035 1376).
1699 2987 1781 2996 --
1843 2952 1900 3033 (†
1933 2974 1977 3012 c.
2020 2952 2231 3033 1392).
2267 2956 2486 3014 Verum
2518 2956 2727 3014 horum
2749 2957 3014 3015 omnium
3035 2958 3121 3015 la-

505 3043 558 3100 H
575 3061 606 3100 e
623 3061 662 3101 n
678 3062 708 3100 r
723 3042 742 3100 i
758 3061 790 3101 c
804 3063 845 3101 u
861 3062 887 3099 s
934 3043 1007 3100 de
1052 3044 1100 3100 A
1117 3062 1153 3099 n
1173 3042 1211 3100 d
1225 3062 1257 3102 e
1273 3062 1304 3099 r
1316 3061 1357 3100 n
1372 3063 1404 3100 a
1420 3061 1451 3101 c
1466 3061 1499 3101 o
1541 3043 1784 3101 Parisiis
1840 3046 2014 3103 bores
2046 3045 2109 3102 in
2131 3045 2479 3120 Magistrum
2508 3062 2627 3103 non
2646 3045 2930 3104 videntur
2959 3046 3123 3122 typis

504 3132 782 3208 primum,
817 3131 956 3190 dein
987 3136 1047 3190 et
1062 3132 1219 3207 apud
1240 3132 1616 3191 Colonienses
1630 3133 1788 3191 circa
1844 3134 2090 3210 vulgati.
2126 3168 2210 3175 —
2243 3134 2329 3192 Ex
2362 3135 2570 3192 ordine
2602 3136 2655 3192 M
2672 3135 2748 3192 in
2768 3154 2905 3194 oru
2922 3156 2983 3193 m
3016 3135 3123 3194 hac

511 3230 676 3285 1390
710 3221 1008 3281 inclaruit.
1037 3253 1123 3262 —
1153 3220 1190 3278 J
1194 3239 1415 3279 oannes
1447 3222 1495 3279 Β
1512 3222 1579 3279 el
1597 3221 1635 3277 h
1652 3240 1691 3279 u
1707 3241 1740 3278 r
1754 3239 1785 3279 e
1842 3221 2086 3298 periodo
2119 3223 2451 3297 reperimus
2485 3226 2716 3282 tantum
2753 3225 2792 3282 J
2808 3243 2841 3282 o
2857 3245 2891 3283 a
2905 3244 2944 3282 n
2959 3245 3002 3282 n
3016 3243 3048 3283 e
3063 3245 3120 3283 m

509 3310 881 3385 Rupellensis
902 3304 966 3392 (†
995 3307 1202 3389 1400).
1227 3344 1306 3355 --
1331 3310 1369 3368 J
1385 3329 1418 3368 o
1439 3329 1526 3369 an
1541 3329 1582 3367 ιι
1601 3328 1633 3368 e
1650 3328 1677 3367 s
1711 3309 1786 3368 ab
1840 3312 1913 3370 de
1944 3313 1996 3370 A
2012 3312 2194 3386 quia
2209 3331 2250 3369 n
2267 3331 2301 3370 o
2348 3309 2579 3391 (Eviam
2628 3312 2845 3388 oppido
2897 3314 3119 3373 Saban-

507 3399 720 3475 oppido
783 3400 977 3475 patrio
1038 3399 1085 3455 Β
1103 3419 1133 3456 e
1149 3418 1186 3457 v
1204 3418 1235 3457 e
1251 3418 1280 3456 r
1296 3400 1319 3456 l
1333 3418 1367 3456 a
1373 3400 1398 3474 j
1416 3418 1459 3457 u
1480 3417 1508 3456 s
1569 3398 1782 3468 dictuS,
1840 3399 2011 3479 diae),
2062 3401 2167 3475 qui
2216 3420 2248 3457 a
2307 3410 2377 3462 13
2391 3411 2422 3459 7
2435 3412 2467 3463 5
2522 3401 2726 3460 doctor
2785 3402 3123 3477 parisiensis

505 3487 738 3565 Anglus
774 3486 854 3563 (fl.
887 3484 1095 3567 1390).
1119 3522 1200 3531 -
1221 3488 1309 3547 Jo
1326 3506 1517 3547 anne
1535 3505 1561 3546 s
1585 3487 1630 3545 Τ
1647 3505 1785 3546 οιιι-
1842 3490 1956 3547 fuit
2031 3490 2432 3549 renunciatus.
2511 3494 2572 3547 et
2632 3490 2820 3549 Fran
2838 3491 3120 3549 ciscum

507 3595 722 3636 sonus
741 3572 1421 3659 Anglus(fl.1380).——
1443 3576 1481 3634 J
1499 3594 1786 3636 oannes
1841 3599 1880 3653 p
1897 3578 2008 3636 ari
2025 3578 2376 3646 siensem,
2422 3578 2771 3655 magistrum
2823 3584 2884 3638 et
2912 3598 3121 3655 regen-

506 3667 840 3743 Horneby
860 3667 1094 3743 Anglus
1113 3664 1174 3747 (†
1196 3678 1217 3729 1
1237 3662 1409 3747 380),
1427 3668 1596 3741 cujus
1611 3667 1788 3741 plura
1841 3671 1963 3725 tem
1996 3666 2181 3725 studii
2233 3667 2563 3743 theologici,
2615 3667 2719 3741 qui
2770 3669 3124 3743 reliquerint

506 3755 827 3815 laudantur
841 3756 1076 3831 scripta.
1099 3756 1323 3814 Horum
1339 3759 1539 3817 tamen
1556 3754 1786 3814 labores
1842 3755 2266 3816 commentaria
2312 3756 2377 3813 in
2425 3756 2857 3816 sententiarum
2904 3758 3121 3834 magis-

506 3848 853 3903 manserunt
913 3843 1138 3902 inediti.
1201 3879 1287 3888 --
1338 3845 1422 3903 Ex
1483 3845 1689 3903 ordine
1737 3862 1783 3902 s.
1841 3848 2019 3903 trum.

505 3933 716 3992 Domi
735 3932 888 3992 uici
917 3934 1081 3993 fuere
1112 3933 1407 3992 Jacobu
1425 3952 1451 3992 s
1483 3933 1638 3992 Cini
1676 3954 1710 3993 a
1740 3951 1785 3991 s.
1936 3944 2078 3997 345.
2113 3935 2259 3993 Cum
2289 3935 2477 3994 altero
2502 3936 2685 3993 seculi
2704 3935 2851 3993 XIV.
2878 3935 3122 3996 dimidio

507 4022 757 4091 Andrea,
791 4023 1170 4081 concionator
1200 4023 1557 4097 apostolicus
1576 4027 1637 4082 et
1668 4024 1785 4080 lec·
1842 4023 2100 4082 Joannes
2132 4023 2238 4080 wi
2255 4023 2366 4083 cle
2381 4023 2411 4081 f
2437 4020 2742 4105 (Wycliffe‚
2764 4024 2993 4101 Wyklif
3014 4027 3123 4084 etc.

505 4115 600 4170 tor
629 4112 976 4181 Florentiae,
1021 4113 1081 4170 in
1128 4113 1298 4188 cujus
1328 4113 1628 4171 academia
1658 4131 1785 4170 ma·
1843 4108 1878 4176 †
1914 4124 2012 4176 31.
2048 4114 2178 4172 Dec.
2218 4125 2246 4176 1
2261 4108 2415 4192 384)
2462 4131 2601 4172 suos
2641 4114 3001 4173 diffunderet
3030 4134 3123 4174 er-

505 4200 738 4277 gisterii
770 4202 975 4259 laurea
1021 4201 1141 4259 fuit
1171 4201 1500 4278 insignitus
1537 4196 1785 4281 (1363),
1843 4221 2006 4261 rores
2025 4197 2087 4283 ¹),
2110 4203 2458 4279 piaesertim
2476 4222 2582 4279 per
2594 4203 2890 4279 Angliam,
2908 4204 3124 4263 mirum

507 4289 580 4347 ab
595 4290 830 4347 Urbano
841 4290 936 4350 VI.
953 4291 1264 4366 episcopus
1282 4292 1656 4350 termulanus
1675 4290 1788 4349 sub

506 4379 913 4437 beneventano
1006 4379 1388 4438 renunciatus
1467 4399 1514 4437 a.
1599 4390 1626 4445 1
1642 4390 1673 4441 3
1687 4391 1717 4442 7
1730 4389 1785 4449 2,

509 4486 689 4542 quam
733 4468 927 4526 sedem
960 4469 1031 4526 ad
1063 4488 1111 4526 a.
1155 4478 1271 4531 137
1283 4478 1317 4530 9
1369 4469 1592 4527 rexisse
1622 4469 1788 4527 vide-

1922 4358 1960 4427 ¹)
1990 4354 2200 4409 Contra
2247 4348 2461 4415 omnes,>
2483 4356 2811 4419 haereticos,
2864 4356 3124 4409 schisma—

1844 4427 1984 4480 ticos
2011 4430 2069 4480 et
2095 4430 2477 4496 persecutores
2500 4427 2779 4480 Ecclesiae
2804 4426 3127 4497 disputavit

1846 4498 2139 4552 volumine
2152 4514 2360 4565 magno
2376 4497 2445 4550 de
2460 4497 2740 4551 Ecclesiae
2752 4500 3125 4567 potestatein-

508 4560 624 4614 tur.
687 4591 771 4601 —-
837 4557 1306 4616 Gombaldus
1368 4558 1440 4615 de
1505 4558 1791 4634 Ulugia
1846 4570 2054 4639 scripto
2118 4568 2446 4623 Joannes
2505 4569 2826 4637 Hickley
2879 4570 3031 4625 OSA.
3082 4588 3126 4625 e.

508 4648 818 4722 Aragonus
832 4647 922 4704 vir
932 4647 1131 4723 gravis
1154 4650 1214 4704 et
1233 4646 1521 4715 erudituS‚
1539 4647 1604 4705 in
1625 4665 1790 4705 sacra
1846 4639 2168 4722 bheologiqe
2194 4641 2407 4722 doctor,
2436 4640 2674 4710 Anglus.
2716 4674 2779 4681 ——
2819 4640 2898 4696 De
2938 4647 3125 4696 eucha-

504 4735 788 4793 facultate
834 4735 1148 4811 parisiensi
1179 4736 1458 4812 magister
1489 4736 1601 4793 fuit
1638 4732 1698 4817 (†
1733 4747 1787 4799 6.
1841 4716 2001 4766 ristia
2064 4711 2150 4764 ὼε
2195 4714 2386 4765 ⁰¹²³*ss
2447 4711 2593 4764 Tho
2612 4729 2756 4765 mas
2819 4712 2999 4779 0015
3015 4731 3124 4781 ng·

506 4823 626 4881 Jul.
666 4819 876 4904 1384)·
905 4858 993 4868 ·-
1020 4824 1335 4884 Joannes
1368 4825 1411 4882 F
1427 4843 1461 4883 o
1478 4825 1685 4883 rbite
1702 4845 1743 4884 u
1761 4844 1788 4883 s
1844 4784 1882 4835 h
1899 4799 1933 4835 a
1952 4801 2003 4835 m
2045 4786 2109 4864 03-
2178 4782 2270 4837 5⁸¹³·
2310 4801 2356 4837 θ’
2387 4784 2746 4865 138'ancujus'
2784 4784 2853 4864 qe
2889 4801 2955 4836 ea
2974 4800 3125 4865 ·⁰⁰¹¹²‘

1846 4857 2113 4907 mentam
2140 4857 2359 4925 (graves
2381 4856 2439 4908 et
2458 4861 2608 4925 seru)
2638 4854 2909 4922 prodiisse
2930 4854 3124 4907 dicun-

509 4908 1254 4993 (Forbitor‚Fourbisseur)
1269 4914 1489 4983 GalluS,
1506 4915 1791 4991 magister
1847 4928 1942 4977 tur
1970 4925 2246 4979 Lutetiae.

2701 5016 2794 5069 22·
