3475 5364
1202 343 1571 396 1251—1275.
1599 338 1908 407 Theologia
1934 338 2105 394 schol.
2133 338 2187 395 S.
2216 338 2634 401 Bonaventura,
3094 356 3238 412 328

606 357 727 411 327

475 534 482 539 '
602 526 752 583 tium
793 525 968 601 juxta
1006 525 1261 583 editores
1303 525 1741 584 recentissimos
1786 526 1883 584 vix
1937 527 2309 584 conscientiae
2339 545 2444 584 seu
2465 525 2774 601 speculum
2805 524 3068 594 01111110ος
3100 524 3239 582 Ex·

603 615 746 672 satis
778 613 1079 672 aestimari
1112 618 1327 689 potest,
1364 633 1497 673 cum
1512 618 1699 674 totam
1717 616 1883 673 theo·
1934 617 2146 689 posita'o
2179 617 2403 674 missae.
2447 647 2535 657 —
2582 614 2754 673 Ceito
2798 613 3004 688 spuria
3050 618 3236 672 sunt:

602 703 818 780 logiam
850 703 1158 778 mysticam
1179 703 1242 761 in
1262 704 1472 762 nucleo
1504 705 1882 778 comprehen-
1939 703 2388 765 Confessionale.
2423 702 2495 761 de
2528 706 2755 778 septem
2787 702 3106 760 itineribus
3128 722 3237 761 ae-

601 793 703 850 dat
734 794 796 850 et
818 793 955 866 jure
987 793 1244 850 alterum
1292 792 1585 866 quoddam
1621 793 1881 852 Brevilo-

601 882 826 956 quium,
907 880 1238 957 theologiae
1302 900 1419 939 non
1482 882 1880 952 scholasticae,

601 970 704 1029 sed
750 970 1032 1045 mysticae
1079 970 1272 1031 vocari
1317 972 1521 1046 possit.
1556 1005 1644 1016 —
1675 972 1881 1030 Solito-

601 1062 801 1136 quium
850 1078 957 1135 per
1001 1059 1243 1116 modum
1290 1060 1597 1135 cujusdam
1645 1060 1878 1138 dialogi,

599 1149 662 1206 in
693 1167 811 1223 quo
863 1148 1058 1205 anima
1106 1148 1335 1219 devota,
1388 1150 1655 1208 veritatis
1689 1155 1881 1208 aeter-

599 1255 708 1295 nae
739 1236 1050 1312 discipula,
1085 1237 1427 1297 meditando
1459 1238 1792 1315 interrogat
1822 1244 1882 1298 et

597 1327 771 1385 homo
848 1326 1093 1384 interior
1169 1328 1509 1386 mentaliter
1585 1329 1881 1403 loquendo

596 1414 911 1491 respondet
952 1413 1063 1494 (ita
1092 1416 1156 1473 in
1187 1417 1335 1491 prol.
1369 1435 1424 1475 n.
1461 1422 1586 1491 4).’ι
1619 1451 1706 1463 --
1740 1418 1878 1495 Liq-

595 1523 737 1563 num
769 1506 931 1579 vitoe,
966 1504 1123 1577 quod
1157 1505 1570 1581 complectitur
1601 1507 1726 1582 pias
1759 1526 1878 1566 me-

594 1592 915 1652 ditationes
948 1593 1022 1649 de
1054 1594 1180 1652 vita
1209 1598 1270 1652 et
1288 1595 1561 1669 passione
1583 1594 1876 1674 christi1).

600 1716 680 1727 —
718 1681 806 1739 De
824 1684 1175 1757 perfectione
1217 1686 1366 1742 vitae
1405 1683 1478 1741 ad
1511 1703 1758 1744 sorores,
1796 1721 1880 1732 —

581 1773 684 1830 “De
713 1790 815 1830 sex
843 1772 957 1828 alis
978 1770 1300 1851 Seraphim,
1335 1773 1493 1849 quod
1526 1775 1876 1849 opusculum

598 1860 886 1936 supponit
930 1879 1049 1919 non
1093 1866 1328 1920 tantum
1375 1862 1701 1922 doctrinam
1735 1883 1874 1923 cou-

596 1954 967 2015 summatam,
1002 1949 1105 2007 sed
1126 1952 1303 2009 etiam
1336 1951 1616 2028 longioris
1635 1954 1875 2030 regimi-

595 2040 690 2097 nis
721 2039 1145 2114 experientiam
1195 2040 1363 2098 valde
1395 2045 1718 2110 matu1·am;
1753 2043 1875 2101 uti·

596 2147 731 2185 nam
774 2128 925 2185 illud
973 2127 1187 2187 diurna
1235 2134 1643 2205 nocturnaque
1694 2151 1877 2190 manu

593 2220 934 2275 versaretur
979 2237 1013 2275 a
1058 2218 1314 2277 subditis
1346 2222 1528 2293 atque
1574 2221 1874 2295 praelatis.

595 2304 876 2379 Quisquis
907 2305 980 2363 ad
1026 2307 1234 2381 ipsum·
1266 2326 1392 2365 sese
1438 2310 1696 2384 exegerit
1741 2328 1873 2368 cum

592 2402 793 2453 sancto
811 2400 1052 2453 sanctus
1070 2397 1197 2453 erit.
1232 2398 1503 2455 Alterum
1520 2399 1876 2474 opusculum

594 2484 944 2558 inscriptum
997 2485 1065 2540 de
1112 2502 1214 2543 sex
1263 2487 1376 2544 alis
1431 2486 1741 2545 Cherubim
1786 2493 1877 2547 est

592 2572 986 2648 suppositum.
1035 2607 1119 2615 —
1182 2573 1327 2632 Vitis
1375 2578 1613 2649 mystica
1644 2577 1769 2635 sive
1803 2583 1873 2634 ir.

563 2661 664 2720 de
697 2661 970 2738 passione
1002 2663 1256 2732 Domini,
1304 2684 1347 2723 s.
1380 2665 1682 2725 Bernardo
1726 2666 1875 2726 alias

593 2751 989 2827 suppositum,
1026 2753 1098 2810 ab
1130 2753 1266 2811 aliis
1300 2754 1754 2830 interpolatum.
1790 2756 1873 2814 Ex

591 2840 700 2898 hoc
731 2842 1017 2912 opusculo
1037 2842 1385 2917 desumptae
1416 2847 1559 2901 sunt
1587 2840 1873 2904 lectiones

591 2928 877 2989 Breviarii
914 2938 969 2991 2.
992 2930 1285 2989 Nocturni
1302 2931 1363 2989 in
1384 2932 1554 2991 festis
1575 2952 1646 2991 ss.
1669 2933 1873 2993 Coi-dis

590 3018 739 3076 Jesu
771 3021 833 3076 et
864 3036 939 3076 ss.
972 3019 1285 3096 plagarum
1301 3021 1367 3078 D.
1387 3021 1457 3079 N.
1479 3020 1533 3079 J.
1556 3022 1765 3081 Christ.
1786 3058 1873 3066 —

591 3107 776 3166 Plura
806 3108 1096 3182 opuscula
1127 3109 1366 3184 scripsit
1398 3128 1502 3184 pro
1534 3111 1873 3171 defensione

589 3195 812 3255 ordinis
873 3197 1221 3271 praesertim
1285 3202 1490 3257 contra
1540 3200 1693 3260 Guil.
1748 3221 1782 3259 a
1827 3219 1870 3259 s.

591 3289 805 3343 Amore
827 3284 922 3363 (cf.
956 3303 1137 3362 supra
1158 3306 1214 3362 p.
1236 3296 1359 3350 309
1382 3291 1476 3362 0.),
1512 3293 1582 3347 ut
1595 3289 1872 3356 Quaestio

590 3375 662 3432 de
702 3381 1054 3449 paupertate
1086 3409 1171 3420 —-
1205 3373 1497 3454 Apoloyia
1531 3396 1871 3451 pauperum

591 3464 822 3538 prolixa
843 3497 927 3508 --
949 3465 1033 3522 De
1065 3465 1194 3540 ejus
1212 3465 1480 3542 Leyenda
1499 3468 1873 3531 &Franz-iaci

589 3553 728 3611 stilo
762 3553 936 3628 plane
971 3553 1227 3612 mirabili
1251 3556 1586 3631 conscripta
1607 3559 1732 3631 jam
1768 3576 1868 3616 su-

588 3661 695 3716 pra
726 3643 962 3719 egimus,
999 3643 1080 3700 Ex
1099 3663 1169 3722 ea
1184 3644 1506 3705 delerivata
1524 3649 1618 3704 est
1636 3647 1869 3723 leyenda

587 3734 778 3809 minor
839 3731 1164 3791 distributa
1226 3733 1287 3794 iu
1349 3739 1577 3809 septem
1638 3736 1866 3806 tituloS,

589 3839 841 3893 quarum
879 3821 1106 3897 singuli
1129 3822 1346 3881 habent
1361 3841 1574 3882 novem
1597 3824 1866 3886 letiones.

586 3928 737 3984 quae
782 3908 1035 3967 durante
1069 3909 1288 3968 Octava
1333 3912 1465 3970 festi
1497 3931 1538 3969 s,
1573 3913 1868 3973 Francisci

584 3997 648 4055 in
697 3997 888 4057 officio
933 3998 1139 4056 divino
1186 4000 1517 4059 recitandae
1562 4007 1746 4060 erant.
1782 4037 1867 4046 -

586 4086 847 4145 Plurima
895 4090 1097 4146 autem
1147 4090 1432 4163 opuscula
1481 4090 1655 4168 (forte
1708 4093 1869 4150 ultra

585 4172 849 4256 centum)
885 4176 941 4233 ei
972 4176 1478 4254 fuere‘supposita
1509 4181 1601 4237 vel
1636 4199 1704 4237 ex
1737 4182 1868 4257 ejus

585 4265 863 4339 operibus
897 4265 1175 4342 genuinis
1228 4268 1558 4344 compilata,
1602 4270 1695 4329 vel
1750 4271 1865 4329 sal·

583 4360 705 4412 tem
782 4353 967 4412 dubia
1043 4358 1203 4422 sunt,
1283 4361 1355 4415 ut
1420 4357 1861 4435 Centiloquium‚

584 4442 868 4503 Stimulae
916 4446 1153 4520 (11110ήο,
1189 4444 1495 4518 Speculum
1525 4447 1867 4524 disciplinae

582 4533 654 4590 ad
704 4533 979 4600 novitios,
1033 4534 1192 4609 quod
1238 4534 1476 4594 videtur
1520 4555 1644 4596 esse
1695 4538 1863 4596 Ber·

582 4621 803 4680 nardi
835 4642 869 4680 a
895 4622 1088 4692 Bessa,
1111 4623 1182 4681 de
1202 4624 1523 4704 quoinfra3
1559 4626 1865 4701 Speculum

661 4834 694 4892 ²)
725 4826 945 4882 Prodiit
981 4829 1154 4898 hujus
1195 4845 1390 4898 opusc.
1438 4832 1618 4886 versio
1646 4847 1862 4902 germa-

583 4899 708 4952 nica
735 4900 1006 4970 Friburgi
1036 4903 1173 4958 1888
1200 4901 1286 4957 ed.
1313 4907 1363 4957 2.

1938 794 2256 857 ternitatis,
2293 794 2575 852 stimulus
2606 791 2839 860 amoris,
2874 791 3061 850 biblia
3078 810 3236 866 pau·

1940 901 2165 957 perum.
2200 883 2397 941 diaeta
2437 881 2667 951 salutis,
2716 880 3026 956 speculum
3057 880 3115 939 b.
3147 880 3234 938 Μ,

1944 972 2036 1041 V.;
2069 972 2366 1049 theologia
2409 970 2676 1047 mystica,
2727 970 2800 1028 de
2831 968 3004 1028 modo
3043 971 3231 1029 eonti-

1937 1060 2103 1118 tendi
2134 1068 2194 1120 et
2225 1061 2297 1119 de
2327 1060 2593 1136 puritate
2625 1058 3031 1129 conscientiae,
3065 1058 3231 1132 quod

1937 1153 2027 1208 est
2059 1150 2344 1209 Matthaei
2389 1170 2423 1208 a
2455 1149 2734 1209 Cracovia
2779 1145 2838 1226 (†
2879 1145 3105 1223 141‹·);
3149 1147 3229 1206 de

1938 1244 2166 1314 septem
2198 1239 2482 1315 gradibus
2501 1236 3038 1312 contemplationis,
3074 1236 3226 1294 Pha-

1935 1332 2099 1387 retra
2128 1334 2238 1390 etc.
2273 1328 2573 1404 Opuscula
2602 1346 2775 1402 saepe
2795 1325 3148 1402 prodierunt
3161 1331 3227 1383 et

1936 1418 2174 1477 seorsim
2225 1422 2286 1476 et
2335 1418 2646 1485 collectim,
2693 1415 3078 1495 (theologica)
3113 1414 3224 1473 Ve-

1935 1508 2111 1564 netiis
2155 1516 2318 1570 1572
2352 1511 2395 1565 t.
2433 1517 2467 1570 2
2502 1508 2565 1564 in
2598 1506 2669 1574 f.;
2701 1504 2980 1581 Lugduni
3023 1513 3220 1572 1647:

1936 1592 2237 1677 (asceticu)
2316 1595 2661 1655 Monasterii
2744 1601 2900 1656 1881
2926 1614 2940 1661 ;
3019 1593 3222 1651 decem

1935 1685 2257 1755 Quaracchi
2297 1696 2461 1749 1896
2496 1686 2560 1743 111
2601 1695 2693 1746 16.
2726 1682 2950 1741 Ibidem
2986 1681 3221 1757 prodie-

1935 1779 2079 1833 runt
2110 1775 2289 1833 etiam
2324 1776 2409 1833 De
2438 1776 2733 1833 humanae
2749 1773 3096 1849 coquitiom's
3116 1790 3213 1830 ra·

1933 1867 2082 1922 tione
2113 1864 2397 1922 anecdota
2428 1862 2719 1937 quaedam
2763 1860 3051 1935 seraphici
3084 1860 3215 1919 doc·

1932 1954 2079 2012 toris
2111 1972 2154 2011 S.
2187 1955 2640 2012 Bonaventurae
2684 1955 2747 2009 et
2787 1949 3219 2008 nonnullorum

1933 2043 2119 2118 ipsius
2151 2042 2574 2118 discipulorum
2625 2036 2804 2121 (card.
2841 2038 3215 2097 Matthaei

1935 2132 2009 2189 ab
2041 2133 2434 2207 Aquasparta,
2482 2130 2574 2190 Jo.
2620 2127 3037 2191 Pecchami,
3087 2126 3219 2186 Eu-

1932 2221 2249 2291 stachii,
2298 2220 2657 2279 Rocherii
2709 2217 2961 2293 Anglici,
3018 2216 3217 2275 Rich.

1932 2330 1967 2367 a
2019 2306 2392 2389 Mediavilla),
2445 2310 2521 2366 ib.
2582 2316 2765 2371 1883.
2832 2306 3085 2381 Adjecta
3133 2308 3220 2363 est

1931 2398 2086 2465 diss,
2122 2418 2244 2475 qua
2262 2399 2524 2475 genuina
2543 2417 2587 2456 s.
2608 2398 3064 2455 Bonaventurae
3085 2394 3218 2454 doc·

1932 2488 2093 2547 trina
2126 2488 2462 2546 luculenter
2483 2486 2819 2545 vindicatur
2849 2483 2924 2543 ab
2955 2485 3217 2543 erroneis

1931 2577 2425 2653 ontologistarum
2448 2574 2893 2643 assertionibus,
2928 2577 2991 2631 et
3023 2578 3218 2632 osten·

1931 2667 2111 2737 ditur,
2145 2666 2434 2742 principia
2464 2685 2507 2726 s.
2541 2664 2796 2724 doctoris
2827 2662 3055 2738 optime
3084 2680 3218 2721 con-

1930 2756 2130 2814 venire
2164 2775 2296 2814 cum
2347 2755 2618 2815 doctrina
2646 2753 2898 2830 angelici
2944 2751 3216 2814 doctoris,

1932 2845 2177 2920 Scripsit
2208 2849 2271 2904 et
2300 2845 2335 2901 l.
2367 2845 2495 2921 Igu.
2526 2844 2566 2903 J
2581 2843 2778 2902 eiler
2822 2843 2881 2901 S.
2914 2841 3215 2901 Beneven-

1930 2940 2100 2992 turae
2120 2936 2428 3012 principia
2476 2935 2546 2993 de
2595 2949 2876 2992 concursu
2908 2930 3024 2989 Dei
3052 2947 3217 3006 yene-

1928 3025 2047 3080 rale'
2078 3024 2151 3081 ad
2186 3024 2444 3082 actiones
2477 3041 2791 3081 causarum
2822 3020 3215 3078 secundarum

1930 3112 2173 3171 collecta
2217 3116 2278 3170 et
2310 3130 2352 3169 s.
2387 3111 2642 3170 Thomae
2686 3109 2962 3170 doctrina
3005 3108 3216 3167 confir·

1928 3206 2088 3259 mata
2129 3212 2311 3266 1897.
2345 3235 2433 3246 —-
2464 3201 2729 3275 Reliquit
2760 3218 2802 3257 e.
2836 3199 3051 3257 doctor
3080 3198 3214 3273 plu·

1927 3291 2105 3349 rimos
2138 3291 2317 3348 etiam
2348 3305 2658 3359 sermones,
2709 3292 2841 3349 erat
2884 3287 3045 3347 enim
3080 3305 3207 3345 con·

1929 3379 2194 3438 cionator
2256 3379 2777 3455 praeclarissimus,
2848 3376 2955 3451 qui
3017 3393 3212 3436 coram

1928 3469 2118 3526 omnis
2168 3469 2402 3544 generis
2452 3468 2739 3544 personis,
2806 3483 3005 3526 coram
3070 3483 3209 3523 rom.

1926 3558 2220 3631 pontifice,
2301 3557 2698 3616 cardinalibus
2777 3558 2839 3614 et
2905 3554 3208 3630 episcopis,

1925 3646 2236 3706 academiis
2255 3652 2317 3705 et
2334 3647 2576 3705 familiis
2606 3643 2913 3722 religiosis,
2948 3642 3139 3702 doctis
3152 3647 3210 3700 et

1925 3735 2177 3794 indoctis
2244 3737 2553 3811 praeconis
2622 3732 2926 3810 apostolici
2989 3749 3206 3790 munus

1924 3825 2111 3883 obivit
2141 3827 2341 3883 fructu
2372 3829 2433 3883 et
2461 3843 2653 3901 pausu
2685 3822 3020 3882 laetissima
3070 3820 3206 3878 Pro-

1923 3913 2163 3972 dierunt
2195 3933 2381 3988 saepe,
2417 3913 2520 3973 sed
2552 3912 2792 3989 plurimi
2822 3911 2934 3969 sub
2956 3910 3087 3985 ejus
3106 3929 3206 3967 no·

1923 4003 2081 4061 mine
2115 4003 2256 4060 editi
2289 4006 2433 4061 sunt
2463 4001 2771 4078 suppositi.
2831 4000 2925 4058 Ita
2956 4017 3026 4056 ex
3063 4007 3202 4066 398,

1923 4109 2073 4166 quos
2106 4091 2342 4150 exhibet
2364 4092 2451 4150 ed.
2478 4092 2742 4151 vaticana
2760 4109 2808 4149 a.
2839 4097 3004 4153 1596
3024 4091 3066 4145 t.
3084 4087 3202 4156 111„

1922 4180 2179 4240 editores
2228 4181 2583 4239 recentiores
2638 4182 3013 4256 agnoverunt
3074 4183 3205 4235 tan-

1920 4273 2049 4328 tum
2090 4280 2167 4333 53
2204 4270 2508 4347 genuinos.
2575 4269 2795 4327 Eorum
2844 4271 3047 4325 tamen
3078 4267 3204 4324 loco

1923 4359 2237 4418 sedulitate
2288 4377 2393 4417 sua
2442 4358 2731 4417 indefessa
2780 4355 2923 4415 alios
2962 4355 3204 4428 ,multos

1920 4453 2271 4523 repererunt
2302 4448 2606 4526 genuinos.
2671 4446 2755 4506 Ex
2789 4444 3088 4504 codicibus
3124 4453 3196 4506 65

1919 4557 1955 4595 a
1985 4556 2046 4596 se
2077 4538 2347 4612 expensis
2377 4537 2651 4596 editionis
2683 4554 2828 4595 suae
2858 4538 2901 4592 t.
2922 4533 3019 4593 lx.
3052 4533 3201 4592 inse-

1920 4645 2046 4684 rere
2079 4631 2406 4703 potuerunt
2440 4636 2585 4695 475,
2633 4643 2887 4701 quorum
2933 4623 3033 4682 alii
3067 4619 3200 4703 (53)

1921 4735 2105 4773 manu
2138 4716 2264 4791 ipsa
2296 4734 2338 4774 s.
2375 4715 2830 4773 Bonaventurae
2862 4713 3200 4772 summatim

1921 4809 2063 4862 sunt
2093 4804 2425 4881 conscripti,
2481 4804 2585 4863 alii
2635 4804 2710 4864 011
2755 4803 2884 4878 ejus
2919 4800 3201 4861 auditori-

1919 4894 2033 4951 bus
2073 4894 2261 4952 literis
2310 4893 2658 4970 consignati,
2710 4892 2840 4951 aliis
2889 4893 3032 4952 sunt
3079 4909 3198 4948 ser·
