3475 5364
302 434 465 487 1089
766 416 938 471 Henr.
966 416 1035 470 de
1064 416 1280 472 Dissen.
1308 416 1546 481 Vraede,
1571 418 1656 470 J0.
1686 416 1957 481 Venetus,
1985 416 2184 482 Moser,
2211 418 2453 487 Kemph.
2741 437 2903 490 1090

292 602 366 661 ab
384 622 432 661 a.
461 611 824 671 1401-80,
845 602 1002 660 inter
1016 602 1221 661 Basler
1235 602 1571 661 Chroniken
1627 588 1951 679 Gamingae
2001 604 2065 662 in
2114 603 2362 662 Austria
2412 603 2679 663 inferiori
2721 613 2903 667 1440.

300 700 484 754 1872.
517 692 562 761 1,
602 700 985 761 248—3063
1036 692 1381 750 continuata
1412 712 1448 750 a
1478 709 1567 750 so-
1627 690 1843 750 Factus
1887 695 1980 751 est
2024 693 2099 752 ob
2130 692 2378 751 virtutis
2408 692 2695 763 studium,
2748 694 2902 769 peri·

291 780 411 839 (1011
480 780 810 857 Georgio
886 780 1422 856 carpentarii
1498 780 1571 838 de
1625 779 1773 838 tiam
1805 785 1868 839 et
1897 782 2287 841 eruditionem
2332 782 2424 841 bis
2471 783 2635 857 prior
2663 782 2904 841 carthu-

290 872 497 946 Brugg
527 869 602 928 ab
636 890 684 928 a.
723 878 1113 941 1480-1526,
1147 869 1227 927 ib.
1264 878 1570 932 320-356.
1628 869 1750 928 siae
1781 871 2145 947 gyriaeensis
2181 868 2479 951 (Geirach)
2515 872 2578 930 in
2610 871 2901 932 Slavonia.

290 992 374 1003 —-
394 958 669 1035 Quinque
688 958 1040 1034 subjicimus
1055 977 1124 1016 ex
1141 958 1344 1017 eodem
1364 958 1571 1017 ordine
1625 959 1723 1018 cui
1755 959 1862 1017 diu
1896 957 2003 1041 (⁶26
2038 956 2235 1041 annis)
2269 960 2545 1037 praefuit,
2578 964 2641 1018 et
2672 960 2806 1019 aliis
2839 961 2903 1019 in

291 1049 518 1108 sodales
535 1069 564 1107 :⁷
596 1049 652 1107 H
668 1068 699 1106 e
718 1068 804 1107 nr
818 1048 838 1106 1
852 1066 883 1107 0
898 1067 940 1107 0
958 1066 985 1106 0
1034 1047 1107 1105 (10
1155 1049 1203 1106 D
1220 1049 1241 1106 i
1257 1066 1284 1106 s
1302 1065 1330 1107 s
1346 1067 1377 1105 e
1392 1066 1433 1105 n
1481 1044 1570 1128 (in
1624 1047 1783 1118 locis,
1806 1048 1990 1109 donec
2009 1049 2382 1127 grandaevus
2402 1068 2646 1108 munere
2667 1050 2902 1108 solutus

289 1138 541 1197 dioecesi
585 1133 1064 1217 osnabrugensi),
1111 1137 1217 1213 qui
1266 1139 1445 1195 natus
1478 1139 1571 1195 est
1624 1137 1733 1195 soli
1767 1138 1880 1197 sibi
1914 1157 2120 1198 vacare
2151 1142 2243 1198 est
2259 1139 2606 1215 permissus,
2640 1139 2906 1198 Decessit

298 1238 393 1290 18.
428 1227 552 1286 001.
593 1236 756 1290 1415
789 1230 1095 1302 totamque
1128 1229 1368 1304 longam
1400 1245 1568 1285 suam
1624 1243 1800 1285 senex
1832 1246 2125 1287 annorum
2167 1239 2284 1291 100
2319 1227 2415 1287 (110
2437 1237 2535 1291 20.
2558 1227 2706 1287 Nov.
2735 1237 2897 1290 1497

291 1317 472 1375 vitam
505 1311 568 1398 (†
604 1326 702 1380 26.
735 1316 880 1375 Nov.
924 1312 1117 1397 1484)
1169 1315 1569 1375 describendis
1623 1315 1849 1375 relictis
1881 1318 2095 1376 saltem
2130 1326 2209 1381 36
2245 1317 2548 1393 opusculis
2591 1317 2711 1375 fere
2742 1335 2903 1376 asce-

289 1408 528 1482 patrum
562 1406 840 1483 operibus
882 1405 1422 1481 componendisque
1452 1404 1570 1480 piis
1620 1405 1776 1476 ticis,
1813 1425 2066 1481 quorum
2094 1408 2435 1484 catalogum
2477 1410 2743 1465 recenset
2772 1407 2899 1473 Pez,

288 1495 511 1554 libellis
560 1498 622 1553 et
670 1495 1108 1553 commentariis
1156 1495 1217 1553 in
1263 1495 1492 1571 aliquot
1524 1512 1565 1551 s.
1622 1495 1726 1569 qui
1760 1514 1963 1554 eorum
1996 1496 2199 1571 aliqua
2230 1495 2503 1572 vulgavit
2534 1496 2597 1553 in
2620 1513 2728 1554 sua
2757 1494 2900 1556 bibl.

293 1585 632 1661 Scripturae
652 1584 714 1642 ll.
735 1584 1043 1660 impendit,
1078 1603 1333 1660 quorum
1365 1585 1566 1641 tamen
1625 1584 1881 1644 ascetica
1910 1585 2236 1662 praemisso
2270 1585 2533 1644 auctoris
2565 1584 2774 1661 elogio.
2807 1585 2902 1643 Ita

287 1674 523 1732 nullum
554 1674 717 1750 typis
748 1672 866 1732 fuit
897 1673 1269 1748 impressum,
1317 1673 1429 1733 etsi
1460 1690 1567 1731 sno
1623 1673 1927 1750 dialogum
1958 1676 2026 1733 de
2058 1681 2210 1732 recto
2239 1674 2567 1732 studiorum
2584 1675 2697 1747 fine
2715 1691 2784 1731 oc
2803 1691 2899 1731 or·

286 1769 551 1838 tempore
614 1762 814 1839 magni
885 1763 1341 1822 aestimarentur
1355 1759 1420 1842 ¹).
1480 1795 1567 1806 —
1622 1764 1755 1821 dine
1789 1766 1850 1821 et
1880 1763 2182 1841 fugiendis
2229 1764 2385 1823 vitae
2419 1763 2700 1821 secularis
2733 1763 2900 1820 vani-

287 1849 1567 1929 HenricusVraede(Vroede),cognomento
1621 1852 1854 1911 tatibus
1885 1853 1981 1923 IV,
2021 1861 2401 1922 257-492ς
2448 1854 2517 1910 de
2565 1853 2901 1910 discretione

286 1941 572 2011 PrudenS‚
638 1941 799 2018 prior
858 1940 1071 2001 domus
1132 1941 1322 1999 Vallis
1389 1941 1569 2016 juxta
1621 1940 1718 2010 IX,
1758 1951 2135 2011 379—5333
2181 1944 2245 1999 in
2288 1943 2514 2000 cantica
2545 1943 2899 1999 canticorum

286 2031 515 2107 Brugas
551 2028 611 2111 (†
646 2039 700 2092 8.
734 2030 882 2092 Nov,
911 2027 1126 2110 1484),
1161 2025 1331 2105 cujus
1351 2032 1564 2096 exstat,
1621 2030 1683 2088 Π.
1721 2039 1757 2093 8
1792 2030 2176 2107 expositionis
2205 2031 2490 2107 mysticae
2521 2036 2563 2089 t.
2598 2030 2757 2088 XIet
2772 2029 2899 2087 ΧΠ.

285 2122 435 2178 10010
479 2118 799 2179 Trithemio
844 2120 915 2178 de
961 2119 1065 2178 SE.
1099 2138 1145 2181 c.
1180 2128 1324 2187 868,
1373 2137 1566 2194 ,opus
1621 2119 1743 2195 Ipsi
1791 2120 2215 2179 adscribendus
2259 2120 2499 2178 videtur
2528 2122 2601 2178 tr.
2634 2120 2704 2177 de
2733 2120 2899 2177 modo

286 2209 749 2277 celeberrimum,
784 2208 1087 2268 devotioni
1129 2208 1378 2267 maxime
1428 2226 1563 2266 con·
1615 2211 1988 2284 perveniendi
2029 2211 2107 2268 ad
2139 2228 2329 2268 veram
2364 2216 2415 2266 et
2443 2211 2756 2284 perfectam
2786 2208 2901 2266 Dei

286 2317 522 2375 gruum,
556 2303 618 2357 et
646 2298 713 2357 in
747 2307 781 2361 3
818 2318 915 2374 pp.
936 2298 1260 2357 secundum
1292 2297 1566 2356 differen-
1620 2300 2299 2373 etproximidilectionem
2316 2296 2901 2356 habensfundamen-

286 2387 404 2446 tias
436 2390 726 2455 statuum,
777 2387 1207 2463 incipientium,
1254 2385 1562 2463 proficien·
1619 2387 2132 2463 tumintheologia
2146 2388 2416 2465 mystica,
2429 2387 2691 2445 Basileae
2712 2397 2732 2448 1
2750 2395 2898 2452 470,

285 2477 437 2535 tium
470 2480 530 2534 et
560 2477 954 2551 perfectorum
999 2476 1259 2535 divisum
1301 2494 1408 2551 per
1438 2493 1564 2553 mo·
1621 2495 1798 2551 quem
1831 2477 1943 2535 Pez
1972 2476 2268 2536 ineditum
2300 2494 2543 2534 censens
2563 2476 2639 2534 ib.
2661 2475 2900 2533 exhibet

284 2566 427 2625 dum
461 2565 697 2641 dialogi,
733 2566 795 2623 in
816 2584 934 2641 quo
955 2566 1341 2625 collocutores
1373 2564 1561 2623 intro·
1620 2564 1718 2634 VI,
1779 2575 2055 2636 1-215,
2107 2566 2208 2625 sed
2258 2565 2371 2624 sub
2422 2564 2739 2622 Henrici
2773 2564 2897 2622 Ar-

283 2654 589 2715 ducuntur
638 2656 887 2733 angelus
921 2659 981 2714 et
1012 2655 1348 2725 monachus,
1385 2654 1564 2713 Jesus
1621 2655 1841 2714 noldi
1872 2656 2129 2716 nomine.
2193 2654 2476 2715 Memoria
2525 2653 2774 2732 dignum
2806 2658 2901 2712 est

285 2747 345 2803 et
375 2745 552 2803 Pater
567 2745 855 2815 coelestis,
890 2744 1073 2803 Maria
1092 2763 1360 2803 amorosa
1392 2761 1564 2802 sanc·
1620 2745 1683 2803 in
1713 2745 1827 2804 hoc
1858 2748 2136 2815 tractatu,
2189 2745 2350 2820 quod
2380 2744 2445 2803 in
2475 2762 2521 2803 c.
2556 2743 2768 2803 ultimo
2802 2761 2895 2802 00-

282 2839 480 2892 tarum
495 2852 697 2893 socrus
713 2835 1042 2893 animarum
1059 2834 1376 2909 ipsumque
1393 2851 1563 2908 prae·
1620 2839 1822 2893 currat
1864 2835 1991 2910 jam
2040 2853 2257 2893 nomen
2302 2835 2542 2908 jesuitae
2592 2826 2899 2891 sodalibus

285 2923 522 2982 notavit
589 2922 960 3000 Tetraloyum
1040 2924 1415 2984 devotionis‘.
1476 2955 1566 2964 -
1621 2923 1930 2982 Societatis
1961 2923 1999 2981 J
2002 2941 2109 2982 esu
2155 2924 2324 2999 quasi
2370 2941 2658 2999 arrogans
2689 2940 2898 2996 expro-

283 3012 323 3070 J
337 3031 621 3071 oannes
667 3012 951 3082 Venetus,
998 3013 1101 3087 qui
1135 3012 1398 3087 impense
1431 3011 1564 3070 lau·
1617 3013 1859 3072 bratum
1928 3013 2152 3088 optimo
2228 3002 2900 3086 convenientissimoque

283 3101 923 3160 daturaTrithemiode
936 3097 1561 3182 SE.c.905(fi.14so)‚
1620 3120 1814 3170 sensu,
1866 3120 1984 3177 quo
2034 3102 2126 3160 illi
2176 3101 2237 3160 id
2287 3100 2402 3160 sibi
2452 3101 2767 3160 convenire
2800 3117 2899 3157 ex-

283 3192 453 3266 cujus
500 3191 851 3266 opusculum
885 3191 1070 3249 Nosce
1100 3197 1150 3248 te
1199 3190 1421 3267 prodiit
1450 3189 1560 3246 Ve-
1618 3193 1846 3267 optant.
1877 3191 1972 3250 Ita
2003 3191 2162 3250 enim
2194 3189 2501 3249 humiliter
2530 3208 2702 3249 orans
2735 3189 2808 3247 ad
2841 3189 2897 3246 b.

284 3279 459 3337 netiis
530 3289 727 3349 1480;
812 3289 994 3343 1489.
1074 3313 1160 3322 -
1222 3278 1562 3338 Ludovicus
1619 3279 1927 3358 Virginem
1958 3283 2263 3356 precatur:
2316 3280 2472 3349 ,Fac
2504 3283 2772 3337 materno
2804 3278 2898 3336 in-

284 3369 342 3427 M
360 3386 393 3426 0
410 3387 483 3426 00
501 3388 546 3437 r,
582 3369 753 3443 cujus
786 3372 982 3427 exstat
1000 3370 1105 3427 der
1118 3370 1323 3446 quldin
1342 3368 1563 3444 Spieyel
1617 3372 1898 3429 terventu
1931 3377 2054 3439 100,
2088 3372 2160 3428 ut
2190 3387 2298 3428 nos
2326 3368 2421 3427 tui
2441 3367 2823 3444 pauperculi.
2847 3411 2858 3422 .
2884 3412 2894 3422 .

283 3458 385 3517 des
415 3457 693 3527 Siinders,
717 3457 978 3517 Basileae
1008 3457 1561 3533 1497‚compilatus
1617 3459 1776 3517 sicut
1807 3478 1840 3516 a
1874 3458 2105 3518 Christo
2137 3458 2475 3526 Christiani,
2522 3457 2610 3515 ita
2657 3474 2898 3532 quoque

282 3565 351 3605 ex
384 3546 653 3606 versione
699 3547 1059 3623 scriptorum
1098 3547 1440 3605 latinorum.
1474 3579 1563 3590 —
1620 3569 1654 3607 a
1685 3548 1834 3607 Jesn
1867 3551 1971 3606 tuo
2004 3546 2274 3606 Jesuitae
2306 3547 2343 3608 i.
2376 3566 2425 3604 e.
2458 3545 2670 3604 salvati
2704 3545 2896 3604 vocari

282 3634 658 3694 Nicolaus
703 3636 987 3712 Kemph
1031 3634 1104 3694 de
1152 3632 1559 3715 Argentina²)‚
1619 3637 1905 3696 veraciter
1934 3637 2389 3715 mereamurl).‘

282 3727 387 3800 qui
452 3726 567 3783 sub
629 3724 872 3784 Nicolao
934 3724 1005 3783 de
1057 3725 1452 3785 Dinkelsbiihl
1503 3729 1562 3784 et

281 3815 537 3873 Henrico
589 3814 659 3872 de
709 3814 1110 3891 Langenstein
1155 3815 1220 3874 in
1264 3814 1562 3874 academia
1712 3798 2135 3861 521·P0t1‘¹¹⁸
2168 3798 2468 3855 ΑΠΏἹΠ
2488 3798 2806 3856 ”nensis
2828 3797 2891 3854 Ο·

279 3904 587 3963 viennensi
620 3904 838 3964 studiis
880 3922 1116 3979 operam
1149 3903 1316 3963 dedit
1346 3908 1407 3962 01
1438 3923 1559 3962 ma·
1616 3887 1822 3978 Ρῐῦθᾶ·
1855 3883 2144 3967 ΘΒῙῙΠΒἿ
2195 3886 2290 3944 Vir
2337 3886 2472 3962 piu8
2517 3893 2577 3943 et
2622 3886 2896 3945 eraditus

280 3993 466 4069 gister
497 4011 707 4070 regens
739 3993 1184 4071 philosophiam
1214 3993 1433 4052 ibidem
1455 3993 1559 4051 ‹10-
1619 3973 1970 4077 (fl·‚1490)2
2026 3976 2357 4052 composuit
2406 3976 2896 4078 opusculum&-

281 4083 422 4141 0uit.
487 4083 706 4142 Mundo
768 4083 1053 4142 valedixit
1131 4084 1192 4142 in
1255 4082 1561 4141 carthusia
1615 4068 1935 4141 emptum:
1969 4066 2166 4123 Aurea
2197 4084 2430 4124 summa
2458 4065 2527 4122 de
2552 4066 2700 4142 fuya
2728 4072 2896 4124 Μω-

1616 4173 1751 4213 rum
1782 4158 2146 4230 nuncupata,
2177 4154 2460 4214 mediocri
2490 4155 2729 4230 quidem
2757 4155 2897 4214 stilo

361 4267 1559 4342 0011108101Κ1..111,1056;11111011ειῑω
1616 4244 1964 4318 conscripta,
2026 4263 2234 4302 verum
2295 4244 2543 4303 summis
2592 4244 2896 4312 doctrinis,

279 4361 333 4422 p.
364 4345 486 4404 116,
532 4340 634 4409 ‘qai
676 4341 818 4394 bene
861 4343 960 4396 lon
1003 4359 1100 4395 um
1152 4340 1561 4410 opusculorum

280 4412 466 4482 ipsius
485 4410 810 4481 catalogum
837 4412 965 4466 exhi
1008 4417 1122 4466 ent.
1695 4419 1731 4488 ¹)
1760 4414 1841 4469 cf.
1890 4415 1995 4468 hac
2038 4415 2107 4468 de
2150 4431 2210 4468 re
2252 4414 2443 4483 ipsum
2469 4413 2576 4469 Pez
2614 4414 2676 4467 in
2757 4415 2895 4469 raef.

354 4487 395 4556 ²)
422 4482 596 4536 Plura
621 4482 691 4537 de
718 4499 784 4536 eo
810 4483 972 4537 dabit
996 4483 1067 4538 N.
1094 4483 1308 4538 Paulus
1333 4483 1446 4538 KL.
1469 4484 1559 4548 IX,
1616 4487 1923 4556 praemissa
1969 4490 2026 4541 et
2070 4485 2238 4540 Mich.
2283 4503 2317 4538 a
2359 4485 2389 4538 J
2397 4503 2473 4539 00.
2512 4486 2575 4540 in
2621 4485 2725 4540 Bib
2756 4485 2896 4555 'ogr,

278 4558 384 4612 338
410 4558 469 4608 et
493 4553 827 4625 praesertim
852 4554 1132 4609 Katholik
1159 4557 1315 4612 1891.
1344 4554 1412 4620 11,
1433 4558 1560 4612 346-
1615 4559 1739 4612 crit.
1766 4559 1808 4622 1,
1834 4562 1955 4615 352.

277 4630 364 4691 64,
406 4626 505 4680 ubi
544 4626 834 4696 epitomen
875 4624 1103 4680 exhibet
1142 4625 1261 4681 dial
1339 4627 1351 4638 '
1400 4626 1561 4680 utilis
1691 4635 1730 4701 ²)
1760 4629 1841 4684 De
1888 4629 1921 4683 J
1938 4646 2170 4683 oanne
2221 4628 2553 4694 Quentin
2604 4626 2897 4683 facultatis

277 4701 341 4751 de
381 4707 520 4753 recto
557 4702 860 4753 studiorum
895 4701 1036 4765 fiam
1085 4700 1144 4751 et
1169 4697 1306 4753 Roas
1333 4716 1409 4762 er,
1450 4699 1560 4752 Der
1616 4700 1967 4771 theologicae
2030 4700 2357 4770 parisiensis
2419 4700 2646 4756 doctore
2697 4705 2894 4769 (1472),

277 4768 478 4823 Karth.
523 4769 593 4826 N.
640 4769 882 4840 Kemph‚
939 4768 1002 4822 in
1054 4769 1200 4824 Bibl.
1252 4771 1351 4824 der
1400 4770 1559 4824 kath.
1615 4772 1887 4827 canonico
1928 4775 1987 4826 et
2024 4771 2468 4842 poenitentiario
2514 4769 2813 4843 parisiensi
2838 4774 2898 4823 et

278 4840 432 4896 Pada
477 4884 492 4898 .
517 4841 817 4911 (Freiburg
831 4844 991 4912 1894)
1009 4840 1130 4906 Vll,
1148 4846 1269 4906 261,
1288 4842 1391 4910 qui
1407 4858 1559 4912 mag·
1615 4842 1662 4896 D
1678 4861 1712 4897 a
1730 4844 1852 4898 vid
1870 4860 1899 4897 0
1929 4842 1969 4898 C
1984 4843 2023 4895 h
2038 4861 2137 4897 am
2158 4845 2193 4898 b
2208 4843 2355 4898 ella
2372 4861 2408 4896 n
2425 4843 2461 4896 d
2543 4842 2717 4897 ariter
2744 4842 2894 4895 theo-

279 4928 410 4966 nam
481 4915 613 4983 ujus
639 4911 853 4983 dialogi
876 4915 1095 4982 partem
1121 4913 1445 4982 germanice
1472 4930 1558 4967 ex·
1614 4916 1803 4984 logiae
1831 4916 2078 4973 doctore.
2106 4915 2381 4969 canonico
2422 4917 2481 4968 et
2546 4930 2721 4969 eeano
2749 4912 2894 4981 pari-

277 4983 453 5037 hibet.
1615 4988 1783 5041 aiensi
1811 4987 1881 5042 ef.
1910 4986 2072 5040 Feret
2098 4986 2191 5051 IV,
2220 4992 2323 5043 165
2350 5002 2417 5041 ss.

492 5083 677 5138 Hurter,
705 5084 1034 5133 Nomeuclator
1059 5086 1101 5132 11
1129 5086 1200 5132 ed.
1232 5086 1278 5132 3.
2504 5078 2574 5130 35
