3475 5364
491 326 516 377 1
534 326 656 380 079
835 314 1205 367 1476—1500.
1234 309 1545 379 Theologia
1571 312 1716 379 past.
1744 308 2077 373 Panvinim,
2103 309 2378 369 Ariostus,
2408 308 2611 361 Pfeffer
2637 311 2739 361 ete.
2936 321 3103 377 1080

579 505 721 557 517.
756 496 997 552 Praeter
1043 494 1378 569 plerosque,
1444 496 1547 570 qui
1597 495 1763 554 theo·
1823 511 2028 569 praeco
2065 491 2124 575 (†
2166 491 2357 570 1485)
2405 495 2638 569 praeter
2668 510 2959 551 sermones
2989 491 3101 562 XI,

484 583 703 660 logiam
736 583 1015 641 moralem
1048 584 1451 653 excoluerunt,
1494 585 1567 642 ad
1597 586 1764 642 theo·
1821 583 2082 641 Venetiis
2124 592 2323 653 14923
2365 592 2564 653 14963
2611 583 2673 641 et
2704 599 3003 640 sermones
3035 582 3107 638 de

486 672 705 748 logiam
781 672 1132 747 pastoralem
1194 672 1401 731 referri
1462 676 1766 749 praeterea
1825 670 2186 745 Novissimis,
2250 671 2523 730 Coloniae
2583 680 2781 741 14923
2845 670 3104 745 quadra-

484 764 735 837 possunt
810 762 1070 820 Joannes
1133 762 1592 821 Franciscus
1643 763 1764 820 Pa·
1821 761 2099 836 gesimale
2132 763 2199 819 de
2221 763 2591 836 poenitentia,
2628 759 2892 818 Venetiis
2914 768 3102 829 1487;

483 851 648 908 vini
696 844 1071 933 (Panvinius)
1123 850 1458 921 Patavinus‚
1510 851 1571 908 in
1617 852 1765 910 urbe
1830 858 2012 919 1492,
2067 854 2127 909 et
2158 850 2272 907 alia
2303 850 2421 909 duo
2467 848 3001 925 quadragesimalia
3032 845 3107 907 de

485 940 678 1015 patria
708 940 1021 998 canonicus
1054 944 1114 997 et
1136 940 1295 1014 juris
1327 941 1594 999 canonici
1625 959 1763 1016 pro—
1814 942 2067 1014 peccatis
2088 940 2527 1012 pri-›wipalibus
2567 956 2701 998 cum
2735 938 3106 996 sermonibus

482 1031 687 1097 sessor.
721 1029 939 1109 Romae
971 1028 1106 1087 dein
1143 1047 1186 1086 S.
1209 1029 1417 1104 palatii
1451 1029 1764 1104 apostolici
1819 1028 1884 1086 in
1914 1029 2195 1088 Adventu
2214 1029 2447 1087 Domini
2480 1030 2548 1085 de
2565 1034 2788 1102 peccato
2806 1029 2870 1084 in
2884 1046 3102 1104 yenere,

479 1136 798 1176 causarum
859 1118 1094 1176 auditor
1172 1115 1231 1191 (†
1299 1112 1515 1199 1484),
1591 1119 1763 1193 cujus
1820 1117 2084 1176 Venetiis
2127 1128 2321 1181 1476;
2370 1116 2879 1194 quadragesimale
2911 1116 2979 1173 de
3009 1117 3102 1174 de·

482 1206 655 1281 plura
686 1209 918 1265 exstant
949 1225 1155 1282 opera:
1203 1207 1295 1264 Tr.
1341 1208 1410 1265 de
1445 1209 1765 1265 visitatione
1820 1226 1937 1265 cem
1958 1210 2304 1284 praeceptis,
2353 1206 2620 1265 Venetiis
2677 1214 2873 1273 14923
2934 1214 3098 1268 1476

480 1298 898 1371 episcoporum,
918 1296 1175 1354 Baculus
1200 1295 1510 1370 pastoralis
1527 1296 1602 1354 ad
1618 1296 1760 1354 diri·
1820 1302 1862 1355 t.
1899 1306 1934 1360 2
1957 1297 2019 1354 in
2040 1307 2076 1358 4
2098 1317 2111 1365 3
2146 1315 2295 1372 opus
2328 1299 2397 1354 de
2415 1296 2897 1354 commendatione
2916 1296 3098 1352 virtu-

477 1386 704 1461 gendos
736 1385 799 1442 in
830 1385 983 1443 viam
1005 1384 1170 1459 pacis
1187 1385 1365 1460 pedes
1386 1385 1760 1443 visitantium
1819 1393 1940 1444 tum
1972 1391 2032 1444 et
2063 1386 2346 1445 vitiorum
2367 1384 2777 1461 reprobatione
2799 1401 3099 1442 sermona-

484 1475 828 1549 inscriptus,
846 1474 1061 1532 Romae
1087 1485 1110 1535 1
1127 1484 1161 1535 4
1173 1485 1203 1535 7
1218 1484 1249 1535 5
1272 1495 1284 1544 ;
1307 1474 1548 1532 Parisiis
1577 1485 1601 1534 1
1618 1486 1649 1537 5
1663 1483 1762 1544 083
1819 1476 1995 1546 rium,
2014 1475 2326 1534 Mediolani
2352 1487 2370 1536 1
2389 1484 2468 1534 49
2482 1484 2513 1535 5
2530 1495 2543 1543 ;
2564 1474 2772 1549 lingua
2787 1474 3106 1531 vernacula

484 1564 643 1622 inter
691 1566 764 1620 tr.
812 1564 852 1637 j.
888 1583 943 1621 u.
979 1563 1128 1631 XIV,
1171 1571 1244 1624 17
1257 1576 1324 1631 ὅ;
1377 1564 1445 1620 de
1489 1564 1682 1637 offfct'o
1715 1572 1763 1620 et

476 1659 757 1726 potestate
787 1653 1028 1727 capituli
1059 1651 1193 1710 sede
1225 1666 1484 1721 vacante,
1550 1653 1763 1710 Romae

491 1751 689 1808 1481;
732 1740 999 1798 Venetiis
1041 1750 1236 1809 14963
1281 1742 1522 1799 Parisiis
1564 1751 1761 1811 1514;

491 1841 688 1893 1552:
722 1830 880 1888 inter
899 1831 1030 1904 tr.j.
1053 1849 1109 1888 u.
1130 1829 1286 1887 XIII.
1313 1839 1366 1903 2,
1393 1841 1513 1892 407
1537 1853 1550 1897 ς
1583 1831 1650 1887 de
1667 1832 1763 1887 de-

476 1922 645 1977 cimis
656 1942 680 1993 ;
697 1918 1068 1977 Praeludium
1081 1921 1144 1977 in
1160 1919 1640 1996 Extravagantes.
1669 1939 1762 1978 re-

475 2009 651 2085 gulas
663 2008 1060 2077 cancellariae,
1073 2008 1400 2066 decisiones
1409 2013 1588 2069 rotae.
1603 2010 1759 2082 quod

480 2097 774 2172 reperitur
817 2097 881 2155 in
926 2096 1186 2155 edit-ione
1232 2097 1761 2172 Extravagantium

480 2187 731 2245 Joannis
765 2186 961 2255 XXII„
995 2185 1276 2262 Lugduni
1319 2196 1501 2249 1671.
1547 2187 1613 2244 in
1643 2206 1764 2261 qua

480 2276 736 2351 reperies
784 2276 967 2333 etiam
1013 2276 1139 2349 ejus
1172 2276 1472 2348 apostillas
1520 2276 1593 2333 ad
1625 2275 1759 2334 illas

481 2365 945 2441 Extravagantes
960 2362 1006 2445 ²)
1041 2367 1149 2422 etc.
1202 2364 1404 2423 Oratio
1435 2365 1502 2422 de
1532 2383 1577 2423 s.
1613 2365 1757 2423 Leo-

471 2454 639 2527 poldi
670 2455 950 2511 Austriae
969 2455 1326 2512 marchionis
1359 2457 1470 2511 rita
1502 2462 1552 2512 et
1582 2456 1759 2511 mori·

478 2543 582 2600 bus
644 2542 843 2600 habita
905 2542 1133 2600 Patavii
1202 2552 1297 2603 20.
1352 2544 1496 2600 Nov.
1570 2552 1755 2611 1484.

478 2632 808 2691 Florentiae
876 2640 1036 2694 1579
1090 2631 1158 2689 in
1205 2641 1274 2694 4:
1338 2632 1449 2690 Pez
1498 2633 1613 2690 Sor.
1647 2650 1759 2693 rer.

480 2724 683 2783 Austr.
714 2722 759 2789 Ι,
799 2730 1133 2788 577-92ς
1167 2722 1550 2793 defensor-ium
1587 2741 1759 2780 cano-

481 2813 791 2868 nizationis
822 2829 866 2869 8.
889 2809 1186 2884 Leopoldi,
1225 2829 1267 2867 s.
1292 2810 1326 2866 l.
1350 2813 1410 2868 et
1432 2830 1480 2868 a.
1505 2808 1761 2889 (Patavii

488 2897 713 2976 1485);
777 2899 999 2956 Relatio
1030 2899 1103 2956 ad
1135 2899 1363 2956 Sixtum
1397 2899 1494 2957 IV.
1527 2918 1634 2973 pro
1667 2918 1762 2958 ca·

481 2987 851 3047 nonizatione
885 3006 929 3046 S.
961 2989 1410 3046 Bonaventurae
1441 3007 1483 3046 s.
1519 2987 1552 3045 l.
1586 2992 1646 3046 et
1678 3008 1759 3057 a.;

478 3080 544 3134 et
592 3077 655 3133 in
701 3094 745 3133 a.
794 3077 1249 3135 Bonaventurae
1295 3095 1426 3152 opp.
1474 3081 1515 3134 t.
1564 3078 1673 3139 ult.
1704 3098 1760 3154 p.

487 3165 1200 3228 802-20.—Michael
1231 3166 1303 3223 de
1337 3167 1662 3225 Carcano
1697 3166 1761 3223 O.

484 3255 624 3312 Min.
687 3273 806 3331 reg.
872 3256 995 3318 obs,
1058 3251 1376 3336 famosus2)
1439 3255 1607 3314 verbi
1658 3256 1766 3314 Dei

482 3372 678 3426 tiosus.
743 3373 953 3436 Quater
1005 3371 1181 3442 legati
1232 3373 1477 3425 caesarei
1531 3389 1762 3426 munere

477 3443 637 3512 apud
660 3443 990 3525 pontificem
1019 3445 1250 3497 functus
1292 3447 1391 3498 est.
1444 3443 1555 3521 Spe
1582 3443 1763 3513 adipi-

477 3514 677 3569 scendi
693 3515 1080 3569 cardinalatus
1096 3514 1396 3569 fraudatus
1414 3516 1482 3569 de
1495 3516 1655 3569 Sixto
1669 3516 1762 3573 IV.

481 3587 718 3656 ejusque
760 3587 1065 3657 nepotibus
1107 3589 1452 3654 conquestus
1479 3590 1579 3652 est,
1628 3588 1764 3640 hinc

478 3658 541 3711 in
568 3674 846 3711 carcerem
887 3659 1192 3723 cou'ectus‚
1238 3676 1367 3711 mox
1411 3661 1603 3712 tamen
1629 3658 1763 3712 inde

485 3728 600 3783 fuit
624 3729 917 3783 liberatus.
1005 3729 1093 3783 ‘nc
1119 3746 1246 3783 cum
1265 3729 1550 3798 pontificis
1568 3730 1763 3782 adver-

479 3799 643 3855 sariis
668 3800 904 3854 consilia
925 3801 1282 3854 schismatica
1301 3800 1451 3864 iniit,
1481 3801 1764 3854 Basileam

484 3873 726 3936 secessit,
756 3872 1103 3926 cardinalem
1143 3889 1200 3925 se
1242 3871 1391 3925 dixit
1433 3877 1607 3939 atque
1635 3888 1762 3926 con-

475 3943 815 3998 ciliabulum
877 3942 1086 3996 indixit
1145 3947 1340 3996 contra
1419 3943 1762 4012 pontificem,

479 4018 676 4068 contra
703 4030 873 4082 quem
901 4017 958 4067 et
981 4013 1448 4084 injuriosissimos
1488 4014 1676 4067 emisit
1699 4014 1763 4067 li·

481 4086 676 4140 bellos.
703 4085 1023 4152 Agentibus
1051 4084 1319 4154 pontifice
1347 4086 1762 4153 etimperatore

480 4175 513 4280 τὲ
539 4157 879 4281 ζῑέαὲίεῂτ8ξι1
907 4155 1063 4238 illius
1092 4155 1343 4280 οἰνιξὺίε
1384 4156 1445 4209 in
1484 4173 1761 4211 carcerem

477 4246 571 4354 332
594 4243 1761 4356 1⁰35¹¹1¹<0023¹1⁸43¹l‘ai'dsssffisffiffig

477 4369 1633 4499 {33¹3”kffssfflffftsssscff‘fflffffiffssssd
1661 4371 1761 4496 (ἐξ

477 4514 724 4567 derborn
776 4517 915 4570 1903
961 4515 1000 4565 t.
1046 4518 1073 4569 1
1096 4535 1107 4575 ς
1161 4513 1358 4567 Pastor
1410 4485 1608 4568 'Geschi
1661 4515 1761 4567 der

479 4585 687 4655 Papste
715 4585 808 4649 11⁸,
835 4588 1133 4643 580-585;
1157 4583 1607 4654 Hergenroet-her
1637 4587 1761 4640 Vlll

477 4667 506 4725 5
531 4660 705 4798 gnifica
731 4728 963 4783 Schulte
991 4727 1060 4791 11.
1076 4732 1209 4788 332:
1237 4728 1533 4782 Fabricius
1553 4729 1760 4790 v‚193;

475 4799 671 4854 Oudin
698 4805 855 4858 2695.

550 4877 592 4942 ἱ)
621 4871 704 4928 Cf.
731 4871 990 4940 Argelati
1020 4890 1073 4941 p.
1100 4875 1222 4932 303,
1253 4871 1355 4938 qui
1393 4887 1523 4940 pag.
1551 4875 1656 4926 9:25
1682 4869 1760 4924 al·

1821 1564 2159 1638 composuit
2190 1564 2366 1623 breve
2392 1563 2813 1638 Confessionale
2839 1564 3104 1639 qenerale

1821 1652 1973 1711 della
2005 1672 2154 1730 gran
2185 1654 2335 1711 tuba
2355 1653 2443 1711 Fr.
2466 1650 2711 1709 Michele
2744 1652 2779 1708 i.
2801 1669 2849 1711 e.
2871 1651 3103 1709 metho-

1821 1742 1963 1800 dum
1996 1742 2334 1811 confitendi‚
2370 1760 2413 1799 s.
2450 1742 2487 1798 l.
2519 1745 2579 1799 et
2613 1760 2660 1798 a.
2694 1735 3037 1822 (Mediolani
3057 1759 3101 1798 c.

1833 1830 2057 1910 1495);
2093 1831 2357 1890 Venetiis
2400 1840 2596 1897 15133
2654 1838 2848 1897 15203
2896 1831 2964 1887 de
2991 1830 3105 1902 fide

1820 1922 2143 1980 christiana
2179 1923 2232 1987 l..
2268 1921 2532 1979 Basileae
2574 1929 2761 1980 1479.
2808 1953 2889 1961 -—
2940 1920 3104 1977 Ale-

1820 2011 2109 2068 xander
2140 2011 2516 2068 Ariostus
2550 2009 2689 2066 Min.
2712 2007 3101 2067 Bononiensis

1819 2100 2036 2158 missus
2066 2103 2154 2158 est
2189 2119 2223 2157 a
2255 2099 2417 2157 Sixto
2449 2098 2546 2157 IV.
2580 2118 2628 2159 a.
2676 2107 2835 2159 1475
2872 2096 2945 2154 ad
2980 2098 3101 2154 Ma-

1817 2189 2041 2247 ronitas
2094 2189 2328 2264 legatus
2375 2185 2435 2268 (†
2488 2181 2700 2269 1484),
2754 2190 2816 2244 et
2865 2186 3107 2261 scripsit

1818 2278 1977 2337 culto
2011 2296 2280 2336 sermone
2315 2274 2697 2335 Euchiridion
2750 2275 2874 2334 sive
2913 2275 3101 2333 inter—

1816 2367 2185 2444 rogatorium
2214 2366 2472 2442 perutile
2523 2384 2633 2440 pro
2668 2364 2976 2422 animabus
3008 2382 3103 2422 re-

1817 2456 2042 2533 gendis.
2093 2457 2307 2530 Papiae
2350 2466 2545 2523 1516;
2595 2453 2860 2512 Venetiis
2902 2461 3101 2521 15223

1815 2545 2092 2622 Lugduni
2132 2555 2298 2607 1540
2333 2544 2395 2602 in
2432 2553 2500 2612 ὃς
2534 2545 2838 2613 deusuris,
2872 2541 3105 2600 Brixiae

1827 2643 2022 2706 15793
2072 2652 2116 2693 s.
2149 2634 2183 2696 l.
2224 2643 2411 2706 14863
2471 2632 2871 2709 Topoyraphia
2917 2638 3107 2691 terrae

1817 2726 2243 2799 promissionis,
2294 2725 2381 2782 ed.
2418 2743 2453 2781 a
2483 2723 2737 2781 Marcell.
2793 2741 2828 2780 a
2860 2721 3098 2789 Civetia‚

1820 2815 2034 2872 Romae
2104 2822 2290 2880 1861,
2356 2813 2533 2870 etiam
2593 2812 2656 2869 in
2705 2811 2900 2870 Storia
2948 2810 3101 2869 della

1819 2902 2081 2962 Missioni
2114 2902 2295 2963 franc.
2328 2905 2373 2960 t.
2394 2902 2460 2959 V.
2483 2901 2730 2977 Viaggio
2751 2901 2910 2959 nella
2930 2900 3100 2966 Siria.

1818 2992 1977 3050 nella
2008 2992 2310 3050 Palestina
2355 3010 2385 3048 e
2432 2990 2778 3066 nell'Egitto
2812 2987 3104 3070 (1475-

1830 3076 2041 3162 1478),
2088 3081 2331 3138 Ferrara
2402 3088 2583 3140 1878.
2638 3113 2719 3121 —-
2765 3077 3103 3137 Joannes

1821 3172 1866 3227 P
1882 3169 1908 3226 f
1922 3188 1953 3228 e
1969 3170 1998 3228 f
2006 3170 2036 3226 f
2044 3188 2075 3228 e
2093 3190 2123 3227 r
2154 3169 2226 3227 de
2248 3168 2617 3246 Widenberg,
2635 3169 2893 3226 Francus
2910 3167 3103 3225 orien-

1821 3259 1976 3319 talis.
2043 3259 2330 3334 magister
2391 3258 2611 3316 artium
2660 3261 2721 3314 et
2770 3256 3103 3332 theologiae

1820 3348 2023 3407 doctor
2073 3348 2136 3406 in
2182 3347 2569 3405 universitate
2614 3345 3100 3421 heidelbergensi.

1821 3437 1958 3495 inde
1989 3436 2231 3495 transiit
2262 3435 2334 3494 ad
2368 3454 2584 3494 novam
2617 3434 2972 3494 academiam
2995 3433 3100 3491 fri-

1819 3527 2176 3603 burgensem
2198 3520 2446 3607 (1460).
2469 3525 2532 3582 in
2552 3544 2673 3599 qua
2692 3523 2964 3599 exposuit
2977 3543 3100 3581 ma-

1820 3617 2072 3692 gistrum
2152 3614 2585 3673 sententiarum
2647 3617 2826 3688 atque
2889 3617 3101 3686 quater

1820 3723 2037 3762 munus
2086 3704 2331 3762 rectoris
2382 3702 2677 3778 magnifici
2726 3701 2894 3760 obiit.
2958 3701 3102 3759 Erat

1820 3793 2144 3851 academiae
2206 3793 2385 3851 decus
2447 3796 2627 3867 atque
2690 3793 3099 3850 ornamentum

1821 3882 2041 3941 virtute
2057 3885 2118 3940 et
2131 3882 2464 3941 eruditione
2498 3881 2751 3957 insigne.
2783 3879 3101 3938 cathedrae

1820 3971 2189 4029 renunciavit
2231 3980 2391 4034 1486
2417 3970 2783 4045 decessitque
2814 3968 3101 4046 grandae—

1819 4079 1929 4118 vus
1973 4069 2152 4124 1493.
2185 4060 2270 4119 Ex
2303 4060 2426 4118 suis
2463 4058 2962 4133 praelectionibus
2997 4075 3098 4115 su-

1818 4168 1924 4223 per
1956 4150 2231 4225 epistolas
2263 4169 2306 4207 S.
2338 4149 2507 4207 Pauli
2540 4148 2611 4205 ad
2632 4147 3004 4206 Timotheum
3038 4150 3098 4204 et

1818 4239 2016 4296 Titum
2049 4238 2275 4314 prodiit
2324 4239 2453 4312 ejus
2505 4238 2878 4295 directorium
2909 4255 3098 4293 sacer·

1816 4329 2019 4395 dotale,
2052 4336 2215 4391 1482
2240 4345 2282 4385 s.
2301 4327 2357 4394 1.;
2390 4329 2465 4388 tr.
2487 4328 2555 4384 de
2578 4328 2838 4384 materiis
2856 4327 3099 4383 diversis

1818 4513 1995 4568 terius
2024 4513 2316 4569 Michaelis
2334 4515 2396 4568 Ο.
2413 4514 2550 4567 Min.
2578 4513 2923 4568 mentionem
2943 4513 3097 4577 fecit,

1818 4603 1988 4654 quem
2015 4587 2077 4639 in
2103 4584 2274 4640 odore
2302 4585 2624 4640 sanctitatis
2644 4585 2946 4639 decessisse
2974 4602 3098 4637 nar·

1818 4661 1907 4710 rat
1932 4662 2088 4720 1490,
2130 4657 2270 4710 adeo
2313 4661 2378 4712 ut
2403 4656 2611 4710 Beatus
2651 4657 3013 4722 salutaretur,
3042 4659 3099 4710 et

1818 4728 1909 4782 cui
1935 4729 2130 4782 eadem
2148 4745 2212 4782 ac
2232 4731 2423 4783 nostro
2446 4728 2651 4783 tribuit
2670 4744 2858 4798 opera.
2887 4728 3097 4781 Verum

1817 4800 2082 4853 Sbaralea
2102 4803 2293 4853 censet
2310 4820 2362 4871 p.
2379 4805 2474 4856 541
2500 4817 2569 4853 ss.
2586 4801 2739 4854 hunc
2756 4816 2883 4853 cum
2904 4802 3099 4854 nostro

1818 4888 1936 4924 esse
1963 4871 2225 4924 eundem.
