3475 5364
615 373 741 425 403
962 360 1333 413 1276—1300.
1362 356 1556 410 Theol.
1585 356 1700 426 pol.
1727 357 1958 421 Beccus,
1987 356 2176 414 Const.
2203 356 2400 422 Melit„
2427 358 2524 412 Ge.
2551 356 2877 411 Metochita.
3088 365 3256 427 404

614 543 872 612 haerere,
905 543 1127 601 electus
1159 546 1250 601 est
1279 543 1342 601 in
1374 544 1502 619 ejus
1526 543 1720 602 locum
1743 542 1888 602 Vec-

613 650 718 690 cus
754 629 881 714 (26.
914 632 1047 709 Maj.
1091 627 1300 712 1275).
1364 633 1509 691 Cum
1542 651 1680 692 vero
1712 634 1885 692 unio-

612 740 747 779 nem
781 722 934 779 serio
965 740 1308 797 promovere
1341 722 1625 792 studeret,
1663 723 1888 781 multo-

611 829 745 868 rum
778 811 1030 868 incurrit
1061 809 1261 869 odium
1292 814 1352 868 et
1381 810 1687 881 invidiam,
1743 811 1888 871 adeo

613 902 684 957 ut
733 898 827 957 vel
888 899 1267 974 imperatoris
1328 900 1621 959 excideret
1679 901 1887 977 gratia.

613 988 809 1064 Hujus
840 987 1001 1046 filius
1033 988 1385 1047 adversariis
1433 991 1611 1048 cessit
1653 991 1890 1049 unionis

612 1096 860 1153 eamque
911 1077 1128 1136 iterum
1185 1078 1365 1136 solvit
1427 1074 1687 1159 (1282):
1753 1074 1890 1138 hinc

612 1167 836 1225 Veccus
881 1185 1125 1225 munere
1172 1184 1281 1225 suo
1314 1168 1593 1241 pastorali
1628 1187 1689 1226 se
1721 1169 1887 1227 abdi·

612 1274 744 1314 care
776 1259 870 1314 est
900 1259 1138 1314 coactus
1170 1256 1345 1330 eique
1376 1257 1733 1333 subrogatus
1754 1277 1888 1316 rur-

612 1363 715 1403 sus
747 1344 1060 1420 Josephus.
1107 1345 1177 1403 In
1209 1345 1714 1404 schismaticorum
1750 1363 1886 1405 con-

610 1434 891 1492 ciliabulo
923 1437 1232 1493 accusatus
1261 1434 1323 1492 in
1344 1434 1619 1493 exsilium
1640 1435 1887 1494 Prusam

610 1523 725 1581 suit
771 1523 1003 1599 pulsus.
1085 1523 1376 1582 Omnibus
1443 1523 1774 1583 destitutus
1824 1526 1888 1584 in

611 1631 844 1671 summa
879 1615 1228 1687 paupertate
1260 1616 1321 1670 et
1351 1613 1414 1671 in
1445 1630 1672 1671 carcere
1703 1614 1886 1673 vitam

611 1701 806 1760 finivit
855 1721 902 1759 a.
960 1709 1126 1763 1298
1178 1701 1492 1777 deplorans
1555 1703 1885 1762 concivium

614 1808 860 1848 suorum
911 1790 1251 1848 coecitatem
1301 1793 1362 1849 et
1411 1791 1885 1851 obstinationem.

612 1878 716 1937 Vir
745 1882 872 1937 erat
902 1897 1038 1937 vere
1070 1897 1321 1956 magnus
1354 1882 1415 1936 et
1445 1881 1734 1939 excellens
1768 1882 1884 1939 vii·-

610 1971 758 2037 tute,
824 1968 1109 2036 doctrina,
1175 1968 1529 2044 eloquentia.
1625 1970 1888 2028 Plurima

610 2056 849 2133 scripsit
895 2076 1003 2132 pro
1052 2057 1269 2116 unione
1318 2057 1544 2116 tuenda
1590 2063 1650 2117 et
1681 2064 1889 2118 contra

611 2164 838 2205 errores
888 2146 1260 2213 Graecorum,
1324 2165 1475 2222 quos
1527 2148 1887 2207 solidissime

610 2239 672 2293 et
699 2235 992 2311 sagaciter
1019 2235 1244 2294 refellit
1274 2254 1344 2293 ex
1376 2240 1617 2311 patrum
1648 2256 1885 2314 graeco·

609 2344 741 2383 rum
775 2323 1060 2395 doctrina,
1112 2324 1174 2382 in
1226 2343 1343 2399 qua
1392 2328 1520 2383 erat
1568 2325 1889 2402 insigniter

610 2417 909 2472 versatus:
966 2433 1034 2472 ea
1081 2414 1434 2489 prodierunt
1483 2433 1624 2473 cura
1670 2415 1886 2474 Leonis

610 2498 819 2560 Allatii
852 2503 1010 2561 inter
1041 2503 1315 2562 Graeciae
1354 2504 1711 2563 orthodoxae
1745 2505 1886 2564 scri-

610 2593 813 2666 ptores
844 2591 889 2660 1,
927 2600 1265 2659 63—3783
1298 2592 1373 2659 ΙΙ,
1416 2603 1703 2665 1-641;
1758 2595 1884 2670 ple·

610 2680 746 2739 nius
780 2680 844 2739 in
864 2680 1062 2758 Migne
1095 2680 1203 2738 ΡΡ.
1237 2700 1428 2758 graec.
1462 2685 1504 2740 t.
1540 2682 1726 2754 CXLI,
1763 2684 1883 2742 scil.

610 2771 678 2828 de
708 2772 917 2828 unione
946 2778 996 2827 et
1025 2788 1165 2849 pace
1195 2772 1565 2830 ecclesiarum
1589 2773 1807 2832 veteris
1828 2777 1889 2832 et

610 2878 796 2917 novae
829 2859 1074 2928 Bomae3
1122 2861 1192 2917 de
1226 2864 1594 2934 processione
1626 2862 1888 2936 Spiritus

608 2950 798 3007 sancti
810 2968 835 3021 ‚·
864 2950 1143 3007 sententia
1172 2950 1484 3025 synodalis,
1518 2951 1641 3008 scil.
1663 2951 1884 3010 deloco

609 3037 879 3114 Gregorii
925 3036 1164 3113 nysseni
1207 3057 1313 3112 pro
1346 3039 1720 3114 processione
1754 3040 1884 3115 Spi-

608 3127 763 3184 ritus
798 3145 841 3184 s.
876 3145 943 3184 ex
965 3126 1136 3185 Patre
1169 3130 1231 3185 et
1250 3127 1400 3186 Filio
1432 3128 1622 3203 petita.
1654 3148 1722 3187 ex
1755 3130 1885 3205 ejus

609 3215 809 3274 homil.
843 3215 906 3272 in
940 3216 1116 3274 Pater
1146 3219 1378 3287 noster3
1413 3217 1488 3276 ad
1513 3217 1883 3277 Theodorum

609 3304 910 3381 Sugdaeae
960 3305 1137 3380 episc.
1186 3306 1248 3363 11.
1303 3315 1338 3369 3
1404 3308 1472 3364 de
1530 3309 1887 3382 processione

609 3391 872 3466 Spiritus
902 3412 947 3456 s.
981 3411 1049 3450 ex
1081 3395 1256 3452 Patre
1302 3398 1361 3453 et
1404 3396 1584 3465 Filio;
1632 3396 1705 3454 ad
1737 3396 1885 3455 Con-

608 3482 940 3541 stantinum
1007 3481 1483 3564 (Meliteniotam)
1549 3486 1620 3544 de
1680 3485 1885 3544 eodem

606 3574 962 3649 argumento
992 3571 1054 3628 ll.
1091 3582 1160 3640 4;
1195 3573 1574 3645 refutationes
1604 3574 1885 3634 adversus

606 3662 671 3719 D.
694 3661 1120 3719 Andronici
1143 3661 1431 3721 Camateri
1447 3662 1661 3739 Vigeae
1690 3664 1882 3723 Drun-

606 3751 755 3828 garii
793 3749 1100 3830 (praefecti
1131 3747 1410 3830 vigilum)
1456 3770 1634 3826 super
1664 3753 1884 3827 scripto

604 3839 845 3897 traditis
894 3839 1257 3897 testimoniis
1304 3839 1375 3898 de
1409 3841 1634 3915 Spiritu
1682 3860 1724 3898 a.
1761 3843 1883 3899 ani·

607 3928 1075 3997 inadversiones3
1131 3929 1510 4006 Epiqraphae
1554 3930 1681 3987 sive
1713 3949 1883 4005 prae-

607 4018 958 4092 scriptiones
994 4012 1131 4096 (13)
1171 4018 1233 4075 in
1265 4017 1426 4076 dicta
1459 4037 1524 4077 ac
1556 4021 1884 4078 sententias

608 4125 682 4165 ss.
705 4110 943 4183 patrum
967 4125 1000 4163 a
1020 4125 1082 4164 se
1104 4107 1383 4165 collectas
1416 4108 1487 4166 de
1510 4109 1885 4183 processione

607 4196 864 4272 Spiritus
898 4214 945 4255 s,
1001 4193 1089 4277 (in
1140 4197 1445 4272 opusculis
1496 4198 1692 4256 aureis
1727 4197 1884 4256 Petri

606 4285 931 4344 Arcudii
963 4285 1224 4360 primum
1258 4281 1510 4364 editae);
1556 4286 1620 4345 in
1651 4290 1883 4345 tomum

609 4370 976 4454 (Georgii)
1044 4375 1241 4450 Cyprii
1319 4375 1707 4454 (patriarchae
1783 4395 1882 4434 ne-

1943 546 2036 602 est
2067 545 2128 601 et
2159 562 2194 601 a
2223 544 2461 619 proprio
2506 543 2722 602 throno
2766 544 2992 617 ejectus
3031 561 3109 600 or.
3141 553 3190 603 2
3227 566 3256 611 ς

1943 634 2235 712 Apoloqia
2265 632 2434 691 nullo
2453 631 2626 691 modo
2647 634 2882 690 nostras
2902 642 3264 690 eor-suetu-

1943 722 2110 780 dines
2141 721 2389 789 destrui,
2438 721 2488 779 si
2521 720 2902 779 ecclesiarum
2945 722 3256 779 unionem

1943 813 2334 886 acceptamus,
2401 810 2504 868 sed
2552 809 2626 868 ad
2676 809 3104 868 conciliandam
3157 811 3262 867 in

1946 900 2180 959 Christo
2200 917 2400 975 pacem
2420 900 2679 957 multum
2700 898 3042 959 conducere.
3063 899 3258 973 quod

1944 990 2101 1047 inter
2131 1007 2192 1047 se
2223 989 2289 1047 in
2327 988 2644 1047 asserendo
2690 988 2968 1064 dogmate
3014 1007 3262 1047 conve-

1944 1078 2156 1147 niunt;
2209 1077 2280 1135 de
2313 1078 2593 1137 omnibus
2626 1077 2749 1135 suis
2780 1078 2954 1135 libris
2988 1084 3048 1135 et
3080 1079 3260 1135 seri-

1943 1168 2218 1243 ptionum
2252 1185 2495 1225 suarum
2527 1168 2913 1226 consensione
2951 1170 3149 1224 anima
3162 1168 3264 1223 d-

1946 1259 2126 1315 versio
2170 1259 2297 1325 etc.,
2344 1256 2565 1331 quibus
2611 1256 2836 1314 accedit
2880 1258 3158 1329 refutatio
3205 1256 3258 1313 1.

1943 1346 2139 1404 Photii
2160 1345 2232 1403 de
2252 1345 2627 1420 processione
2648 1344 2912 1419 Spiritus
2947 1364 3012 1405 s..
3047 1363 3259 1419 quam

1942 1435 2174 1510 primus
2224 1433 2412 1492 edidit
2461 1436 2523 1493 et
2571 1433 2756 1492 vertit
2800 1432 2855 1491 J.
2892 1434 3260 1510 Hergen-

1944 1518 2338 1602 roeth0r1).
2385 1557 2472 1567 —
2507 1524 2577 1581 In
2609 1522 2718 1581 hoc
2749 1522 2998 1581 unionis
3031 1523 3264 1581 studio

1945 1613 2139 1671 socius
2164 1612 2281 1670 fuit
2312 1613 2443 1687 ejus
2475 1611 2808 1687 discipulus
2854 1612 2895 1669 C
2914 1631 2947 1670 o
2964 1630 3003 1669 u
3023 1616 3090 1669 st
3108 1630 3148 1670 a
3169 1632 3263 1670 n-

1942 1702 2162 1760 tinus
2195 1701 2726 1767 Meliteniota‚
2775 1702 2907 1777 ejus
2938 1700 3258 1759 archidia-

1943 1809 2126 1849 conus
2178 1792 2351 1866 eique
2401 1789 2510 1848 filii
2559 1789 2706 1859 loco,
2759 1790 2864 1866 qui
2910 1796 2970 1848 et
3004 1791 3133 1866 ipse
3175 1790 3261 1848 in

1945 1880 2157 1938 exsilio
2189 1898 2295 1955 pro
2327 1879 2638 1938 concordia
2668 1897 2803 1938 cum
2836 1879 3106 1937 Ecclesia
3138 1898 3259 1937 ro·

1944 1988 2118 2027 mana
2178 1972 2317 2044 post
2370 1977 2448 2030 24
2515 1967 2976 2027 tribulationum
3045 1987 3260 2026 annos

1943 2059 2124 2116 vitam
2175 2057 2386 2116 finivit.
2449 2057 2621 2115 Locis
2683 2056 2777 2116 cit.
2829 2062 3079 2115 exstant-
3108 2058 3256 2133 ejus

1941 2147 2010 2204 de
2057 2148 2433 2205 ecclesiastica
2493 2149 2707 2206 unione
2769 2146 3128 2205 Latinorum
3185 2150 3258 2203 et

1942 2235 2314 2304 Graecorum,
2362 2239 2425 2294 et
2468 2237 2539 2293 de
2575 2237 2934 2311 processione
2970 2235 3260 2315 Spiritus

1942 2342 1989 2388 s,
2011 2344 2125 2400 per
2157 2324 2375 2382 Filium
2406 2343 2487 2384 or.
2526 2334 2559 2387 2
2596 2325 2877 2399 prolixae.
2913 2324 3091 2383 Alter
3114 2324 3252 2383 dis·

1942 2414 2177 2489 cipulus
2224 2413 2342 2472 fuit
2375 2412 2764 2489 Georgius
2797 2413 3248 2472 Metochita

1941 2503 2223 2561 diaconus
2255 2506 2316 2561 et
2334 2502 2539 2567 exsilii,
2567 2502 2726 2578 quod
2746 2523 2795 2560 a.
2815 2513 2896 2565 45
2918 2503 3252 2562 sustinuit.

1940 2592 2253 2669 particeps,
2302 2594 2474 2667 cujus
2522 2595 2666 2650 sunt
2715 2593 2994 2667 refictatio
3044 2593 3247 2650 trium

1941 2682 2205 2759 capitum
2218 2702 2252 2740 a
2261 2680 2513 2740 Maximo
2525 2680 2793 2740 Planude
2803 2681 3102 2740 monacho
3114 2681 3249 2741 edi·

1940 2773 2173 2849 torum3
2235 2789 2456 2832 eorum.
2505 2790 2659 2846 quae
2704 2771 2948 2846 scripsit
2997 2771 3249 2830 Manuel

1941 2860 2251 2930 Cretensis,
2284 2861 2560 2933 refutatio
2572 2882 2597 2934 ;
2627 2859 2968 2937 fragmenta
2997 2862 3068 2918 de
3092 2880 3247 2935 pro-

1942 2951 2186 3007 cessione
2228 2949 2492 3022 Spiritus
2535 2969 2581 3007 s.
2601 2970 2631 3021 ,·
2679 2950 2749 3006 de
2793 2951 3009 3008 unione
3058 2957 3124 3007 et-
3170 2950 3252 3008 de

1941 3038 2188 3096 dissidio
2222 3038 2618 3096 ecclesiarum.

2035 3225 2177 3278 214.
2241 3217 2462 3275 Mentio
2495 3217 2615 3291 jam
2665 3214 2936 3274 facienda
2968 3221 3065 3275 est
3099 3237 3239 3275 auc·

1941 3305 2108 3368 toris.
2157 3306 2262 3380 qui
2296 3306 2358 3363 in
2390 3324 2452 3363 re
2484 3305 2816 3381 theologica
2847 3306 3054 3364 miuus
3089 3306 3244 3364 bene

1941 3393 2108 3452 audit
2119 3391 2186 3474 ²).
2209 3395 2254 3450 P
2269 3414 2300 3452 e
2315 3397 2340 3451 t
2356 3413 2441 3452 ru
2459 3413 2487 3452 s
2513 3393 2552 3451 J
2553 3393 2759 3452 oannis
2777 3390 2926 3476 (non
2943 3395 2983 3453 J
2987 3401 3239 3472 oannes}

2021 3639 2055 3716 ¹)
2085 3634 2167 3688 Cf.
2209 3635 2452 3688 eundem
2485 3634 2618 3689 KL2.
2659 3635 2730 3692 Π,
2771 3640 2873 3692 162
2918 3643 2978 3689 et
3015 3637 3086 3690 de
3115 3638 3238 3706 ejus

1941 3707 2169 3776 scriptis
2214 3706 2538 3760 Fabricium
2581 3706 2642 3760 in
2687 3705 2967 3762 Biblioth.
3015 3727 3100 3778 gr.
3145 3708 3234 3762 xl.

1939 3783 2044 3834 344
2073 3797 2145 3835 s.;
2180 3778 2392 3830 Erhard
2420 3781 2481 3831 in
2499 3777 2893 3831 Krumbacher
2911 3780 3116 3832 ‹,÷esch.
3140 3780 3236 3832 der

1942 3851 2064 3917 byz.
2093 3849 2201 3903 Lit.
2229 3867 2285 3918 p.
2311 3855 2380 3906 96
2409 3867 2449 3901 s.
2471 3871 2483 3906 ι
2510 3853 2616 3904 344
2643 3866 2715 3908 s.:
2761 3848 3009 3904 W'eruer
3035 3851 3234 3905 Gesch.

1940 3921 2040 3974 der
2065 3922 2294 3990 apolog.
2323 3939 2375 3976 u.
2409 3920 2521 3990 pol.
2549 3920 2657 3975 Lit.
2685 3924 2736 3982 3,
2764 3925 2829 3976 :27
2860 3937 2933 3975 ss.

2012 3999 2054 4050 ⁹)
2083 3992 2231 4046 Male
2251 3992 2349 4045 diu
2373 3991 2578 4056 audiit,
2602 3992 2699 4046 sed
2721 3993 2891 4062 plane
2926 3992 3228 4054 immerite.

1943 4065 1992 4117 b.
2032 4063 2361 4117 Joannes
2405 4062 2756 4116 Borellus
2796 4062 3066 4133 (Burulliy
3109 4064 3226 4117 Par-

1941 4134 2166 4199 mensis,
2218 4135 2352 4188 hinc
2404 4134 2472 4188 de
2519 4133 2722 4187 Parma
2772 4135 3225 4203 cognominatus,

1940 4206 2042 4273 qui
2073 4205 2301 4259 Parisiis
2330 4205 2649 4274 Scripturas
2678 4205 2820 4274 legit
2841 4211 2894 4258 et
2920 4206 3103 4262 lector
3123 4206 3224 4259 fuit

1940 4277 2231 4331 Bononiae
2249 4280 2306 4331 et
2327 4276 2604 4346 Neapoli:
2631 4293 2878 4344 cumque
2896 4279 3159 4331 doctrina
3173 4281 3224 4329 et

1941 4348 2217 4418 religione
2263 4365 2398 4419 prae
2444 4348 2644 4419 primis
2688 4348 2954 4417 polleret,
3000 4368 3032 4402 a
3081 4349 3221 4403 Cres·

1940 4420 2125 4473 centio
2173 4420 2432 4473 ministro
2477 4419 2730 4488 generali
2781 4420 2989 4473 missus
3031 4427 3118 4474 est
3154 4417 3218 4470 ad

606 4465 800 4539 gantis
861 4464 1296 4539 PYOCOSSionem
1360 4464 1621 4540 SPiritug
1686 4484 1728 4522 3·
1780 4484 1886 4542 Per
1939 4490 2248 4546 concilium
2269 4490 3218 4561 lugdunense14124z'iuetbiennio

604 4548 849 4635 Filium)
901 4556 962 4610 et
1006 4572 1159 4611 nova
1206 4553 1470 4627 ejusdem
1519 4554 1777 4612 haeresis
1810 4554 1884 4612 de
1942 4565 2071 4632 post
2120 4564 2345 4616 creatus
2397 4580 2618 4616 summa
2677 4563 2936 4616 omnium
2990 4562 3215 4616 exsulta·

605 4642 924 4716 improviso
957 4642 1209 4711 dictast„
1242 4643 1312 4700 de
1340 4662 1481 4717 pace
1509 4645 1883 4701 0001235032500
1942 4634 2097 4687 tione
2125 4634 2340 4688 ordinis
2359 4633 2736 4704 praepositus,
2762 4634 3034 4702 tantique
3047 4635 3215 4688 factus

604 4731 1010 4808 fragmentum
1030 4753 1042 4798 ;
1078 4732 1246 4807 epist.
1270 4730 1342 4789 ad
1363 4730 1402 4788 J
1403 4750 1650 4791 oannem
1673 4752 1881 4808 papam

1939 4707 2012 4759 ab
2043 4705 2374 4760 Innocentio
2405 4704 2517 4770 IV„
2547 4709 2614 4759 ut
2639 4704 2869 4774 legatus
2905 4706 3216 4759 mitteretur

1940 4795 2054 4846 qua
2111 4776 2384 4848 „angelus
2436 4777 2624 4844 pacis·-
2677 4776 2738 4829 in
2785 4776 3078 4832 Orientem
3127 4788 3211 4846 pro

605 4839 738 4878 eum
790 4820 1152 4895 PYOfeSSione
1202 4820 1336 4877 fidei
1381 4823 1442 4878 et
1486 4821 1884 4896 recognitione
1939 4848 2190 4903 ineunda
2231 4848 2532 4903 concordia
2573 4865 2701 4901 cum
2745 4847 2974 4902 Graecis
3020 4853 3212 4908 ‹124fflz

604 4910 928 4984 primatus;
990 4910 1057 4966 de
1110 4910 1412 4984 injustitia,
1466 4928 1583 4983 qua
1636 4910 1881 4968 affectus
1940 4922 2152 4972 frustra
2194 4923 2380 4972 tamen
2421 4920 2708 4973 laboravit
2757 4920 3045 4988 rediitque
3093 4921 3208 4975 1251
