3475 5364
353 373 378 424 1
398 372 423 423 1
440 370 519 424 09
826 353 1117 422 Estanyol,
1146 353 1313 408 Mich.
1340 350 1685 417 Saravetius,
1709 352 1995 422 Francois,
2026 350 2342 405 Farinonus
2367 353 2472 405 etc.
2796 371 2816 421 1
2839 371 2862 421 1
2886 370 2962 420 10

346 538 590 596 Parisiis
621 539 869 601 1512in
891 548 946 601 4.
989 572 1075 581 —-
1108 538 1626 613 Hieronymus
1682 537 1936 614 ciplinae
1966 537 2277 615 religiosae
2328 537 2515 595 zelum
2567 536 2826 595 vicarius
2859 556 2963 614 ge-

348 627 830 704 Teutonicus
861 631 1099 687 tantum
1132 632 1311 686 notus
1332 631 1425 685 est
1442 646 1511 685 ex
1533 644 1622 701 op.
1682 627 1898 685 neralis
1947 626 2422 703 congregationis
2486 625 2852 685 hollandicae
2903 628 2963 684 et

346 716 633 793 inscripto
683 716 924 775 Summa
983 717 1286 793 theoloqiae
1342 715 1396 773 d.
1448 714 1625 774 Tho·
1681 715 1819 774 fidei
1865 716 2162 791 quaesitor
2204 716 2498 792 generalis
2547 734 2653 791 per
2682 715 2962 792 Belgium

347 825 403 863 m
423 824 501 863 ae
532 807 599 864 A.
624 806 800 880 juxta
818 806 1158 882 praecipuas
1188 805 1354 864 illius
1388 804 1625 863 conclu·
1682 809 1774 863 est
1806 805 2166 863 constitutus
2200 802 2444 884 (1493).
2495 804 2630 880 Ipse
2662 805 2837 863 datus
2867 808 2962 863 est

348 895 540 953 siones
602 896 662 953 in
729 897 1121 970 compendium
1203 895 1434 952 redacta
1479 902 1515 953 t.
1563 898 1625 968 2,
1684 914 1713 953 a
1746 894 2142 952 Maximiliano
2175 894 2474 953 austriaco
2514 894 2652 969 imp.
2687 893 2961 970 Philippo

349 983 508 1057 quod
539 984 893 1060 castigatum
924 987 985 1042 et
1012 986 1250 1043 auctum
1285 982 1626 1058 compendio
1682 983 1994 1059 unigenito
2048 1002 2156 1042 suo
2204 982 2597 1060 paedagogae,
2650 984 2745 1041 cui
2779 983 2960 1042 etiam

352 1084 407 1133 3.
470 1092 526 1147 p.
589 1073 810 1131 iterum
870 1072 1056 1131 edidit
1133 1068 1336 1148 Hipp
1357 1092 1390 1131 o
1409 1072 1624 1147 lytus
1682 1075 1888 1148 postea
1917 1073 2035 1131 fuit
2064 1073 2137 1130 ab
2171 1073 2575 1148 eleemosynis,
2627 1072 2870 1131 consilio
2901 1087 2961 1130 et

351 1162 671 1220 Helman
722 1163 979 1222 Venetus
1026 1162 1291 1237 ejusdem
1338 1161 1479 1231 ord,
1516 1160 1626 1220 Ve-
1682 1161 2167 1230 confessionibus,
2232 1165 2292 1219 et
2353 1161 2428 1219 ab
2476 1161 2813 1220 Alexandro
2866 1161 2958 1219 VI.

349 1250 524 1309 netiis
579 1260 739 1313 1585
787 1252 853 1309 in
890 1260 943 1313 8.
976 1284 1064 1295 —
1096 1250 1625 1310 Theodoricus
1681 1250 1877 1309 dictus
1937 1256 2030 1309 est
2093 1272 2141 1309 a.
2198 1260 2360 1313 1496
2426 1250 2737 1326 episcopus
2799 1250 2963 1308 salu-

352 1339 424 1397 de
457 1340 828 1398 Susteren
881 1337 973 1421 (in
1022 1340 1249 1399 ditione
1281 1339 1624 1417 juliacensi)
1681 1339 1935 1398 briensis
1971 1335 2031 1419 (†
2066 1350 2119 1400 2.
2152 1340 2293 1398 Jun.
2337 1334 2545 1421 1502).
2599 1339 2961 1398 Pronuncia·

347 1429 692 1504 recognovit
752 1435 813 1487 et
874 1449 908 1488 a
984 1429 1214 1488 mendis
1274 1429 1627 1505 expurgavit
1683 1429 1773 1487 vit
1788 1426 1833 1507 ι)
1870 1430 2137 1489 Coloniae
2159 1424 2389 1507 (1478)
2411 1429 2960 1487 Data-minationem

349 1518 650 1576 Summam
679 1537 725 1576 3.
775 1519 1020 1577 Thomae
1049 1527 1249 1577 contra
1277 1523 1486 1595 ymles,
1522 1518 1624 1576 Co·
1682 1520 1751 1576 de
1781 1526 2030 1594 tempore
2074 1518 2351 1576 adventus
2399 1518 2731 1576 antichristi
2776 1536 2842 1577 ac
2887 1518 2960 1576 de

348 1606 542 1664 loniae
570 1617 766 1677 14993
813 1618 1007 1673 1509;
1040 1609 1397 1685 quaestiones
1425 1608 1626 1682 dispu-
1682 1608 1811 1682 ejus
1842 1609 2116 1684 ingressu
2135 1607 2199 1665 in
2220 1606 2527 1675 mundum,
2561 1625 2881 1683 progressu
2901 1610 2962 1665 et

350 1703 524 1772 tatas,
573 1696 649 1754 ib.
703 1706 868 1758 1499
917 1697 979 1755 in
1025 1698 1063 1755 f.
1096 1731 1183 1741 —
1219 1696 1626 1755 Cornelius
1682 1715 1955 1772 egressu:
2018 1700 2197 1772 atque
2246 1696 2319 1754 de
2369 1695 2756 1767 novitatibus,
2808 1715 2965 1772 quae

350 1785 793 1853 Sambucus,
857 1785 1228 1845 Veronensis,
1297 1786 1625 1862 theologiae
1675 1787 1799 1861 jam
1851 1785 1924 1844 de
1972 1804 2041 1844 eo
2092 1789 2360 1851 currunt,
2414 1804 2457 1843 s.
2508 1804 2557 1843 a.
2600 1788 2661 1842 et
2705 1786 2742 1843 l.
2790 1785 2854 1842 in
2889 1796 2959 1852 4;

349 1874 551 1942 lector,
586 1875 770 1933 edidit
799 1878 1210 1934 commentaria
1231 1894 1274 1934 s.
1306 1875 1528 1933 Thom
1548 1894 1625 1933 ae
1687 1875 1879 1932 Clanis
1909 1876 2135 1933 cellarii
2165 1874 2399 1932 divinae
2446 1878 2507 1932 et
2546 1874 2836 1933 humanae
2868 1894 2958 1933 sa-

348 1964 410 2020 in
462 1963 497 2024 1.
557 1975 606 2026 1.
652 1968 712 2022 et
763 1973 818 2025 2.
866 1966 1316 2033 sententiarum,
1366 1963 1624 2022 Venetiis
1683 1964 1945 2039 pientiae
1995 1964 2068 2022 ad
2119 1963 2424 2022 conciones
2472 1962 2807 2021 formandas
2854 1982 2962 2039 per

358 2061 540 2114 1519.
599 2062 759 2116 1520
794 2053 855 2111 in
888 2054 925 2111 f.
958 2088 1039 2097 -
1076 2053 1419 2130 Angelus
1469 2053 1624 2111 Est·
1683 2057 1880 2112 totum
1912 2073 2136 2112 annum
2170 2052 2329 2112 omni
2349 2052 2559 2111 morali
2580 2051 2847 2111 doctrina
2865 2053 2959 2110 in-

351 2160 441 2199 an
453 2142 576 2216 yol
610 2142 942 2209 catalenus,
978 2145 1408 2201 sententiarum
1441 2143 1625 2200 inter-
1683 2143 2108 2201 structissimas
2152 2141 2584 2200 introductoria
2645 2145 2708 2199 et
2774 2142 2961 2218 aptis-

348 2248 489 2305 pres
521 2230 785 2302 Parisiis,
818 2233 990 2308 cujus
1023 2250 1200 2306 opera
1234 2228 1503 2309 loqicalia
1534 2250 1622 2290 se·
1683 2231 1845 2301 sima,
1867 2230 2745 2307 Antverpiae16133Gandavii
2775 2239 2961 2300 1627;

351 2319 608 2377 cundum
643 2320 800 2378 viam
833 2340 879 2383 s,
912 2322 1229 2381 Thomas
1277 2321 1626 2395 prodierunt
1683 2322 1913 2380 Dem'sio
1956 2321 2329 2397 quodlibeti‹·a
2375 2337 2556 2394 super
2590 2316 2697 2378 V11
2741 2320 2959 2395 princi-

349 2407 678 2466 Barcinone
735 2420 896 2471 1504
945 2412 1007 2468 in
1042 2421 1096 2472 4.
1132 2444 1215 2453 —-
1252 2410 1624 2468 Matthaei
1682 2410 1919 2486 palibus
1951 2410 2004 2467 b.
2040 2410 2256 2467 Mariae
2279 2409 2342 2465 V.
2377 2409 2699 2489 doloribuS,
2734 2410 2963 2483 quosin

351 2496 536 2555 Siculi
559 2515 701 2556 cura
717 2499 937 2573 prodiit
959 2504 1009 2556 1.
1020 2519 1080 2575 p.
1097 2519 1353 2559 summae
1379 2517 1422 2556 s.
1448 2499 1623 2557 Tho·
1682 2501 1792 2559 hoc
1822 2499 2044 2557 mundo
2090 2498 2162 2557 de
2209 2517 2315 2557 suo
2365 2497 2679 2574 unigenito
2731 2498 2962 2565 habuit,

351 2605 504 2644 mae
551 2587 620 2644 de
653 2589 719 2643 A.
768 2605 900 2646 cum
941 2589 1424 2648 annoiationibus
1470 2608 1622 2645 mar·
1680 2590 2041 2663 Antverpiae
2082 2598 2281 2657 14943
2316 2587 2683 2646 Schratental
2711 2587 2775 2644 in
2807 2590 2959 2646 Aus-

348 2675 665 2751 ginalibu8‚
714 2675 974 2737 Venetiis
1016 2690 1178 2741 1509
1228 2679 1288 2737 in
1337 2678 1373 2736 f.
1437 2678 1625 2748 Quam
1682 2679 1797 2737 tria
1838 2689 1990 2741 1501
2038 2673 2140 2758 (m.
2186 2673 2348 2756 100).

349 2766 552 2824 tenuia
583 2766 785 2825 inilia!

1778 2867 1920 2919 529.
1954 2857 2039 2914 Ex
2072 2856 2275 2914 ordine
2321 2875 2365 2913 8.
2400 2856 2714 2930 Auyustini
2759 2873 2963 2914 occur-

444 2953 584 3006 528.
619 2944 702 3002 Ex
737 2946 938 3005 eodem
971 2947 1175 3005 ordine
1197 2947 1399 3005 Praed.
1434 2946 1623 3005 nomi·
1680 2947 1763 3004 rit
1796 2947 2235 3005 Guilelmus
2282 2944 2722 3004 Farinonus
2774 2944 2958 3023 (Faci-

347 3032 478 3090 nari
512 3035 718 3092 saltem
766 3039 996 3094 merent
1040 3036 1368 3095 Michael
1414 3035 1624 3098 Sara·
1681 3031 1906 3118 nonus)
1953 3035 2286 3093 studiorum
2335 3052 2547 3110 regens
2579 3032 2824 3103 Patavii,
2860 3050 2963 3091 cu-

350 3122 612 3181 vetius
659 3122 731 3180 de
764 3125 939 3182 Petra
973 3130 1171 3183 sancta
1208 3124 1446 3205 (oppido
1478 3126 1622 3183 Tus·
1675 3126 1775 3198 jus
1806 3129 1896 3184 est
1932 3125 2264 3184 Cmaciliatio
2306 3124 2829 3181 controversia-rum
2872 3122 2960 3180 in-

350 3206 516 3290 ciae),
595 3212 698 3287 qui
775 3214 1108 3272 cathedram
1188 3215 1624 3290 metaphysicae
1679 3218 1774 3272 ter
1806 3215 1859 3272 d.
1893 3214 2244 3272 Thomam
2292 3217 2353 3270 et
2396 3213 2495 3270 Ae
2512 3212 2805 3288 gidium
2856 3211 2962 3270 Co-

349 3299 564 3357 Romae
595 3300 765 3372 rexit,
795 3302 934 3360 hinc
964 3304 1091 3376 ejus
1123 3322 1299 3378 opera
1331 3306 1472 3362 sunt
1493 3304 1622 3378 phi·
1682 3305 1963 3372 lumnam.
2013 3302 2237 3361 Patavii
2292 3311 2457 3363 1514
2501 3302 2566 3358 in
2601 3311 2654 3360 4.
2690 3335 2775 3344 „-
2808 3302 2965 3359 Huic

350 3388 677 3463 losophica:
719 3391 1086 3462 Quaestiones
1103 3394 1171 3451 de
1190 3394 1462 3470 analoyia
1481 3395 1626 3451 entis
1684 3392 1982 3451 addantur
2011 3392 2257 3451 sodaleS.
2293 3408 2545 3466 quorum
2593 3390 2814 3465 scripta
2843 3408 2961 3447 non

350 3480 555 3535 contra
586 3477 887 3548 Scotistas,
939 3482 1009 3538 de
1060 3482 1516 3551 universalibus,
1551 3485 1625 3543 tr.
1682 3481 2053 3557 prodierunt.
2145 3485 2217 3539 ut
2307 3478 2730 3537 Rodericus
2808 3497 2842 3536 a
2917 3497 2964 3539 s,

351 3565 422 3623 de
471 3567 678 3641 primis
740 3572 801 3626 et
851 3571 1122 3628 secundis
1171 3571 1624 3642 intentionibus,
1682 3570 2376 3646 CruceOlisiponensiS.
2394 3568 2725 3645 theologiae
2740 3567 2963 3636 doctor,

351 3655 570 3714 Romae
643 3667 839 3727 1515;
918 3659 1149 3718 Perusii
1206 3670 1369 3724 1516
1440 3662 1500 3718 in
1550 3671 1585 3722 4
1612 3681 1624 3724 ;
1682 3659 1932 3718 Joannis
1966 3660 2038 3722 ΙΙ.
2070 3658 2459 3718 confessarius
2490 3662 2551 3715 et
2584 3657 2965 3716 concionator

349 3744 441 3802 Tr.
458 3745 526 3802 de
541 3748 980 3822 universalibus,
1002 3749 1072 3807 de
1092 3750 1435 3808 causalitate
1451 3750 1626 3825 primi
1685 3745 1747 3829 (1·
1789 3745 1999 3829 1509),
2034 3749 2139 3824 qui
2170 3747 2419 3822 reliquit
2448 3746 2868 3805 commentaria
2898 3746 2963 3804 in

348 3834 645 3910 principii,
680 3837 751 3894 de
784 3837 1075 3913 principio
1106 3838 1624 3909 individuationis3
1683 3838 2036 3914 Magistrum
2087 3837 2517 3895 sententiarum
2567 3839 2627 3893 et
2671 3836 2965 3894 Aristote—

347 3923 420 3981 de
452 3924 719 4000 subjecto
752 3927 1171 4002 philosophiae,
1207 3928 1419 3986 Romae
1461 3938 1620 3989 1517
1684 3927 1797 3985 lem
1846 3959 1931 3970 —-
1983 3927 2074 3983 Ita
2135 3931 2196 3984 et
2244 3927 2305 3983 in
2362 3936 2395 3986 :3
2451 3926 2486 3982 1.
2534 3925 2959 3983 sententiarum

348 4012 411 4069 in
432 4024 486 4074 4.
513 4014 923 4073 -·Michael
955 4017 1351 4075 Francisci
1388 4015 1625 4096 (Fran-
1684 4015 2109 4090 Gregorius
2157 4015 2608 4078 Perusinus,
2657 4033 2700 4070 3.
2732 4014 2960 4072 theolo-

350 4099 535 4182 cois)
573 4102 647 4164 de
679 4104 899 4162 Insulis
933 4106 1202 4175 Flander,
1238 4106 1476 4164 Parisiis
1497 4110 1622 4164 stu·
1684 4105 1817 4181 giae
1863 4105 2166 4178 magister,
2215 4103 2593 4179 provincialis
2640 4100 2870 4184 (1488)
2905 4107 2964 4161 et

350 4189 464 4248 diis
528 4208 767 4266 operam
829 4193 1090 4266 dederat,
1142 4196 1324 4254 lector
1373 4195 1628 4254 biblicus
1687 4191 1915 4273 (1497)
1963 4194 2238 4251 vinitator
2282 4194 2592 4270 generalis,
2626 4227 2712 4235 —-
2743 4193 2964 4251 Joan-

349 4281 409 4335 et
441 4281 866 4340 sententiarIus
900 4287 1026 4342 erat
1057 4284 1346 4345 Colon²ae.
1382 4284 1469 4342 Ob
1503 4284 1626 4342 dis·
1683 4303 1721 4341 n
1742 4301 1817 4341 es
1850 4283 1923 4341 de
1940 4283 1997 4341 la
2028 4283 2427 4359 Magdalen
2449 4302 2484 4340 a
2515 4282 2959 4358 Olisiponensis,

1687 4372 1947 4430 vicarius
1993 4372 2286 4448 generalis
2321 4372 2742 4448 Portugalliae,
2793 4371 2965 4430 theo-

349 4483 611 4555 Enghien
639 4486 708 4540 de
738 4489 782 4538 A
803 4488 992 4557 ugia,
1035 4505 1068 4540 a
1095 4489 1220 4542 loco
1261 4489 1627 4559 professionis
1686 4461 1879 4538 108580
1912 4461 2207 4536 P1‘0f03801'
2238 4460 2514 4537 publicuS
2547 4480 2596 4518 Β·
2633 4469 2733 4528 26ν
2769 4463 2828 4518 0¹²
2859 4461 2960 4518 Al·

349 4556 540 4609 Brux
559 4556 885 4612 ellensis
926 4559 1114 4613 dictus
1150 4563 1196 4628 (ἢ
1222 4564 1362 4617 1553
1401 4577 1452 4612 a.
1480 4565 1627 4614 aeta·
1682 4551 1896 4626 phonsi
1927 4549 2176 4608 Joannis
2195 4549 2267 4606 II.
2300 4551 2460 4625 regis
2492 4549 2603 4608 filii
2636 4551 2972 4609 instructor

348 4627 422 4681 tis
465 4631 571 4699 83).
617 4661 683 4668 -—
731 4629 883 4683 Petri
927 4631 1105 4684 nostri
1150 4631 1463 4701 discipulus
1508 4636 1629 4686 erat

350 4699 551 4754 Petrus
590 4700 812 4754 Fabri
855 4702 924 4756 de
965 4701 1321 4773 Noviomago
1362 4713 1410 4772 (ψ
1451 4708 1625 4774 1525),

349 4771 452 4838 qui
476 4775 527 4828 3.
575 4789 630 4842 p.
676 4789 718 4826 s.
747 4772 996 4827 'rhomae
1041 4777 1100 4826 et
1142 4775 1624 4844 supplementum,
1760 4778 1801 4846 ¹)
1828 4774 1955 4828 Alia
1982 4774 2234 4842 ejusdem
2263 4790 2434 4844 opera.
2461 4775 2530 4828 cf.
2559 4773 2715 4843 apud
2742 4772 2966 4826 Echard

349 4841 578 4897 Parisiis
605 4848 773 4904 1514;
820 4847 879 4898 et
919 4844 1175 4914 Cajetani
1220 4847 1626 4900 commentaria
1683 4847 1753 4910 Il,
1782 4852 1811 4903 7
1840 4863 1910 4900 ss.
1938 4844 2027 4898 Du
2057 4844 2161 4898 Pin
2188 4845 2306 4908 XII,
2339 4849 2456 4910 113,
2499 4844 2600 4913 qui
2641 4845 2764 4913 ejus
2791 4859 2960 4913 opera

349 4914 407 4966 in
426 4919 541 4970 2.2.
558 4932 600 4968 s.
618 4914 867 4970 Thomae
882 4916 1103 4971 edenda
1119 4917 1358 4980 curavit,
1374 4917 1452 4972 ib.
1469 4923 1625 4975 1519.
1651 4875 1658 4969 Ι
1683 4936 1798 4971 non
1826 4917 2021 4987 magni
2049 4917 2265 4987 pendit.
