3475 5364
169 386 280 441 521

740 375 1042 446 Gregorius
1070 372 1268 441 Arim„
1295 373 1647 444 Alphonaus,
1673 373 1911 438 Klenke,
1938 371 2273 427 Amidanus.

2685 391 2809 446 622

163 557 272 615 bus
303 577 504 634 quam
557 562 624 621 in
669 558 1031 642 scientia1).‘
1085 561 1238 621 Hinc
1269 561 1344 621 ob
1375 562 1468 619 in·
1524 561 1822 622 convertit
1838 560 2011 620 fidem
2035 555 2365 642 (†27.Dec.
2389 554 2600 642 1366).
2623 560 2815 636 Scrip-

164 647 396 725 signem
453 654 750 726 pietatem
803 651 1023 711 meruit
1083 671 1117 710 a
1167 649 1470 712 nonnullis
1528 651 1610 710 sit
1641 652 1955 710 Lecturam
1995 668 2181 725 supra
2211 654 2273 709 1.
2307 651 2345 708 l.
2380 651 2815 722 sententiarum,

166 737 577 814 scriptoribus
609 741 756 799 beati
785 740 967 800 titulo
999 740 1292 800 honorari.
1336 740 1472 799 Non
1502 740 1792 800 :venetiis
1839 750 2031 809 1490;
2064 740 2129 798 in
2161 759 2283 816 qua
2313 756 2487 814 saepe
2517 738 2698 797 citare
2731 736 2817 799 di·

165 825 264 884 diu
317 829 492 887 rexit
557 830 855 889 ordinem:
918 829 1075 889 obiit
1136 830 1294 889 enim
1346 830 1473 905 jam
1528 830 2188 905 citurAlphonsum
2218 829 2291 888 de
2326 827 2812 905 Portugalia‚

165 934 316 975 anno
366 918 663 995 sequenti
706 918 931 995 pariter
973 918 1234 977 Viennae
1287 928 1472 982 1358.

165 1004 346 1081 Typis
368 1008 769 1082 prodierunt:
803 1008 1059 1068 Lectum
1088 1011 1153 1067 in
1183 1009 1219 1066 1.
1243 1009 1301 1068 1.
1336 1016 1387 1066 et
1410 1010 1469 1070 2.

164 1098 617 1169 manaim-um,
642 1097 887 1156 Parisiis
912 1107 1074 1161 1482
1097 1098 1162 1156 in
1180 1098 1246 1168 f.;
1276 1107 1468 1168 14873

167 1183 509 1244 Mediolani
547 1196 743 1257 1494,
728 1209 741 1222 ·
777 1186 1085 1246 Valentino
1125 1197 1322 1255 1500,
1309 1210 1322 1222 ·
1357 1186 1471 1246 Ve-

164 1273 350 1332 netiis
386 1285 594 1345 1518;
626 1276 697 1334 de
724 1278 944 1353 usuris,
979 1275 1236 1335 Arimini
1278 1285 1474 1346 16223

167 1362 237 1418 de
253 1371 525 1439 quatuor
541 1366 850 1424 vinalibus
861 1365 1301 1440 cardinalibus;
1288 1384 1477 1424 ·-com

170 1451 483 1512 mentaria
523 1457 583 1513 in
626 1473 714 1530 ep.
762 1475 812 1514 s.
861 1453 1036 1513 Pauli
1080 1461 1130 1512 et
1173 1474 1220 1514 s.
1269 1454 1478 1513 Jacobs·

173 1539 478 1601 dicuntur
516 1544 743 1620 pariter
780 1544 924 1606 ibid.
955 1543 1248 1620 prodiisse
1288 1552 1475 1607 1522.

176 1627 337 1689 Dmn
356 1631 461 1693 Fr.
480 1632 710 1692 Macedo
741 1634 782 1694 l.
802 1651 850 1694 c.
883 1651 1022 1692 eum
1050 1633 1312 1710 impense
1343 1633 1472 1692 lau·

177 1716 284 1776 dat
313 1723 395 1778 ut
426 1721 829 1781 fidelissimum
861 1740 905 1784 s.
937 1721 1264 1799 Augustini
1295 1720 1475 1780 disci-

179 1807 422 1880 pulum,
437 1811 549 1870 imo
578 1814 651 1870 ut
677 1829 852 1870 verae
881 1812 1117 1888 aquilae
1147 1811 1473 1888 Augustini

182 1897 447 1970 pullum,
491 1900 594 1976 qni
622 1900 695 1958 ad
734 1919 870 1959 eum
916 1904 977 1959 et
1007 1919 1144 1960 cum
1174 1919 1244 1959 eo
1274 1900 1476 1961 volat:

186 1984 230 2041 P
245 2004 281 2044 ο
297 2005 340 2045 ιι
355 1992 432 2046 ta
448 2008 534 2047 na
564 1994 849 2048 strenuus
866 1989 906 2048 J
908 1989 1352 2049 ansonistarum
1372 1989 1476 2048 de-

189 2073 448 2136 bellator
474 2073 734 2158 notat²):
785 2117 813 2148 ,
829 2079 915 2137 De
946 2079 1231 2156 Gregorio
1275 2078 1476 2137 arimi-

193 2165 373 2224 nensi
415 2166 712 2226 fatendum
758 2171 865 2239 est,
918 2187 1056 2227 eum
1104 2167 1332 2244 placita
1375 2186 1476 2226 su-

195 2250 382 2312 binde
410 2259 672 2315 secutum
719 2275 850 2316 esse
882 2257 1126 2316 duriora
1170 2259 1232 2316 et
1263 2256 1475 2333 singu-

199 2340 370 2414 laria,
414 2364 580 2421 quas,
627 2346 681 2404 si
727 2348 824 2405 tot
864 2345 1218 2422 pontificum
1271 2347 1480 2405 contra

203 2429 409 2506 Bajum
450 2437 511 2492 et
535 2434 575 2493 J
576 2435 891 2494 ansenium
938 2434 1312 2494 definitiones
1361 2435 1477 2512 ipsi

206 2518 401 2580 videre
428 2523 705 2595 licuisset,
737 2524 1083 2601 castigasset
1111 2523 1375 2595 indubie,
1408 2528 1480 2584 ut

208 2625 344 2668 eum
369 2611 612 2672 Ecclesia
654 2613 920 2674 sentiret.
935 2622 963 2652 ‘
1024 2613 1114 2672 Ob
1147 2630 1318 2672 suam
1364 2613 1476 2672 du-

211 2698 412 2759 riorem
441 2702 510 2761 ds
539 2702 859 2764 infantium
891 2713 1012 2764 non
1042 2703 1477 2779 baptizatorum

215 2793 361 2848 sorte
377 2791 722 2866 opinionem,
754 2792 852 2851 cui
880 2792 1132 2864 favebat,
1166 2792 1364 2851 dictus
1383 2796 1478 2852 est

220 2876 558 2943 ‚infantium
594 2884 844 2943 tortor}
901 2917 978 2929 —
1028 2881 1477 2956 Alphonsus

218 2963 286 3023 de
336 2966 592 3046 Vargas
642 2991 685 3047 y
741 2970 1024 3030 Toledo
1074 2971 1394 3030 Toletanus
1443 2991 1475 3031 e

221 3055 560 3118 nobilissima
604 3059 897 3119 oriundus
947 3060 1188 3132 familia,
1243 3059 1473 3120 studio·

220 3161 348 3203 rmn
362 3164 522 3206 causa
539 3148 795 3208 Parisios
823 3148 940 3208 fuit
959 3143 1188 3220 missus,
1220 3148 1474 3208 ibidem-

223 3251 331 3307 que
371 3234 636 3297 decennio
670 3238 1101 3315 philosophicas
1149 3241 1212 3297 et
1242 3239 1473 3297 theolo-

222 3321 367 3397 gicas
394 3324 727 3403 disciplinas
758 3327 1057 3402 professus
1102 3329 1166 3386 et
1211 3328 1475 3386 lauream

224 3410 548 3473 doctoralem
597 3415 851 3492 adeptus
898 3419 1004 3474 est.
1069 3416 1364 3476 Reversus
1412 3417 1476 3474 in

227 3501 447 3574 patriam
490 3504 717 3580 primus
766 3504 959 3564 factus
1020 3508 1115 3564 est
1161 3505 1476 3582 episcopus

226 3592 462 3663 pacensis
483 3589 802 3676 (Badajoz)‚
836 3594 974 3652 dein
1000 3602 1164 3657 1356
1201 3613 1473 3654 oramen·

229 3677 317 3740 sie.
369 3680 501 3740 Cum
542 3683 928 3742 Innocentius
975 3682 1071 3742 VL
1119 3683 1478 3743 cardinalem

231 3767 352 3844 Aeg.
379 3769 645 3830 Catillum
678 3771 753 3831 de
783 3772 1082 3832 Albornoz
1112 3772 1380 3850 legatum
1412 3772 1476 3831 in

229 3855 432 3917 Italiam
460 3860 720 3921 misisset
765 3861 840 3919 ad
885 3862 1064 3920 urbes
1108 3866 1170 3921 et
1214 3862 1342 3920 loca
1386 3862 1476 3919 di-

232 3945 386 4005 tionis
425 3949 752 4025 pontificiae
795 3950 1244 4026 recuperandas,
1291 3951 1344 4009 is
1377 3950 1475 4008 Al·

234 4033 489 4108 pbonsum
547 4039 664 4098 sibi
726 4039 941 4099 ascivit
1001 4039 1241 4109 socium,
1305 4041 1476 4114 cujus

237 4125 444 4186 consilio
502 4132 561 4187 et
619 4146 799 4205 opera
862 4128 1115 4188 feliciter
1174 4129 1475 4189 utebatur.

235 4210 449 4274 Tandem
479 4218 549 4275 ad
569 4217 1125 4294 archiepiscopalem
1159 4217 1359 4276 sedem
1379 4219 1473 4276 hi-

236 4302 516 4377 spalensem
536 4309 780 4366 evectus
812 4310 904 4366 est
936 4326 987 4368 a.
1019 4316 1206 4371 1363.
1241 4307 1473 4366 Bellum

229 4389 327 4462 jam
371 4396 668 4471 spirituale
729 4395 870 4454 iniit
932 4414 1065 4454 cum
1118 4395 1475 4455 Mohamme-

236 4476 386 4553 danis,
427 4504 678 4561 quorum
722 4483 884 4544 haud
914 4503 1133 4561 paucos
1178 4484 1251 4543 ad
1285 4504 1476 4545 veram
1532 4512 1637 4565 305
1666 4526 1734 4563 gg

1529 918 1857 979 secundum
1903 918 2140 993 aliquos
2172 917 2434 977 sodalem
2466 934 2661 987 suum,
2710 917 2816 992 qui

1529 1012 1590 1067 et
1641 1009 1771 1085 ipse
1820 1008 2177 1085 magistrum
2239 1010 2333 1066 est
2380 1007 2814 1081 interpretatus

1529 1094 1602 1179 (c.
1645 1091 1859 1180 1345).
1919 1096 2301 1166 Quaestiones
2332 1114 2514 1172 super
2543 1094 2715 1153 libris
2746 1095 2816 1153 de

1531 1189 1753 1264 anima,
1770 1186 2107 1247 Florentiae
2129 1194 2247 1249 147
2261 1183 2599 1257 73Venetiis
2621 1194 2640 1245 l
2661 1193 2814 1254 5653

1537 1287 1704 1340 1568
1736 1277 1802 1335 in
1834 1276 1899 1346 f.;
1950 1276 2167 1335 Romae
2204 1284 2373 1338 1609
2406 1277 2514 1332 etc.
2563 1275 2615 1332 A
2646 1273 2817 1332 soda-

1531 1365 1694 1425 libus
1728 1405 1758 1435 ,
1772 1364 2127 1426 venerabilis
2140 1373 2167 1402 11
2203 1364 2504 1423 salutatur
2517 1359 2581 1444 ¹.)

1623 1552 1770 1607 319.
1802 1543 2080 1602 Aliorum
2099 1542 2395 1603 sodalium
2413 1541 2817 1602 commentarii

1531 1651 1652 1692 non
1679 1635 2043 1710 aspexerunt
2060 1632 2253 1691 lucem
2264 1627 2334 1712 ²).
2364 1632 2459 1691 Ita
2488 1630 2525 1689 J
2542 1630 2818 1689 oannis

1535 1722 1815 1800 Magiri
1860 1722 1934 1780 al.
1966 1720 2320 1782 Dencock
2365 1739 2468 1780 seu
2501 1720 2815 1789 Klencock‚

1533 1811 1640 1887 qui
1671 1812 1869 1887 patria
1899 1810 2019 1870 fuit
2050 1811 2197 1870 Saxo
2230 1812 2294 1869 et
2322 1813 2451 1869 tam
2481 1810 2545 1867 in
2576 1809 2817 1868 univer-

1533 1899 1712 1959 sitate
1743 1899 2043 1960 oxoniensi
2077 1919 2255 1975 quam
2287 1898 2566 1975 pragensi
2597 1897 2817 1961 doctri-.

1533 2008 1646 2048 nae
1689 1990 1847 2048 fama
1891 1989 2122 2048 claruit.
2184 1989 2297 2047 Hic
2341 1988 2499 2047 idem
2550 1990 2640 2045 est
2682 2006 2820 2045 cum

1532 2069 2132 2149 Joanne'Klenke,
2181 2078 2369 2137 sodali
2414 2075 2681 2135 coenobii
2726 2094 2818 2134 er-

1533 2166 1866 2238 fordiensis,
1916 2168 2024 2244 qui
2073 2168 2137 2225 in
2186 2167 2224 2225 l.
2275 2166 2599 2225 Decadicon
2648 2161 2822 2245 (quia

1543 2268 1618 2320 10
1667 2277 1715 2316 a.
1767 2252 2108 2336 impugnat)
2160 2255 2470 2332 speculum
2521 2254 2820 2314 Saxonum

1535 2340 2077 2427 (Sachsenspiegel)
2122 2348 2215 2404 est
2259 2362 2538 2422 agressus
2569 2344 2820 2419 ejusque

1532 2434 1689 2511 leges
1708 2435 1941 2511 aliquot
1970 2435 2202 2493 censuit
2223 2433 2349 2509 juri
2380 2432 2601 2503 divino,
2634 2432 2817 2491 eecle-

1535 2523 1771 2584 siastico
1833 2526 1895 2582 et
1941 2542 2212 2583 caesareo
2273 2522 2617 2592 contrarias,
2684 2521 2820 2581 hinc

1534 2612 1729 2672 multa
1771 2613 1835 2671 in
1875 2612 2124 2673 civitate
2157 2611 2655 2690 magdeburgensi
2687 2630 2819 2688 per-

1533 2720 1744 2777 pessus
1775 2703 1841 2761 in
1871 2705 2074 2779 sporta
2115 2722 2220 2778 per
2249 2721 2492 2761 murum
2523 2701 2818 2760 demissus

1532 2809 1747 2851 manus
1776 2791 2192 2851 insidiantium
2223 2791 2431 2861 evasit,
2464 2795 2535 2849 ut
2565 2791 2694 2865 ipse
2723 2809 2817 2849 re·-

1531 2880 1649 2939 fert
1692 2881 1758 2940 in
1792 2901 1881 2957 ep.
1914 2880 1989 2940 ad
2021 2882 2315 2941 Joannem
2345 2878 2524 2939 XXII.
2574 2880 2819 2939 Causam

1533 2970 1756 3029 detulit
1787 2970 1860 3028 ad
1893 2970 2092 3029 sedem
2124 2969 2534 3047 apostolicam:
2569 2989 2687 3044 qua
2717 2988 2816 3027 ex-

1532 3077 1713 3134 pensa
1745 3059 2066 3136 Gregorius
2087 3059 2183 3118 XI.
2216 3058 2501 3117 articulos
2533 3062 2818 3133 quatuor-

1530 3147 1724 3206 decim
1758 3143 1853 3230 (ex
1887 3157 1962 3211 21
2003 3143 2242 3229 delatis)
2272 3148 2439 3206 illius
2472 3147 2699 3223 speculi
2728 3166 2820 3206 re-

1530 3236 1809 3313 probavit
1847 3247 2035 3300 1374.
2080 3238 2298 3297 Eodem
2332 3238 2441 3295 hoc
2473 3256 2522 3298 a.
2553 3236 2819 3296 Joannes

1532 3329 1737 3384 noster
1783 3326 2033 3386 decessit
2058 3326 2551 3402 poenitentiarius
2583 3330 2817 3400 aposto·

1533 3415 1683 3474 licus
1715 3417 1778 3473 et
1795 3416 2033 3474 auditor
2063 3435 2109 3474 s.
2129 3414 2337 3492 palatii
2347 3411 2415 3496 ⁸).
2449 3415 2604 3472 Huic
2622 3413 2818 3474 tribu-

1533 3507 1721 3562 untur
1753 3506 2163 3564 commentaria
2193 3505 2256 3562 in
2290 3504 2350 3562 ll.
2384 3503 2818 3561 sententiarum

1533 3592 1761 3668 duplici
1795 3594 1936 3653 stilo
1971 3593 2191 3652 literali
2222 3596 2284 3652 et
2313 3591 2720 3667 quaestionem,
2753 3591 2820 3648 in

1533 3682 1754 3756 quibus
1816 3681 2038 3743 dicitur
2099 3682 2412 3741 ostendere
2464 3681 2818 3757 magistrum

1535 3789 1706 3846 saepe
1758 3790 1986 3830 errasse
2048 3771 2113 3829 in
2162 3768 2394 3830 citando
2444 3768 2816 3846 Augustino;

1532 3861 1952 3919 commentaria
1994 3862 2059 3919 in
2106 3860 2207 3921 Ev.
2252 3858 2541 3918 Matthaei
2585 3861 2646 3916 et
2688 3860 2821 3918 acta

1532 3948 1956 4024 apostolorum,
2004 3949 2353 4024 quodlibeta
2387 3947 2546 4023 juris
2587 3947 2819 4023 aliaque

1533 4038 1759 4112 scripta
1776 4038 2061 4097 adversus
2090 4038 2242 4097 illud
2260 4038 2566 4113 speculum
2590 4039 2697 4095 etc.
2732 4070 2819 4081 -

1533 4126 1981 4187 Guilelmus
2015 4127 2437 4186 Amidanus
2477 4126 2569 4185 vir
2599 4125 2817 4185 nobilis

1531 4216 1948 4288 cremonensis,
2012 4235 2057 4276 s.
2107 4216 2442 4293 theologiae
2502 4214 2711 4274 doctor
2759 4219 2819 4273 et

1613 4437 1758 4508 ⁸.)Cf
1811 4438 1935 4492 Nic.
1990 4439 2274 4493 Antonius
2323 4439 2359 4492 l.
2412 4439 2504 4495 IX.
2561 4454 2608 4492 c.
2659 4444 2709 4494 6.
2762 4457 2816 4498 ιι

1607 4582 1649 4652 ¹)
1676 4579 1908 4650 Aegidii
1936 4580 2081 4635 Boni
2106 4580 2363 4651 episcopi
2390 4580 2625 4635 vicetini
2640 4585 2816 4662 (1348

297 4659 326 4717 1)
351 4655 424 4707 Ita
468 4656 520 4710 b.
569 4655 861 4711 Jordanus
910 4655 981 4709 de
1031 4654 1276 4709 Saxonis
1320 4654 1477 4724 apud
1532 4661 1559 4714 †
1585 4654 1672 4707 25.
1698 4651 1834 4706 Jun.
1863 4657 2022 4734 1361)
2051 4655 2353 4708 exstabant
2386 4652 2497 4707 tria
2523 4652 2818 4707 volumina

240 4720 520 4781 ‘l'itaboschi
557 4729 616 4782 et
656 4725 986 4781 Lanterium
1020 4728 1195 4795 postr.
1236 4742 1342 4780 sec.
1357 4673 1476 4779 psex
1533 4722 1603 4776 de
1630 4722 1924 4794 theologia
1949 4723 2185 4778 inedita.

241 4792 316 4851 rel.
335 4797 508 4853 christ.
536 4799 728 4865 1288

1606 4793 1760 4851 wcf.
1788 4793 2014 4850 scraber
2054 4795 2325 4851 KL.V11
2351 4798 2485 4855 790·
2538 4796 2817 4862 Homeyer

293 4868 571 4936 ¹)Constit.
604 4868 948 4940 Unigenitus
994 4869 1307 4939 theologice
1352 4885 1478 4939 pro-
1533 4864 1586 4921 J.
1636 4864 1903 4919 Klenkok
1957 4867 2129 4920 wider
2179 4866 2290 4921 den
2335 4838 2816 4934 sachsenspiegel,

243 4943 518 5007 pugnatat.
544 4947 595 4997 1.
621 4941 886 5010 adprop.
912 4945 1001 4996 44.

1535 4936 1681 4992 Abh.
1709 4936 1812 4991 der
1838 4937 1983 4991 Berl.
2012 4938 2323 4992 Akademie
2352 4940 2509 5001 1855,
2536 4940 2658 4992 377.
