3475 5364
480 318 646 372 1335
953 303 1322 359 1521—1540.
1352 298 1596 353 Romani
1621 297 1937 370 pontifices.
1964 298 2076 354 Leo
2102 300 2183 363 X„
2214 298 2472 354 Clemens
2499 299 2619 354 VlI.
2925 316 2952 369 1
2969 315 3096 369 335

474 487 559 545 ris
592 480 1087 567 (148821525)
1122 486 1251 560 ejus
1274 485 1437 559 Opus
1459 486 1773 558 epistolare
1832 494 2030 556 1687;
2062 486 2131 543 de
2160 487 2370 545 insulis
2400 504 2587 561 nuper
2615 486 2855 544 inventis
2902 489 2963 543 et
3005 484 3097 543 in-

482 576 687 634 Alcala
725 585 912 644 1530,
946 574 1375 633 Amstelodami
1417 585 1600 644 1670,
1664 574 1769 633 sed
1823 574 2087 634 colatum
2107 573 2390 643 moribus,
2412 575 2678 633 Basileae
2704 583 2859 638 1521
2885 595 2900 643 ;
2928 582 3093 637 1633

478 665 552 723 de
584 664 976 740 epistolarum
1008 662 1386 739 genuinitate
1419 662 1766 733 dubitatur3
1821 663 1885 723 in
1915 665 1969 722 f..
2004 663 2084 722 Of.
2118 663 2235 722 KL.
2252 664 2350 732 IX,
2382 672 2579 736 1925;
2611 662 3097 723 TiraboschiVII.

472 748 1764 834 deorbenovodecadesfflll),Parisiis15:363
1826 760 1882 823 2,
1919 761 2042 816 366
2078 771 2121 811 S.

1113 1050 1260 1148 IV.
1330 1048 1823 1169 Theologia
1886 1052 2317 1169 practica.

572 1296 714 1350 620.
780 1287 920 1345 Tres
983 1289 1308 1345 occurrunt
1369 1287 1479 1344 hac
1522 1286 1762 1360 periodo
1820 1304 2067 1361 magnae
2088 1285 2435 1345 Germaniae
2466 1286 2866 1361 partisavcra
2882 1287 3100 1346 Christi

479 1376 777 1452 pontifi
796 1394 933 1435 ces.
1008 1376 1364 1434 Bellicosum
1417 1374 1652 1433 Julium
1703 1376 1761 1434 11
1821 1374 2082 1433 Ecclesia
2142 1374 2393 1434 defectio
2474 1376 2622 1434 duce
2684 1375 2758 1433 M.
2821 1375 3101 1438 Luthero.

475 1465 710 1541 excepit
756 1465 901 1523 Leo
947 1464 1012 1523 X.
1063 1464 1330 1541 pontifex
1362 1463 1624 1523 Joannes
1672 1463 1761 1523 de'
1821 1463 2037 1523 Omnes
2070 1466 2318 1522 conatus
2349 1464 2521 1522 illum
2573 1464 2648 1521 ad
2677 1468 2901 1524 rectam
2930 1482 3101 1523 revo-

479 1553 692 1613 Medici
725 1559 906 1613 antea
948 1554 1420 1629 cognominatus.
1481 1554 1678 1612 Natus
1708 1553 1763 1611 is
1820 1553 1993 1612 candi
2056 1552 2333 1612 semitam
2393 1556 2697 1612 cesserunt
2770 1554 3100 1613 incassum:

476 1648 572 1701 est
610 1655 704 1706 11.
739 1644 871 1701 Dec.
914 1652 1075 1706 1475
1122 1642 1494 1702 nobilissima
1543 1642 1760 1718 stirpe:
1822 1661 2009 1712 quare
2042 1641 2308 1717 pontifex
2343 1652 2417 1704 41
2476 1643 2910 1718 propositiones
2942 1644 3099 1718 ejus·

478 1737 649 1808 pater
664 1732 822 1791 enim
837 1733 967 1807 ejus
984 1731 1483 1790 celebratissimus
1498 1735 1628 1790 erat
1641 1731 1763 1790 dux
1821 1731 1955 1789 dem
1988 1748 2261 1789 erroneas
2290 1741 2383 1793 15.
2404 1729 2547 1790 Jun.
2577 1740 2739 1794 1520
2762 1732 2921 1790 edita
2933 1732 3098 1790 dam·

478 1823 551 1879 de
583 1820 842 1889 Medicis,
877 1821 992 1879 sub
1022 1839 1144 1895 quo
1182 1820 1519 1896 respublica
1548 1821 1764 1880 floren·
1821 1820 1988 1879 navit
2017 1819 2187 1878 bulla
2216 1824 2277 1878 et
2308 1820 2509 1894 ipsum
2539 1820 2869 1879 Lutherum
2893 1830 2947 1884 3.
2967 1820 3101 1879 Jan.

477 1910 607 1968 tina
636 1928 931 1968 summum
977 1909 1190 1985 adepta
1234 1912 1324 1967 est
1370 1909 1762 1984 splendorem.
1828 1918 1984 1972 1521
2047 1909 2591 1971 excommunicavit.
2651 1910 2786 1986 Ipse
2834 1909 3101 1985 pontifex

482 2000 637 2057 Puer
647 2018 694 2056 a.
718 2009 792 2062 13
807 2004 1043 2057 creatus
1055 2003 1147 2057 est
1162 1999 1235 2058 ab
1247 1998 1596 2057 Innocentio
1613 1998 1762 2056 VIII.
1822 2018 1871 2057 a.
1905 1998 2118 2056 aetatis
2142 2008 2241 2060 45.
2263 1997 2517 2057 decessit
2531 1994 2597 2079 ¹),
2619 2018 2764 2057 num
2785 2018 2853 2057 ex
2873 2016 3103 2057 veneno

479 2087 791 2147 cardinalis
826 2081 1073 2170 (1488),
1107 2087 1210 2146 sed
1240 2086 1482 2146 nonnisi
1516 2097 1569 2149 9.
1593 2088 1762 2145 Mart.
1819 2087 2089 2156 dubium,
2131 2098 2181 2148 1.
2207 2087 2338 2144 Dec.
2379 2096 2564 2152 1521.
2598 2088 2945 2146 Innumeras
2962 2086 3101 2146 reli·

489 2186 651 2239 1492
687 2177 1090 2235 cardinalatus
1141 2176 1476 2253 insignibus
1508 2176 1630 2236 fuit
1660 2176 1764 2236 do·
1820 2177 1955 2250 quit
1991 2176 2294 2252 epistolae,
2328 2175 2562 2235 decreta
2605 2176 2840 2252 aliaque
2889 2195 3103 2235 monu-

481 2272 681 2335 natuS,
728 2266 971 2324 interim
1015 2265 1474 2342 diligentissime
1519 2265 1637 2324 fuit
1669 2265 1763 2325 in·
1821 2269 2024 2324 menta
2055 2269 2182 2334 etc„
2234 2283 2388 2339 quae
2439 2266 2734 2340 stupenda
2783 2266 3105 2325 sedulitate

481 2355 737 2413 stitutus
785 2355 850 2412 in
896 2355 1087 2413 literis
1134 2354 1600 2424 humanioribus,
1627 2355 1765 2430 jure
1822 2355 2099 2431 colligere
2118 2353 2313 2429 coepit
2332 2354 2411 2412 ill.
2434 2354 2587 2412 card.
2607 2354 3102 2431 Hergenroether,

480 2444 761 2503 canonico
792 2448 853 2502 et
882 2444 1191 2521 theologia.
1244 2443 1468 2502 Tristia
1511 2444 1617 2502 diu
1666 2463 1765 2502 ex·
1821 2444 1925 2518 qui
1956 2448 2159 2503 tamen
2177 2445 2368 2502 morte
2388 2448 2749 2517 praeventus
2768 2443 2953 2502 edidit
2970 2446 3104 2501 tan-

483 2540 690 2607 pertus
742 2536 835 2592 est
883 2532 1024 2603 fata,
1087 2536 1221 2607 post
1267 2536 1519 2591 mortem
1565 2536 1766 2591 tamen
1822 2536 1953 2591 tum
2015 2531 2150 2590 fasc.
2205 2542 2263 2602 8,
2326 2532 2547 2607 quibus
2592 2537 2979 2592 recensentur
3028 2532 3105 2591 ad

481 2621 633 2680 Julii
664 2620 738 2679 ΙΙ.
789 2622 1014 2681 electus
1063 2625 1156 2679 est
1204 2622 1268 2679 in
1317 2622 1656 2697 pontificem
1705 2625 1768 2680 et
1823 2641 1872 2685 a.
1945 2631 2106 2686 1515
2143 2621 2494 2680 documenta
2533 2629 2764 2693 18070,
2826 2621 3106 2699 Friburgi

483 2731 616 2770 cum
646 2711 929 2770 diaconus
977 2715 1218 2770 tantum
1250 2715 1425 2781 esset,
1466 2722 1561 2773 15.
1594 2713 1764 2771 Mart.
1838 2720 2282 2774 1894—1901.
2330 2744 2415 2753 —
2465 2711 2628 2770 Sedit
2672 2715 2808 2787 post
2850 2712 3106 2770 Leonem

492 2810 653 2863 1513
706 2801 1012 2859 ordinatus
1059 2804 1152 2858 est
1195 2801 1522 2876 presbyter,
1568 2805 1631 2860 et
1667 2811 1764 2863 17.
1823 2799 1980 2858 Had
1998 2800 2064 2858 ri
2082 2819 2172 2858 an
2191 2819 2232 2858 u
2250 2818 2277 2858 s
2309 2799 2422 2869 VI..
2456 2800 2530 2858 de
2560 2819 2678 2875 quo
2698 2801 2843 2860 alibi
2873 2802 3104 2877 egimus

482 2889 751 2965 ejusdem
813 2890 1029 2948 mensis
1091 2890 1415 2965 episcopus.
1497 2889 1763 2948 Pontifex
1822 2885 1904 2968 (p.
1928 2900 1952 2951 1
1972 2884 2143 2971 217),
2161 2907 2338 2964 quem
2354 2889 3103 2963 excepitOlemensVII.,

481 2997 662 3052 quam
693 2978 944 3036 maxime
975 2979 1271 3054 promovit
1301 2977 1519 3047 studia,
1552 2979 1767 3038 accivit
1823 2976 3103 3054 anteaJuliuscardinalisMediceus,patrue·

482 3068 644 3125 viros
674 3068 738 3125 in
768 3068 961 3126 literis
981 3067 1375 3137 doctissimos,
1411 3067 1652 3144 collegit
1669 3086 1764 3127 co·
1821 3056 1911 3126 lis'
1928 3066 2138 3125 Leonis
2157 3066 2225 3125 X.
2249 3063 2311 3148 (2
2323 3079 2378 3130 0.
2400 3067 2448 3124 N
2457 3087 2547 3129 ov.
2573 3069 3103 3143 1523—26.Sept.

481 3156 661 3226 dices,
692 3155 844 3215 fovit
874 3161 1047 3226 artes,
1081 3156 1292 3215 urbem
1312 3156 1473 3215 orbis
1496 3159 1674 3232 caput
1691 3157 1765 3215 ad
1832 3151 2044 3234 1534).
2077 3156 2438 3215 Tristissima
2455 3158 2584 3231 eJus
2606 3157 2990 3231 pontificatus
3008 3157 3102 3215 in·

483 3263 813 3322 congruum
845 3246 1117 3320 provexit
1163 3245 1551 3322 splendorem.
1616 3245 1764 3304 Con·
1827 3245 1975 3304 cidit
1992 3248 2276 3320 tempora.
2311 3244 2434 3305 Sub
2465 3264 2533 3303 eo
2565 3245 2780 3305 defecit
2810 3246 3106 3305 Heni-icus

482 3335 686 3392 cilium
739 3336 1110 3394 lateranense
1143 3336 1208 3394 V.
1257 3354 1291 3393 a
1321 3335 1489 3394 Julio
1521 3335 1594 3392 11.
1639 3336 1765 3410 jam
1823 3334 1979 3404 Vm,
2001 3352 2136 3392 cum
2153 3352 2263 3392 suo
2279 3353 2462 3411 regno
2482 3334 2827 3394 abEcclesia
2843 3354 3102 3404 romana,

483 3423 826 3483 inchoatum
861 3425 1249 3483 continuavit.
1313 3425 1566 3482 Strenue
1596 3425 1766 3482 nisus
1824 3423 1991 3499 quod
2022 3423 2290 3498 pontifex
2320 3423 2583 3482 noluerit
2624 3424 2867 3482 irritum
2912 3424 3104 3483 decla-

481 3517 576 3572 est
606 3531 954 3588 componere
975 3514 1229 3573 schisma
1249 3516 1310 3572 et
1328 3531 1601 3572 revocare
1622 3513 1766 3572 fide·
1822 3531 1954 3571 rare
2003 3513 2133 3588 ejus
2178 3530 2312 3571 cum
2344 3512 2658 3573 Catharina
2700 3513 2966 3589 legitima
2997 3530 3107 3572 sua

484 3603 570 3661 les
603 3602 678 3661 ad
708 3603 1021 3673 unitatem,
1057 3620 1400 3678 promovere
1420 3621 1653 3661 morum
1675 3620 1766 3660 re·
1822 3619 2002 3660 uxore
2052 3601 2518 3670 matrimonium,
2569 3605 2640 3661 ut
2687 3620 2910 3660 novum
2953 3601 3107 3661 inire

482 3692 914 3760 formationem,
966 3710 1313 3767 componere
1363 3710 1564 3766 pacem
1608 3691 1768 3749 inter
1821 3692 2027 3766 posset
2056 3707 2190 3748 cum
2223 3693 2394 3748 Anna
2425 3691 2650 3767 Boleyn
2684 3691 2923 3750 amasia.
2973 3692 3106 3766 Ipse

485 3781 783 3856 principes
800 3781 1267 3851 Christianos,ut
1278 3781 1768 3854 fortiterpossent
1824 3780 2025 3854 plures
2089 3779 2442 3855 approbavit
2491 3779 2723 3839 ordines
2783 3781 3105 3857 religiosos,

482 3871 810 3929 Turcarum
870 3870 1205 3929 invasiones
1269 3869 1590 3946 comprimi.
1653 3869 1767 3928 Pro
1824 3887 1932 3943 per
1963 3886 2114 3943 quos
2149 3868 2512 3944 inaugurate
2531 3868 2647 3927 fuit
2665 3888 2806 3928 vera
2824 3870 2982 3928 vitae
3012 3888 3106 3928 re—

484 3959 706 4018 tuenda
736 3959 849 4018 fide
881 3960 1085 4034 plures
1109 3959 1310 4034 rejecti
1331 3959 1498 4018 fuere
1517 3976 1764 4029 errores,
1825 3957 2069 4033 ligiosae
2149 3975 2600 4032 quaquaversus
2688 3954 3106 4038 reformatioss).

483 4048 588 4123 qui
621 4048 876 4106 animam
922 4053 1193 4123 spectant
1239 4048 1553 4107 humanam
1585 4050 1768 4123 atque
1825 4046 2035 4104 Plures
2056 4046 2322 4120 ejusdem
2337 4046 2638 4122 epistolas,
2656 4066 2811 4123 quae
2836 4050 3110 4121 spectant

485 4137 761 4195 damnata
811 4138 1057 4196 assertio
1117 4137 1430 4195 veritatem
1480 4133 1764 4217 (rationa-
1821 4172 1900 4176 -—

486 4222 628 4307 lem)
661 4226 960 4283 adversari
992 4242 1160 4301 posse
1189 4226 1435 4284 veritati
1459 4225 1609 4283 fidei.
1645 4225 1767 4284 Sub
1900 4223 1939 4341 Ἴ
1969 4216 2052 4272 Cf·
2080 4216 2246 4285 Plura
2290 4216 2360 4271 de
2406 4233 2471 4271 00
2498 4216 2656 4286 apud
2683 4216 2894 4270 R08008
2921 4217 3108 4271 3¹²0&st

484 4315 614 4390 ipso
645 4314 788 4372 unio
821 4316 1251 4374 Maronitarum
1268 4334 1406 4373 cum
1444 4314 1579 4374 sede
1629 4334 1767 4390 apo,
1826 4288 1916 4343 del
1944 4304 1977 4340 a
2021 4288 2144 4341 vita
2171 4304 2199 4341 e
2227 4287 2314 4341 del
2364 4288 2699 4358 pontificato
2742 4288 2802 4342 di
2829 4287 3014 4342 Leone
3041 4290 3105 4354 X,

486 4403 693 4462 stolica
712 4409 998 4463 renovata
1012 4404 1129 4462 fuit
1166 4404 1361 4462 missis
1398 4403 1472 4462 ad
1491 4421 1591 4462 eos
1612 4423 1739 4461 nun
1824 4359 3107 4442 ⁰u¹1391ur5¹3¹i⁸d⁰⁰u¹f¹entiffimedifflanilssffii

486 4447 494 4458 ’
538 4444 542 4454 ’
1131 4448 1145 4474 ’
1742 4436 1767 4447 “
1825 4430 1979 4485 Jovn
2005 4431 2074 4483 de
2102 4435 2223 4483 vita
2249 4429 2452 4485 Leonis
2478 4430 2545 4486 X.
2572 4431 2629 4484 ll.
2659 4430 2751 4494 1V,
2790 4430 3107 4487 Florentiae

486 4494 590 4551 ciis
641 4496 702 4550 et
752 4494 1141 4552 missionariis
1207 4488 1301 4575 (cf.
1355 4493 1557 4552 Hefele
1607 4493 1765 4562 VIII,
1826 4506 1995 4561 154&
2042 4505 2104 4557 A.
2136 4502 2380 4556 Fabi-oni
2421 4503 2624 4556 Leonis
2657 4502 2723 4555 X.
2767 4502 2901 4567 vita,
2946 4502 3106 4559 Pisae

488 4578 834 4664 832-44),
870 4583 1112 4642 Praeter
1134 4583 1279 4640 alias
1309 4583 1768 4642 constitutiones
1826 4578 1962 4630 1797
1985 4594 1997 4633 ς
2030 4572 2706 4640 Hefele-Hergenroether
2725 4573 2894 4640 ans
2912 4577 3018 4631 892
3034 4591 3107 4631 ss.

486 4672 650 4730 edita
681 4672 797 4730 fuit
831 4672 1131 4747 praeclara
1149 4671 1498 4732 constitutio
1532 4672 1602 4729 de
1635 4691 1769 4730 mu·
1827 4645 3106 4785 (1θῖ)ἕὲέἒὲξὶέθᾱξῧῖῗωᾚὲοξῖῧῘῖέἔὶηἳὲἓ

487 4761 1085 4836 nerepraedicationis
1106 4762 1439 4839 (Hardouin
1452 4761 1549 4828 IX,
1568 4770 1595 4823 1
1613 4769 1768 4822 806-
1826 4791 1995 4847 1337²
2023 4787 2310 4842 Reumonf,
2335 4788 2446 4843 ΚΒ.
2477 4789 2570 4854 ΠΙ,
2596 4793 2847 4845 479-484.
2887 4788 3106 4842 Hes-ele,

463 4850 466 4853 ’
494 4849 705 4930 1809).
772 4850 894 4909 Sub
956 4851 1085 4925 ipso
1129 4851 1383 4926 contigit
1427 4850 1772 4907 tristissima
1827 4858 2279 4928 Hergenroether
2306 4860 2380 4913 IX
2407 4868 2433 4926 ξ
2459 4863 2564 4916 948
2591 4877 2692 4917 ss.:
2719 4864 2826 4917 980
2851 4877 2921 4915 ss.
