3475 5364
371 343 531 395 1297
1177 324 1457 390 Erasmus,
1486 323 1734 380 Didacus
1761 324 1820 378 L.
1847 325 1918 380 de
1944 323 2196 381 Stufiica.
2821 344 2984 401 1298

362 512 521 588 quod
537 512 750 570 merito
766 529 973 588 graves
992 511 1104 570 viri
1125 511 1312 571 critici
1328 511 1644 587 reprehen-
1666 502 1676 571 l
1699 513 1817 579 tur,
1867 513 1939 568 ut
1983 511 2257 570 videatur
2304 531 2373 570 ex
2419 511 2677 571 liberiori
2729 514 2986 588 quadam

362 601 531 668 dunt,
566 601 745 659 nimis
777 601 1047 660 dissonat
1066 602 1290 677 absque
1322 600 1641 659 sufficienti
1700 598 1981 675 carpendi
2028 602 2299 659 sanctum
2345 600 2541 659 virum
2585 601 2828 661 licentia
2857 603 2984 679 glo·

360 690 589 748 ratione
622 712 654 747 a
685 690 957 766 Vulgata.
1009 691 1203 748 Etiam
1235 691 1644 749 annotationes
1698 687 1850 746 riam
1895 687 2013 746 sibi
2057 688 2258 748 facere.
2288 690 2561 750 voluisse.
2624 689 2797 749 Modo
2828 693 2988 751 enim

361 779 586 837 Erasmi
630 785 859 838 merent
904 798 1233 849 censuram,
1287 783 1361 838 ut
1388 784 1522 856 post
1551 783 1645 838 tot
1699 778 1931 836 arianos
1975 782 2228 847 excusat,
2276 797 2396 854 quo
2438 780 2603 855 pium
2648 782 2987 856 praesulem

361 868 502 926 alios
548 869 705 925 idem
754 869 816 931 R.
865 870 1005 929 Sim
1025 887 1117 927 on
1162 869 1318 927 Hist.
1366 870 1494 927 crit.
1542 870 1644 927 des
1699 866 1891 925 acrius
1941 866 2234 926 mordeat:
2286 868 2461 927 modo
2507 888 2659 944 quae
2700 871 2986 930 virtutem

360 957 705 1033 principaux
722 957 1041 1016 Comment.
1073 961 1135 1015 et
1165 977 1211 1017 c.
1250 969 1326 1022 35
1363 958 1643 1027 ostendit,
1701 955 1766 1014 in
1795 973 1864 1013 eo
1896 956 2144 1031 spirant,
2177 956 2323 1015 vitio
2354 955 2680 1040 tribuit¹)‘
2713 964 2820 1017 etc.
2852 961 2987 1020 Non

361 1066 494 1106 nam
530 1053 765 1122 praeter
809 1065 1037 1106 omnem
1087 1066 1324 1122 scopum
1359 1047 1644 1106 declamat
1702 1045 1886 1102 semel
1938 1046 2134 1103 omnia
2183 1064 2359 1121 opera
2406 1046 2638 1105 Erasmi
2686 1049 2989 1124 prohibita

359 1137 422 1193 in
455 1135 789 1205 monachoS,
823 1137 1015 1212 carpit
1046 1137 1278 1195 scholae
1318 1137 1643 1212 theolog08‚
1701 1132 1885 1203 fuere,
1903 1135 2248 1208 praesertim
2267 1135 2628 1212 rigidissime
2643 1136 2871 1195 aPaulo
2887 1137 2984 1205 IV;

361 1229 423 1282 et
467 1227 679 1291 errata,
738 1244 887 1298 quae
945 1226 1079 1284 istis
1144 1226 1475 1301 exprobrat,
1520 1226 1646 1301 ipse
1702 1225 1839 1298 post
1869 1223 2030 1281 varia
2058 1223 2183 1281 fata
2204 1218 2256 1304 2)
2302 1223 2603 1298 prohibita
2635 1226 2989 1301 legebantur

360 1312 518 1372 haud
539 1332 673 1371 raro
691 1314 961 1384 incurrit,
981 1316 1455 1390 assertionesque
1469 1316 1647 1391 plane
1702 1313 1763 1369 in
1797 1311 1996 1371 Indice
2026 1315 2258 1370 tantum
2280 1351 2308 1381 ,
2327 1313 2616 1389 Colloquia
2629 1316 2983 1392 familiaria,

362 1420 636 1460 erroneas
657 1404 951 1461 enunciat.
986 1404 1047 1462 T.
1073 1412 1127 1465 8.
1149 1423 1396 1479 operum
1417 1405 1648 1463 Erasmi
1705 1401 1931 1459 Moriae
1949 1404 2286 1471 encomium,
2303 1402 2510 1478 lingua
2529 1404 2653 1461 sive
2671 1404 2742 1462 de
2759 1405 2986 1482 linquae

365 1492 750 1549 continentur
781 1493 1081 1552 versiones
1101 1494 1401 1552 variorum
1433 1511 1570 1568 opp.
1604 1512 1644 1551 s.
1702 1508 1816 1548 usu
1848 1493 2028 1565 atque
2047 1490 2257 1561 abusu,
2291 1492 2599 1550 christiani
2626 1496 2987 1552 matrimonii

360 1579 529 1638 Joan.
594 1580 1152 1657 chrysostomi,
1206 1581 1645 1652 Athanasii,
1703 1580 1984 1637 institutio
2016 1574 2307 1661 (Basileae
2347 1578 2557 1659 1526),
2591 1583 2659 1639 de
2689 1583 2985 1643 interdicto

361 1668 638 1727 Basilii
672 1673 731 1728 et
764 1670 1148 1746 Origenis.
1183 1672 1380 1731 Tomis
1411 1671 1646 1730 demum
1704 1686 1805 1726 esu
1835 1670 2122 1738 carnium,
2158 1665 2415 1746 Adayia,
2453 1671 2502 1727 si
2537 1689 2656 1730 non
2675 1671 2985 1731 fuerintex

367 1768 422 1820 9.
457 1763 517 1816 et
557 1769 647 1820 10.
695 1761 916 1835 scripta
948 1760 1335 1819 continentur
1365 1760 1651 1836 polemica
1704 1756 1794 1814 ed.
1829 1757 1998 1815 Pauli
2032 1758 2381 1827 Manutii,
2416 1779 2568 1835 quae
2600 1760 2982 1835 permittitur,

363 1850 424 1905 et
453 1848 834 1924 apologetica,
874 1868 1028 1924 quae
1060 1850 1276 1924 passim
1325 1850 1516 1909 edidit
1547 1849 1671 1908 ad-'
1705 1846 2114 1921 prohibentur,
2148 1847 2267 1905 nisi
2286 1854 2695 1924 expurgantur
2713 1849 2839 1907 loca
2854 1868 2984 1908 sus-

363 1954 570 1995 versus
604 1939 976 2013 exceptiones
1009 1942 1212 1998 contra
1249 1939 1480 2015 aliquot
1511 1956 1648 1997 suas
1706 1938 1892 2010 pecta;
1943 1954 2137 2011 opera,
2192 1936 2257 1994 in
2304 1937 2525 2011 quibus
2575 1937 2648 1996 de
2695 1939 2985 2015 religione

362 2024 666 2101 opiniones
685 2033 745 2084 et
759 2027 1112 2086 assertiones
1130 2023 1195 2110 ¹).
1217 2029 1466 2104 Operam
1483 2046 1649 2103 prae-
1704 2026 1940 2093 tractat,
1974 2024 2161 2083 donec
2190 2029 2632 2102 expurgentur3
2667 2026 2987 2101 Parafrasi

360 2117 522 2172 terea
570 2116 827 2174 contulit
876 2117 945 2174 ad
997 2116 1316 2176 editionem
1377 2136 1509 2192 opp.
1576 2135 1647 2175 ss.
1703 2131 1884 2186 sopra
1913 2132 1959 2172 8.
1994 2113 2205 2173 Matteo
2251 2114 2510 2173 tradotte
2554 2115 2629 2174 da
2658 2118 2982 2176 Bernar-

360 2203 702 2279 Irenaei,
811 2205 1232 2275 Ambrosii,
1342 2206 1647 2275 Hilarii,
1705 2202 1887 2261 dino
1932 2202 2305 2262 Tomitano.‘
2370 2204 2541 2263 Modo
2591 2205 2735 2264 haec
2782 2206 2984 2265 Indice

364 2292 835 2369 Hieronymi,
870 2293 1253 2364 Eucherii,
1288 2295 1649 2371 Gregorii
1705 2296 1973 2368 exempta
2007 2294 2164 2350 sunt.

362 2400 541 2449 naz.,
578 2382 978 2457 Cypriani,
1016 2384 1317 2450 Basilii,
1354 2389 1649 2461 Augus-

363 2470 533 2537 tini,
570 2471 1023 2541 Athanasii,
1045 2473 1352 2549 Algerii
1385 2472 1640 2532 leodien·
1798 2479 1938 2533 606.
1991 2471 2156 2529 Inter
2211 2488 2328 2539 803,
2393 2471 2498 2545 qui
2565 2477 2769 2530 contra
2819 2473 2981 2533 labo·

362 2559 444 2617 sis
492 2555 585 2639 (ef.
646 2556 768 2639 14),
822 2561 1178 2632 Arnobii‚
1231 2563 1646 2638 Haymonis
1702 2577 1796 2616 res
1857 2558 2103 2619 biblicos
2162 2559 2455 2617 Erasmi
2533 2559 2981 2643 s‹·ripserunt³),

360 2648 659 2711 Halberst.
692 2651 800 2708 etc.
835 2649 1060 2708 Hilarii
1089 2669 1267 2728 opera
1295 2651 1648 2727 prodierunt
1702 2666 1953 2726 magnae
2014 2648 2394 2709 auctoritatis
2471 2651 2564 2708 est
2638 2650 2980 2712 Didacus

361 2738 625 2797 Basileae
677 2747 875 2802 1523:
935 2749 1128 2811 15353
1175 2742 1273 2799 sed
1323 2746 1558 2817 praeter
1588 2741 1646 2802 ll.
1701 2737 1942 2813 Lopez
1991 2738 2064 2797 de
2113 2738 2347 2815 Zufiiga
2378 2736 2673 2821 (Stunica)
2714 2759 2870 2800 unus
2913 2760 2981 2800 ex

361 2828 430 2884 de
472 2828 755 2886 Trinitate
786 2828 881 2887 vix
914 2830 1061 2888 alios
1093 2830 1164 2887 ad
1199 2848 1337 2889 mss.
1361 2831 1530 2889 fidem
1553 2850 1643 2889 re·
1700 2827 2036 2902 praecipuis
2110 2828 2478 2904 polyglottae
2552 2830 2982 2903 complutensis

360 2917 637 2991 cognovit
684 2920 746 2975 et
794 2936 892 2977 eos
951 2919 1187 2994 quidem
1248 2939 1368 2978 non
1430 2939 1647 2996 magno
1703 2915 2037 2976 editoribus
2071 2913 2130 2999 (†
2173 2927 2334 2980 1530
2368 2919 2465 2977 vel
2505 2914 2717 2999 1531),
2774 2920 2981 2988 »theo-

361 3005 625 3064 examine
656 3006 924 3066 adhibito
957 3009 1225 3067 correxit.
1259 3010 1328 3067 In
1361 3009 1645 3068 declama·
1701 3005 1876 3081 logus
1897 3006 2081 3064 latine
2095 3024 2418 3083 graeceque
2432 3006 2660 3077 doctus,
2679 3025 2982 3069 sacrarum

360 3095 515 3152 toria
558 3113 695 3153 vero
741 3113 850 3153 sua
893 3097 1271 3171 praefatione,
1323 3117 1474 3173 quae
1506 3102 1567 3156 et
1600 3117 1644 3157 s.
1701 3095 2230 3155 ecclesiasticarum
2272 3096 2654 3155 historiarum
2690 3098 2981 3172 peritissi-

360 3182 740 3257 inquisitioni
761 3203 1032 3243 romanae
1063 3190 1126 3244 et
1146 3187 1459 3260 parisiensi
1478 3187 1644 3246 theo·
1701 3202 1854 3253 mus,
1905 3184 2133 3262 ingenii
2183 3185 2419 3243 candidi
2469 3188 2530 3243 et
2574 3204 2753 3262 supra
2802 3207 2977 3263 quam

360 3271 584 3346 logicae
616 3271 890 3331 facultati
924 3275 1192 3332 censuris
1226 3275 1406 3351 digna
1435 3276 1646 3334 merito
1701 3273 1859 3331 credi
1891 3277 2093 3347 potest
2124 3274 2358 3342 urbani,
2381 3275 2662 3350 quodque
2678 3274 2769 3333 his
2790 3278 2981 3335 multo

360 3360 486 3418 visa
504 3363 609 3431 est,
647 3361 1042 3432 ,vanissimis,
1076 3363 1481 3422 utGillotii
1516 3383 1646 3422 ver·
1704 3363 1897 3436 majus
1919 3366 2062 3431 erat,
2085 3363 2608 3421 innocentissimae
2638 3363 2796 3424 vitae
2819 3384 2977 3423 sum-

360 3449 448 3506 bis
478 3456 738 3521 utamur,
785 3446 1342 3527 contumeliosisque
1386 3452 1646 3528 disgres-
1702 3469 1951 3525 maeque
1986 3469 2102 3509 non
2133 3469 2364 3509 morum
2395 3454 2634 3510 tantum
2666 3452 2769 3510 sed
2801 3453 2978 3512 etiam

359 3538 644 3608 sionibus,
679 3558 829 3614 quas
860 3540 1141 3616 gratiosis
1171 3542 1647 3601 excusationibus
1703 3539 2017 3597 verborum
2052 3540 2400 3610 honestatis,
2449 3541 2571 3598 veri
2616 3542 2666 3598 si
2698 3543 2835 3615 quis
2865 3562 2978 3601 un*

360 3627 628 3698 involvit,
678 3629 940 3703 plurima
982 3630 1202 3688 Hilarii
1248 3630 1406 3689 dicta
1450 3634 1645 3707 gesta·
1703 3647 1881 3703 quam
1913 3628 2354 3686 amantissimus
2405 3634 2466 3686 et
2499 3648 2780 3705 perquam
2813 3650 2980 3707 egre-

358 3735 474 3791 que
506 3715 806 3775 sinistram
838 3719 902 3776 in
934 3721 1162 3794 partem
1188 3720 1274 3779 sic
1292 3720 1645 3796 interpreta-
1700 3716 1838 3794 gius
1872 3717 2114 3791 pietatis
2144 3717 2366 3776 cultor:
2419 3717 2522 3792 qui
2573 3736 2692 3778 nou
2724 3721 2979 3779 malevo-

1700 3807 1903 3875 lentia,
1923 3806 2025 3864 sed
2054 3806 2327 3864 veritatis
2357 3806 2559 3865 studio
2587 3807 2653 3865 in
2669 3808 2977 3867 Erasmum

438 3892 471 3950 ¹)
501 3888 725 3958 Scripta
759 3888 1041 3958 POlssfflissa
1075 3889 1348 3943 adverfflfl
1382 3893 1642 3943 amotores
1700 3894 2005 3970 scripsisse
2025 3913 2086 3954 se
2107 3894 2362 3953 moriens
2382 3914 2500 3955 non
2520 3896 2765 3955 obscure
2786 3898 2980 3956 decla-

356 3959 665 4082 ffthfflieoe
704 3963 960 4060 ‘feenges'
1000 3960 1205 4048 Mane}
1239 3960 1643 4062 Pepenflefflss·
1684 3979 2282 4064 >ravit-¹)3Quocirea
2297 3983 2486 4043 edidit
2500 3986 2977 4066 Annotationes-ss)

411 4032 654 4101 amburg
682 4035 821 4088 1828
848 4033 881 4097 l,
904 4036 1205 4089 317--5012
1235 4035 1475 4101 bcnpsit
1489 4048 1643 4086 emm

358 4101 629 4155 adversus
656 4101 699 4153 P
717 4119 745 4155 e
761 4105 829 4155 tr
844 4121 882 4156 u
901 4123 954 4156 m
984 4103 1019 4156 S
1036 4121 1075 4156 u
1094 4105 1119 4155 t
1134 4119 1166 4157 o
1183 4121 1210 4156 r
1227 4105 1245 4156 i
1264 4122 1306 4164 s,
1333 4103 1642 4157 monachos

358 4173 635 4238 quosdam
717 4174 1008 4243 hispanos,
1070 4174 1370 4228 Albertum
1437 4173 1643 4229 Pium
1776 4177 1815 4254 ¹)
1842 4172 2213 4228 Constantius
2238 4173 2418 4242 praef.
2443 4188 2571 4242 gen.
2599 4173 2673 4226 ad
2700 4191 2861 4228 suam
2885 4174 2977 4228 Hi-

358 4244 648 4311 quondam
665 4244 977 4315 Carporum
996 4246 1329 4315 principem,
1348 4245 1642 4300 Sanctium
1698 4245 1829 4299 larii
1855 4261 1946 4313 op.
1975 4244 2282 4298 editionem
2309 4262 2366 4298 n.
2394 4249 2444 4299 6.

357 4313 397 4367 C
415 4330 538 4366 ara
554 4333 591 4368 n
610 4337 638 4371 z
654 4332 686 4367 a
708 4333 774 4381 m,
834 4316 1018 4385 Lopez
1069 4317 1106 4370 S
1124 4320 1199 4370 tu
1219 4335 1255 4370 n
1275 4317 1339 4370 ic
1356 4334 1472 4381 am,
1538 4316 1641 4370 Ed.
1778 4325 1815 4383 Ὺ)
1846 4314 1929 4371 Cf.
1955 4315 2173 4369 Reusch
2201 4315 2373 4369 Iudex
2401 4316 2440 4380 l,
2466 4320 2570 4372 347
2599 4333 2668 4375 as,

357 4385 399 4437 L
415 4401 443 4438 e
460 4402 505 4446 e,
572 4386 705 4439 Nic
721 4403 753 4440 o
772 4387 843 4440 la
862 4405 898 4441 u
921 4406 974 4440 m
1039 4387 1472 4442 Ecmondanum
1537 4391 1640 4443 etc.
1771 4391 1811 4459 ⁸)
1840 4387 2068 4442 Praeter
2094 4402 2204 4453 eos,
2232 4403 2376 4454 quos
2402 4404 2532 4440 mox
2559 4387 2978 4441 nominavimus

354 4456 668 4525 Apologiae
695 4457 966 4511 adversus
1004 4460 1108 4513 hos
1135 4458 1393 4528 aliosque
1419 4458 1642 4529 prodie·
1697 4458 1789 4511 vel
1817 4457 2199 4523 laudabimus,
2244 4457 2415 4511 etiam
2445 4457 2868 4529 Dietenberger,
2909 4459 2977 4512 de

355 4530 495 4581 runt
512 4529 866 4597 conjunctim
884 4530 1139 4583 Basileae
1156 4535 1294 4587 1522
1320 4531 1383 4583 in
1410 4531 1449 4585 f.
1476 4530 1527 4583 N
1532 4530 1641 4585 ico·
1697 4547 1811 4599 quo
1836 4529 1990 4583 inira
2017 4530 2337 4596 loquemur.
2537 4575 2545 4580 .

356 4598 483 4652 laus
524 4601 564 4651 B
583 4615 662 4652 ac
680 4600 807 4653 ehe
827 4619 881 4653 m
922 4601 1239 4674 (Bacchum)
1279 4602 1640 4672 cognomina·
1768 4603 1811 4672 ⁴)
1840 4603 1925 4655 lta
1951 4600 2313 4655 doctissimus
2350 4601 2436 4654 Jo.
2477 4599 2615 4656 Gen.
2655 4600 2977 4669 Sepulveda

354 4673 464 4733 tus,
510 4671 741 4724 natione
785 4672 979 4742 Belga,
1022 4673 1084 4727 Ο.
1113 4672 1313 4740 Carm.,
1355 4673 1641 4741 professor
1693 4671 1757 4725 in
1776 4673 1943 4742 Apol.
1970 4671 2044 4725 ad
2061 4671 2375 4726 Erasmum.
2405 4671 2488 4726 cf.
2507 4671 2631 4727 Nic.
2647 4674 2780 4724 Ant.
2799 4673 2839 4736 I,
2855 4676 2975 4728 295.

357 4741 700 4795 lovaniensis
727 4753 774 4812 (ἡ
800 4748 885 4799 24.
915 4746 1059 4814 Aug.
1082 4748 1239 4809 1526)
1268 4744 1357 4798 his
1374 4745 1637 4810 addatur,
1768 4752 1808 4810 ὁ)
1837 4745 1902 4798 Ιιι
1937 4744 2119 4797 dieser
2157 4746 2341 4797 ersten
2370 4743 2585 4797 Schrift
2627 4743 2893 4797 handelte
2921 4759 2978 4795 es

354 4813 453 4880 qui
470 4818 528 4867 et
552 4816 958 4868 commentaria
979 4815 1216 4885 reliquit
1234 4816 1293 4868 iu
1315 4817 1414 4871 Ev.
1437 4834 1477 4872 s.
1502 4817 1639 4870 Mat-
1693 4815 1812 4869 sich
1841 4815 2176 4870 wesentlich
2206 4832 2300 4867 um
2329 4814 2604 4868 kritische
2631 4814 2978 4868 Bemerkun·

353 4884 509 4937 thaei
534 4887 592 4938 et
616 4884 781 4939 Pauli
810 4903 897 4955 ep.
1692 4902 1821 4956 gen,
1852 4886 1961 4940 mit
2003 4885 2188 4941 denen
2225 4885 2462 4939 Stunica
2508 4885 2755 4939 vielfach
2797 4884 2980 4939 Recht
