3475 5364
347 356 369 407 l
387 356 419 409 5
432 354 464 407 2
478 356 504 406 1
1205 339 1241 394 J
1243 355 1293 393 o.
1322 338 1446 393 Alb.
1474 337 1947 392 Widmanstetter
1972 342 2077 393 etc.
2790 357 2808 407 1
2829 357 2860 409 5
2873 357 2904 409 2
2917 355 2949 407 2

338 523 604 582 monium
637 523 709 581 de
740 523 936 581 tribus
969 523 1226 582 testibus
1267 536 1289 587 1
1333 524 1424 583 Jo.
1459 535 1513 595 5,
1550 535 1618 592 73
1676 524 2078 582 Bistorius
2111 523 2459 586 O.Carm.n.
2485 524 2747 587 25.Jun.
2787 535 2951 588 1492

338 631 425 687 ep.
465 612 522 670 b.
554 612 717 670 Petri
751 612 835 675 11;
884 613 1130 671 Joannis
1162 613 1236 671 11.
1270 617 1332 672 et
1361 614 1479 685 111;
1528 634 1617 690 ep.
1675 613 1739 671 in
1770 612 2052 670 Hetruria
2084 611 2145 692 (†
2182 622 2234 673 7.
2270 614 2402 671 Dec.
2443 610 2635 692 1556)
2687 618 2955 674 astrono-

337 701 530 759 Judae
591 705 653 759 et
702 702 1107 778 Apocalypsis,
1171 704 1316 778 quia
1376 704 1621 762 deerant
1674 720 1808 760 mus
1841 706 1970 760 erat
2000 705 2062 760 et
2081 702 2186 760 diu
2209 701 2490 760 mathesis
2513 704 2827 776 professor,
2849 704 2954 779 qui

338 790 573 849 duobus
605 790 1033 849 vetustissimis
1055 791 1235 861 codd,
1270 811 1420 867 quos
1455 812 1619 852 secu·
1675 792 1917 867 scripsit
1949 791 2128 849 etiam
2161 792 2222 849 in
2245 792 2598 868 magistrum
2634 794 2955 850 sententia·

337 883 438 938 tus
470 884 593 949 est3
627 881 923 954 praecedit
954 899 1042 955 ep.
1066 880 1467 940 eruditissima
1481 883 1618 940 Fer·
1674 880 2237 938 rum.-—-Ma1·tinus
2259 881 2685 939 Accursius
2720 882 2791 939 de
2809 882 2952 939 Vas·

338 968 596 1028 dinando
647 970 690 1027 1.
738 969 946 1035 dicata,
995 970 1083 1031 ed.
1129 989 1369 1044 prorsus
1419 971 1618 1046 splen·-
1672 971 1821 1028 talla
1853 965 2171 1050 (Vastella)
2206 969 2471 1044 ejusdem
2505 970 2625 1027 ord.
2661 971 2952 1041 Senensis,

338 1057 491 1126 dida,
543 1058 800 1134 primum
851 1076 999 1134 opus
1046 1058 1238 1118 literis
1286 1060 1526 1136 syriacis
1556 1060 1618 1119 in
1673 1059 1737 1116 in
1769 1058 2067 1117 academia
2090 1059 2279 1133 patria
2309 1063 2437 1116 erat
2469 1079 2517 1116 a.
2545 1069 2623 1121 30
2658 1061 2956 1134 professor

337 1147 613 1221 partibus
665 1146 1128 1205 occidentalibus
1178 1148 1537 1225 impressum
1555 1146 1618 1230 ¹).
1677 1144 1737 1225 (†
1778 1160 1828 1210 1.
1860 1148 2008 1205 Nov.
2050 1146 2260 1227 1563).
2284 1148 2607 1205 —Petrus
2640 1149 2954 1207 Alexan-

339 1236 617 1310 Syriacae
647 1237 872 1312 linquae
897 1238 1097 1311 prima
1131 1238 1415 1314 elementa,
1442 1239 1616 1297 Vien-
1675 1239 1807 1295 der
1882 1237 2298 1294 Atrebatensis
2377 1237 2442 1295 O.
2504 1237 2686 1295 Carm.
2767 1236 2846 1317 (fl.
2908 1256 2953 1295 c.

339 1342 450 1382 nae
513 1335 708 1396 15563
761 1325 1081 1383 sacrarum
1127 1330 1619 1386 caeremoniarum
1684 1324 1893 1400 1554),
1958 1325 2391 1385 commentariis
2467 1326 2798 1385 illustravit
2865 1346 2953 1402 ep.

340 1414 464 1471 sive
486 1413 714 1472 rituum
734 1415 1260 1474 ecclesiasticorum
1283 1435 1326 1475 s.
1341 1436 1619 1476 romanae
1675 1416 1750 1474 ad
1814 1416 2102 1473 Romanos
2153 1418 2215 1472 et
2264 1414 2337 1472 ad
2389 1415 2722 1473 Corinthios
2772 1420 2952 1491 atque

343 1502 636 1561 Ecclesiae
668 1503 728 1560 ll.
769 1513 836 1572 33
885 1504 1302 1564 Mohammedis
1344 1507 1620 1583 theoloyia
1674 1504 1961 1563 disseruit
1992 1504 2063 1561 de
2095 1503 2487 1583 matrimonio,
2522 1504 2593 1562 de
2624 1505 2953 1579 praescien-

342 1590 572 1667 dialogo
634 1592 926 1667 explicata
996 1611 1129 1652 cum
1180 1595 1339 1653 notis
1415 1602 1621 1654 contra
1674 1595 1777 1664 tia,
1814 1593 1885 1651 de
1918 1594 2468 1668 praedestinatione,
2504 1592 2576 1650 de
2608 1595 2954 1670 purgatorio

340 1680 764 1738 Mohammedis
795 1680 1077 1758 dogmata
1109 1686 1169 1740 et
1189 1684 1451 1759 ejusdem
1474 1685 1617 1755 vita,
1674 1687 1783 1742 etc.
1834 1717 1921 1725 —
1970 1681 2228 1740 Joannes
2291 1684 2341 1739 A
2361 1701 2402 1740 u
2422 1701 2462 1757 g
2483 1701 2524 1739 u
2543 1701 2569 1740 s
2589 1683 2654 1741 ti
2676 1703 2715 1740 n
2734 1703 2775 1741 u
2796 1701 2823 1741 s
2883 1683 2956 1742 de

339 1773 543 1827 contra
591 1770 959 1830 Lutheranos
993 1769 1253 1853 (1543);
1299 1775 1618 1851 cataloqum
1677 1775 1722 1830 B
1746 1791 1827 1829 as
1852 1790 1878 1829 s
1899 1772 1919 1829 i
1943 1790 2034 1829 an
2057 1791 2089 1828 ο
2142 1767 2562 1851 (Bassaninus)
2615 1772 2678 1829 Ο.
2715 1771 2768 1829 S.
2802 1774 2953 1848 Aug.

339 1859 902 1933 archiepiscoporum
977 1862 1488 1939 salisburyensium
1556 1864 1617 1921 in
1678 1861 2030 1929 vicentinae,
2078 1860 2413 1936 theologiae
2457 1861 2760 1937 magister,
2796 1862 2957 1936 prior

339 1946 791 2023 Oosmographia
842 1950 970 2012 Seb.
1024 1951 1290 2010 Miinster
1347 1962 1506 2014 1550
1561 1972 1617 2028 p.
1673 1951 1736 2009 in
1758 1951 1939 2009 variis
1959 1949 2186 2007 ordinis
2217 1949 2608 2009 conventibus
2626 1946 2685 2030 (†
2709 1950 2952 2011 1‹·.Jan.

340 2057 396 2112 p.
450 2046 770 2099 638-41.
837 2039 1214 2097 Ratisbonam
1267 2042 1511 2100 secessit
1559 2046 1619 2099 et
1683 2050 1800 2102 155
1817 2035 1895 2119 7),
1949 2039 2370 2097 catechismum
2419 2038 2596 2096 etiam
2643 2039 2954 2098 concinna·

339 2125 621 2183 defuncta
682 2146 860 2186 uxore
922 2130 1298 2187 renunciavit
1346 2131 1620 2189 omnibus
1674 2129 1762 2186 vit
1794 2144 1899 2202 pro
1949 2127 2097 2185 urbe
2147 2129 2542 2203 neapolitana.
2574 2161 2661 2170 —
2694 2127 2954 2203 Alphon·

340 2215 689 2273 muneribus
751 2218 813 2274 et
861 2216 1255 2292 dignitatibus
1307 2236 1619 2294 sacrosque
1676 2236 1777 2276 sus
1810 2216 2020 2274 Gudiel
2053 2217 2117 2277 Ο.
2154 2217 2207 2273 S
2242 2220 2308 2273 A.
2355 2217 2673 2292 HispanuS,
2724 2218 2785 2275 in
2820 2218 2953 2276 uni·

341 2303 603 2377 suscepit
663 2304 913 2363 ordines,
976 2306 1244 2364 Decessit
1303 2308 1618 2366 canonicus
1673 2306 1954 2365 versitate
2001 2306 2232 2364 oscensi
2278 2306 2618 2381 primariam
2665 2307 2818 2364 rexit
2862 2325 2954 2365 ca·

339 2391 773 2451 ratisbonensis
807 2412 1008 2452 mense
1039 2394 1252 2453 Martio
1296 2407 1455 2459 1557
1479 2419 1493 2467 3
1528 2415 1614 2454 se·
1674 2396 1944 2453 thedram
1988 2399 2052 2452 et
2094 2395 2155 2452 in
2205 2396 2505 2453 academia
2550 2396 2860 2453 ossunensi
2911 2415 2953 2453 s.

340 2480 601 2538 cundum
621 2478 1079 2565 Asohbaeh2)
1116 2485 1296 2542 vitam
1330 2486 1621 2560 protraxit
1676 2483 2042 2559 Scripturam
2074 2484 2609 2559 estinterpretatus
2630 2482 2712 2565 (fl.
2742 2480 2954 2563 1559).

339 2568 412 2626 ad
458 2588 506 2626 a·
549 2580 733 2633 1575.
767 2606 854 2615 —
887 2573 1121 2631 Novum
1172 2575 1619 2633 concordantiae
1675 2574 1872 2648 Hujus
1922 2574 2347 2631 commentaria
2393 2574 2456 2631 in
2502 2592 2545 2631 s.
2590 2573 2953 2648 Scripturarn

338 2658 632 2733 specimen
677 2660 842 2720 dedit
884 2661 1277 2722 Henricus
1328 2664 1620 2742 Regius
1675 2662 2081 2722 eruditissima
2112 2663 2410 2721 dicuntur.
2438 2662 2954 2721 —Ferdinan-

341 2749 405 2807 Ο.
439 2748 579 2807 Min.
612 2751 978 2825 guardianus
1021 2752 1378 2812 sverinensis
1411 2757 1472 2813 et
1502 2755 1619 2812 cla·
1675 2753 1813 2811 dus
1862 2752 1934 2811 de
1996 2752 2229 2810 Barco
2293 2751 2357 2813 Ο.
2405 2753 2588 2810 Carm.
2641 2752 2957 2811 Abulensis

338 2838 611 2897 tissimus
643 2840 922 2899 adversus
972 2847 1288 2900 novatores
1321 2844 1619 2902 ecclesias·
1675 2841 1876 2901 Carolo
1913 2840 1972 2897 V.
2009 2861 2045 2899 a
2075 2841 2474 2910 concionibus,
2508 2842 2819 2917 episcopus
2851 2843 2955 2900 Sa·

337 2931 429 2985 tes
484 2925 545 3006 (†
578 2949 622 2985 c.
665 2925 877 3008 1555),
926 2930 989 2988 in
1036 2950 1125 3005 op.
1162 2931 1360 2990 Biblia
1410 2935 1618 3007 alpha·
1673 2930 1843 2990 lonae
1908 2927 2140 3012 (1521;
2205 2928 2240 2996 †
2301 2927 2512 3010 1548).
2564 2964 2649 2974 ——
2695 2920 2958 2989 Joannes

338 3016 513 3072 betica
547 3016 611 3074 in
643 3019 791 3076 hanc
825 3019 1154 3077 Euchiridii
1204 3019 1521 3080 formulam
1553 3042 1621 3080 ea
1675 3022 2050 3078 Barettus
2112 3020 2362 3095 Anglus‚
2411 3019 2617 3078 doctor
2661 3020 2958 3078 cantabri-

338 3105 566 3161 ratione
598 3106 850 3176 redacta,
899 3111 970 3165 ut
1002 3109 1115 3166 sub
1147 3110 1417 3184 qualibet
1448 3112 1622 3169 litera
1676 3110 1914 3186 giensis,
1980 3108 2116 3166 fidei
2177 3109 2497 3167 catholicae
2547 3109 2960 3168 tenacissimus

339 3193 409 3249 N.
442 3210 508 3251 ac
532 3193 594 3251 V.
630 3194 1013 3253 instrumenti
1034 3197 1420 3257 auctoritates
1442 3201 1621 3258 etiam
1679 3196 1760 3279 (fl.
1848 3193 2060 3276 1556),
2126 3203 2186 3255 et
2246 3198 2511 3257 «Ioannes
2574 3199 2621 3256 B
2643 3200 2959 3256 onessel

341 3282 808 3357 amonosyllabis
821 3289 883 3342 et
897 3284 1172 3359 partibus
1186 3286 1621 3347 indeclinabili·
1678 3287 1885 3346 Gallus
1921 3285 1981 3366 (†
2011 3283 2223 3366 1545),
2259 3287 2364 3361 qui
2397 3289 2573 3344 etiam
2607 3287 2957 3363 magistrum

340 3371 453 3428 bus
487 3371 729 3428 initium
762 3377 1081 3443 sumenteS,
1117 3375 1403 3434 candidus
1436 3378 1622 3435 lector
1677 3376 2109 3434 sententiarum
2188 3376 2481 3449 exposuit,
2563 3378 2815 3450 uterque
2893 3376 2957 3433 Ο.

337 3460 529 3534 prima
577 3459 771 3517 fronte
821 3462 1091 3537 reperiat,
1140 3462 1356 3523 additis
1403 3465 1619 3525 nihilo·
1678 3465 1859 3522 carm.
1895 3497 1977 3506 --
2013 3463 2304 3521 Henricus
2350 3465 2664 3539 Mauroy
2716 3463 2782 3526 Ο.
2815 3464 2957 3522 Min.

338 3548 535 3607 minus
587 3549 849 3624 capitum
895 3551 1277 3627 locorumque
1322 3555 1620 3613 citationi·
1677 3553 1901 3622 Gallus,
1950 3553 2322 3611 concionator
2366 3552 2657 3610 facundus
2675 3550 2740 3632 ι),
2787 3553 2958 3628 cujus

340 3637 760 3706 bus‚Coloniae
789 3649 953 3703 1535
978 3641 1043 3698 in
1065 3651 1117 3702 4.
1155 3675 1233 3684 —
1271 3643 1618 3702 Francis·
1677 3641 2097 3700 commentaria
2126 3641 2188 3699 in
2221 3661 2309 3717 ep.
2344 3642 2518 3699 Pauli
2552 3641 2625 3700 ad
2658 3642 2959 3701 Hebraeos

338 3744 471 3785 cus
504 3727 737 3786 Arola
787 3727 849 3787 Ο.
886 3729 1026 3790 Min.
1059 3731 1386 3807 theologiae
1418 3732 1623 3792 doctor
1675 3747 1798 3789 non
1811 3730 2178 3804 prodierunt,
2194 3731 2294 3789 sed
2307 3732 2572 3806 apoloqia
2580 3748 2699 3803 pro
2714 3731 2962 3789 Judaeis

340 3816 717 3876 concinnavit
791 3820 1230 3878 concordantias
1297 3821 1619 3890 bibliorum,
1679 3816 2018 3877 christianis
2062 3823 2123 3876 et
2168 3819 2260 3886 iis,
2309 3821 2413 3894 qui
2447 3838 2516 3877 ex
2548 3820 2822 3895 reliquiis
2855 3840 2956 3895 pa·

342 3925 493 3980 quae
525 3905 802 3983 Lugduni
844 3917 1027 3970 1551.
1059 3908 1424 3984 prodierunt.
1676 3908 2068 3967 triarcharum
2113 3909 2208 3983 pie
2254 3915 2313 3966 et
2360 3914 2561 3967 sancte
2608 3910 2678 3967 de
2725 3910 2957 3968 Christo

1678 3998 1713 4055 J
1719 4017 1827 4057 esu
1858 4003 1919 4055 et
1949 3996 2065 4054 fide
2099 3999 2386 4056 catholica
2437 3999 2724 4068 sentiunt,
2771 3999 2835 4056 in
2865 4017 2957 4056 ar-

435 4112 576 4163 694.
613 4103 938 4161 Multorum
971 4123 1145 4180 opera
1178 4106 1242 4163 in
1275 4125 1317 4162 s,
1352 4105 1621 4180 Scriptu-
1676 4087 2117 4162 ohiepiSCOPUffl
2194 4087 2524 4146 toletanum
2587 4091 2646 4145 θῒ
2708 4089 2959 4146 88560188

308 4208 464 4278 οιτηῐ)
515 4199 864 4251 manserunt
917 4194 1150 4260 inedita,
1212 4213 1465 4269 quorum
1514 4196 1620 4253 ali·

340 4297 489 4353 quos
540 4281 878 4339 nominasse
928 4282 1194 4344 sufficiet.
1247 4284 1621 4342 Julianus

1759 4334 1792 4398 ¹)
1822 4329 1884 4380 In
1914 4328 2163 4396 quadam
2204 4329 2475 4382 concione
2503 4331 2772 4396 quartum
2802 4329 2961 4383 velut

1675 4399 1901 4453 invexit
1920 4399 2288 4469 baptismum,
2310 4399 2477 4453 fidem
2495 4399 2614 4455 scil.
2679 4403 2957 4464 arentum,

1678 4487 1826 4538 quae
1854 4471 1913 4524 in
1942 4488 2075 4524 casu
2104 4470 2458 4524 necessitatis
2484 4488 2632 4541 supp
2660 4488 2752 4526 ere
2779 4472 2960 4541 possit

420 4544 456 4610 ¹)
488 4539 624 4593 Eam
651 4541 739 4597 ed.
765 4545 1027 4597 accurate
1067 4543 1335 4597 describit
1362 4542 1535 4597 Denis
1560 4544 1622 4597 in
1680 4541 2030 4612 baptismum
2058 4557 2259 4609 aquae,
2289 4559 2460 4610 quam
2489 4542 2807 4596 doctrinam
2838 4543 2958 4595 Sor·

343 4612 927 4682 Merkwiirdigkeiten
956 4614 1055 4667 der
1081 4613 1468 4669 Garellischen
1495 4614 1621 4670 Bib·
1679 4615 1869 4667 bonna.
1885 4631 1933 4668 a.
1952 4618 2089 4670 1542
2106 4614 2448 4683 reprobavit.
2469 4617 2535 4667 ut
2552 4614 2957 4678 ‚temerariam,

343 4682 564 4737 liothek
592 4702 647 4753 p.
676 4689 978 4741 285—291.
1677 4685 2082 4750 scandalosam‚
2146 4685 2541 4750 haereticam“‚
2610 4689 2661 4739 st
2721 4684 2959 4753 Mauroy

414 4761 456 4818 ²)
486 4755 685 4809 Gesch.
726 4755 827 4809 der
870 4756 1125 4812 Univers.
1167 4756 1337 4809 Wien
1379 4756 1472 4822 lII,
1498 4762 1621 4814 ⁶299.
1676 4757 1914 4810 adactus
1955 4759 2040 4809 est
2078 4773 2239 4809 suam
2281 4759 2585 4810 retractare
2612 4756 2959 4824 opinionem.

343 4825 425 4879 cf.
467 4825 684 4882 Riezler
726 4827 875 4896 Aug.
922 4828 1195 4882 deutsche
1241 4827 1428 4899 Biogr.
1456 4829 1619 4894 XLn,
1677 4827 1761 4882 cf.
1792 4828 1955 4881 Feret
1979 4828 2057 4880 La
2085 4829 2188 4882 fac.
2216 4827 2287 4880 de
2315 4827 2512 4883 Theol.
2533 4828 2604 4882 de
2624 4828 2798 4890 Paris,
2818 4828 2960 4897 Epo-

341 4901 606 4955 357—61.
1678 4916 1791 4967 que
1817 4899 1966 4953 mod.
1994 4900 2032 4964 l,
2059 4903 2165 4955 369
2192 4915 2232 4953 s.
