3475 5364
271 392 358 444 33
1221 371 1478 441 Ogerius,
1506 372 1988 443 Theophylactus.
2821 391 2901 445 34

268 559 468 619 tensis
502 558 659 617 OSB.
693 554 775 640 (c.
806 578 859 621 a.
902 555 1113 636 1120),
1161 577 1313 633 quae
1344 557 1568 634 prodiit
1621 576 1786 616 mum
1851 559 2049 617 utitur
2110 558 2546 634 chrysostomo,
2612 578 2786 634 quem
2837 560 2900 619 in

268 650 437 708 inter
497 667 678 723 opera
742 666 787 711 s,
854 648 1246 706 Brunonis
1319 646 1564 723 signini,
1621 646 2037 722 compendium
2054 647 2291 724 redigit,
2325 647 2580 722 aliisque
2598 647 2777 706 etiam
2799 668 2901 725 pa·

272 737 545 796 Venetiis
575 748 600 799 1
617 747 737 801 651
765 758 780 807 3
813 737 881 795 in
899 736 1111 812 patrol.
1127 735 1327 813 Migne
1339 741 1388 796 t.
1406 734 1564 805 CLV,
1622 736 1820 794 tribus
1841 755 1949 811 per
1967 736 2210 796 modum
2239 736 2656 812 compilatoris,
2679 738 2900 796 additis

276 835 744 891 1142—1298.
807 859 898 870 —-
961 826 1007 883 0
1021 827 1226 903 gerii
1287 819 1563 909 (Oglerii)
1621 825 1695 883 de
1743 843 1851 885 suo
1897 825 2419 902 explanationibus
2464 826 2789 884 moralibus
2840 830 2902 886 et

273 916 343 975 Ο.
377 916 515 978 Cist.
562 915 802 974 abbatis
847 915 1133 974 Lucediae
1164 907 1451 997 (Locedii)
1500 914 1566 971 in
1621 914 1968 991 allegoricis,
1997 915 2467 974 Commentarius
2484 934 2622 974 vero
2641 917 2705 974 in
2719 916 2905 975 Actus

270 1005 531 1063 dioecesi
545 998 1139 1085 vercellensi(ll23)
1171 1004 1392 1080 reliqui
1423 1007 1567 1062 sunt
1621 1006 2029 1079 apostolorum,
2083 1005 2256 1079 cujus
2306 1004 2525 1079 triplex
2569 1007 2761 1063 exstat
2808 1024 2902 1064 re·

272 1112 580 1154 sermones
630 1093 735 1152 XV
785 1095 857 1152 de
906 1111 1165 1152 sermone
1212 1093 1454 1152 Domini
1502 1093 1567 1151 in
1622 1094 1821 1152 censio
1866 1087 2151 1175 (Migne
2196 1093 2409 1161 CXXV,
2461 1086 2713 1156 495—1
2736 1090 2900 1173 131),

273 1183 495 1243 ultima
526 1201 714 1241 coena
743 1183 817 1240 ad
851 1182 1176 1258 discipulos
1210 1182 1429 1252 habito,
1459 1182 1565 1257 qui
1620 1186 1682 1240 et
1730 1183 1796 1240 in
1846 1182 2127 1258 epistolas
2177 1182 2491 1242 catholicas
2535 1183 2607 1240 ad
2657 1184 2903 1242 verbum

271 1272 641 1349 prodierunt
670 1273 831 1330 inter
862 1289 1165 1330 semones
1198 1290 1244 1330 s.
1277 1271 1564 1331 Bernardi
1621 1271 1744 1330 fere
1775 1274 2064 1330 consonat
2094 1289 2232 1329 cum
2248 1272 2588 1330 Oecumenii
2607 1290 2902 1331 commen-

273 1380 373 1437 op.
402 1365 447 1419 t.
482 1360 573 1431 V„
621 1361 684 1419 in
730 1360 943 1436 patrol.
988 1360 1188 1437 Migne
1221 1359 1563 1430 CLXXXIV,
1620 1360 1805 1431 tar-iis,
1839 1363 1912 1419 ut
1955 1378 2075 1418 non
2120 1360 2245 1419 sint
2289 1360 2406 1419 nisi
2452 1360 2603 1420 duae
2636 1362 2903 1436 ejusdem

278 1460 659 1513 879—950.
692 1483 781 1494 —-
812 1450 898 1508 De
929 1448 1317 1509 Richardo
1349 1449 1423 1509 de
1442 1451 1566 1508 Du·
1621 1449 1820 1524 operis
1837 1450 2225 1508 recensiones.
2259 1450 2522 1526 Reliquit
2535 1445 2584 1532 ¹)
2602 1455 2908 1526 praeterea

275 1539 471 1598 mellis
520 1538 757 1614 egimus
795 1546 922 1613 jam
968 1542 1010 1596 t.
1070 1540 1116 1603 Ι.
1164 1559 1222 1615 p.
1264 1550 1447 1604 1060.
1478 1572 1566 1583 —
1620 1539 1796 1614 plura
1856 1539 1973 1597 alia
2034 1538 2270 1614 scripta,
2316 1541 2390 1598 ut
2437 1538 2904 1615 disputationem

275 1628 522 1687 Juverit
553 1628 798 1686 demum
814 1628 1155 1687 meminisse
1169 1628 1415 1687 celebris
1432 1646 1567 1687 exe·
1620 1629 1691 1685 de
1733 1628 2202 1687 accusationibus
2250 1629 2569 1687 latinorum
2621 1623 2903 1710 (Migne

275 1722 465 1793 getae,
500 1717 613 1793 qui
645 1718 921 1792 quamvis
954 1717 1193 1776 floreret
1223 1717 1288 1776 in
1320 1717 1569 1777 ecclesia
1622 1716 1849 1775 CXXVI
1899 1715 2292 1797 222—254),
2342 1717 2444 1776 sed
2495 1717 2715 1794 spiritu
2745 1719 2904 1794 paci·

273 1824 484 1883 graeca
503 1826 540 1864 a
558 1824 806 1865 romana
825 1806 1142 1865 schismate
1162 1806 1375 1877 divisa,
1394 1824 1566 1881 saepe
1622 1805 1748 1876 fico,
1779 1805 1925 1864 adeo
1970 1808 2041 1864 ut
2071 1806 2186 1865 Leo
2219 1806 2479 1865 Allatius
2531 1806 2604 1864 de
2650 1807 2786 1868 eccl.
2821 1826 2904 1870 or.

274 1914 311 1952 a
337 1894 641 1971 theologis
674 1894 982 1953 catholicis
1014 1895 1322 1972 allegatur.
1372 1896 1483 1954 Est
1512 1895 1564 1953 is
1621 1897 1684 1953 et
1713 1894 1894 1957 occid.
1927 1897 2218 1971 perpetuo
2263 1913 2421 1959 cons,
2469 1913 2516 1954 c.
2548 1896 2599 1954 X
2631 1892 2664 1961 ἓ
2700 1906 2733 1957 2
2767 1915 2903 1956 eum

274 1984 585 2059 Theoph
602 1984 677 2060 y]
701 1986 923 2043 actus
956 1984 1149 2059 patria
1180 1984 1564 2047 EuboeensiS.
1620 1983 1867 2042 unionis
1930 1983 2134 2042 amicis
2195 1987 2528 2055 accenseat;
2607 1985 2902 2060 homilias,

276 2073 545 2132 Functus
594 2077 693 2131 est
732 2072 997 2148 primum
1041 2092 1288 2133 munere
1334 2073 1567 2132 diaconi
1621 2073 1825 2148 plures
1857 2074 2126 2148 epistolas
2158 2068 2317 2154 (75),
2363 2075 2781 2132 institutionem
2813 2093 2904 2132 re-

277 2162 795 2237 Constantinopoli
825 2162 891 2220 in
922 2163 1167 2221 ecclesia
1203 2181 1250 2223 S.
1289 2162 1563 2239 Sophiae:
1618 2163 1778 2238 yiam
1824 2158 2326 2243 (paedagogicam)
2374 2180 2487 2238 pro
2519 2163 2904 2222 Constantino

277 2270 311 2309 a
339 2251 627 2310 Michaele
674 2251 834 2310 Duca
876 2251 1020 2325 imp.
1067 2247 1563 2333 (1071-1078)
1620 2251 2132 2328 Porphyrogenito
2161 2270 2230 2309 ex
2250 2251 2623 2326 philosophis
2643 2251 2903 2328 plerum·

278 2340 451 2400 datus
470 2347 565 2399 est
589 2339 713 2398 filio
732 2340 924 2415 ipsius
942 2344 1303 2418 praeceptor,
1324 2341 1562 2399 demum
1621 2357 1740 2415 que
1771 2340 2026 2399 ethnicis
2075 2340 2378 2410 haustam3
2434 2340 2790 2417 Martyrium
2820 2360 2901 2405 ss.

277 2429 471 2488 factus
491 2429 976 2504 archiepiscopus
996 2429 1312 2489 acridanus
1332 2431 1396 2487 in
1415 2430 1561 2488 Bul·
1623 2423 1776 2487 MM.
1827 2428 1896 2488 X
1906 2428 1962 2486 V
1998 2430 2583 2505 tiberiopolitensium
2635 2430 2742 2506 qui
2792 2430 2903 2487 im-

278 2518 443 2595 garia
464 2518 598 2593 jam
616 2522 758 2577 ante
779 2538 830 2581 a.
864 2527 1046 2581 1078.
1080 2517 1327 2587 Quando
1347 2518 1566 2576 obierit
1618 2520 1866 2593 perante
1926 2518 2112 2593 impio
2173 2517 2418 2577 Juliano
2479 2522 2749 2595 apostata
2806 2520 2902 2578 'ri-

278 2626 396 2666 non
447 2607 600 2665 satis
652 2608 865 2685 liquet.
928 2608 1178 2666 Mortem
1241 2607 1564 2686 contigisse
1620 2607 1910 2684 beriopoli
1961 2607 2120 2684 passi
2168 2612 2327 2677 sunt,
2361 2611 2470 2666 etc.
2535 2608 2728 2685 Opera
2772 2610 2903 2684 ejus

279 2700 414 2773 post
442 2717 495 2755 a.
538 2707 705 2761 1107
744 2697 946 2773 plures
976 2697 1262 2769 referunt,
1293 2699 1413 2756 imo
1445 2715 1565 2755 non
1620 2698 1868 2756 collecta
1914 2697 2268 2771 prodierunt
2316 2697 2476 2757 curis
2526 2699 2620 2762 Fr.
2651 2699 2901 2770 Foscari,

279 2786 444 2845 deest
475 2786 586 2861 qui
616 2806 755 2844 eum
790 2786 974 2844 vitam
1017 2787 1376 2862 protraxisse
1407 2786 1567 2844 ultra
1624 2788 1766 2844 Bon.
1829 2785 2055 2844 Finetti
2119 2789 2180 2844 et
2259 2789 2399 2849 Ant.
2474 2787 2902 2864 Bongiovanni‚

278 2895 328 2934 a.
371 2885 533 2939 1118
571 2877 867 2934 autumet.
929 2875 1378 2934 Commentariis
1424 2875 1563 2934 illu·
1621 2874 1886 2934 Venetiis
1927 2884 2360 2938 1754--1763
2395 2879 2439 2934 t.
2475 2887 2541 2945 43
2593 2894 2727 2935 cum
2761 2876 2901 2934 diss.

281 2965 492 3023 stravit
509 2965 749 3039 aliquot
764 2963 828 3024 V.
849 2964 909 3022 Τ.
931 2963 1131 3031 libros,
1157 2968 1218 3024 et
1232 2964 1354 3024 fere
1367 2967 1564 3023 totum
1619 2964 1863 3040 praevia
1895 2963 1968 3023 M.
2003 2964 2076 3022 de
2109 2964 2362 3034 Rubeis;
2414 2964 2615 3042 Migne
2665 2966 2727 3023 P.
2760 2965 2824 3028 G.
2857 2970 2906 3024 t.

281 3052 349 3113 N.
380 3053 443 3111 Τ.
478 3052 959 3112 Commentarius
991 3055 1052 3111 in
1071 3052 1334 3113 Psalmos
1353 3057 1445 3112 est
1459 3052 1562 3111 ad·
1620 3052 2192 3113 CXXIII—CXXVI.

280 3142 392 3201 huc
421 3142 729 3212 ineditus;
776 3161 845 3199 ex
887 3142 1189 3218 prophetis
1229 3143 1565 3202 minoribus

278 3236 525 3308 rogatus
558 3251 595 3289 a
625 3230 813 3289 Maria
857 3230 1228 3306 imperatrice
1268 3232 1560 3307 interpre-

279 3324 441 3379 tatus
473 3323 573 3379 est
606 3319 936 3378 secundum
982 3320 1279 3395 triplicem
1326 3340 1565 3379 sensum
1736 3334 1773 3402 ι)
1801 3328 1884 3385 Cf.
1912 3328 2173 3383 Ehrhard
2200 3330 2258 3382 in
2287 3329 2680 3384 Krumbacher
2707 3329 2904 3385 Gesch.

279 3408 593 3479 literalem,
626 3409 926 3478 moralem,
954 3409 1340 3486 analogicum,
1373 3428 1562 3486 quan..
1621 3401 1722 3455 der
1764 3403 1885 3483 byz²
1928 3400 2036 3455 Litv.
2077 3419 2130 3471 p.
2175 3407 2279 3458 133
2319 3419 2407 3466 88„
2448 3405 2506 3482 Cf·
2545 3401 2667 3470 ipse
2706 3400 2907 3484 Kfum·

276 3503 403 3556 tum
436 3498 577 3557 fieri
604 3497 796 3568 licuit,
835 3496 990 3572 0333,
1013 3498 1307 3573 Ham,
1325 3499 1565 3574 ¹sonam,
1623 3473 1831 3526 bacher
1870 3474 1946 3527 ib.
1988 3489 2118 3544 pag.
2144 3478 2251 3529 463
2277 3490 2377 3533 ss.;
2418 3473 2665 3526 Richard
2711 3473 2907 3528 Simon

277 3587 409 3645 Nol·
764 3589 775 3600 .
1519 3588 1531 3600 .
1622 3543 1768 3598 Hist.
1797 3544 1919 3598 crit.
1949 3544 2047 3597 des
2075 3546 2254 3612 princ.
2297 3546 2598 3603 comment,
2640 3544 2717 3597 du
2746 3545 2814 3598 N.
2842 3545 2903 3602 Τ.

414 3607 517 3645 “m
571 3591 634 3645 et
686 3587 1025 3646 mmmm·
1093 3587 1165 3644 1¹¹
1209 3589 1567 3663 0¹P0¹²0¹¹d¹3
1622 3632 1667 3668 c.
1696 3618 1796 3675 28:
1846 3615 1983 3669 Bon.
2028 3616 2099 3669 M.
2142 3616 2210 3669 dc
2254 3615 2465 3670 Rubeis
2510 3615 2667 3684 apud
2711 3615 2906 3685 Migne

276 3675 612 3754 evangeliis
659 3680 721 3734 et
764 3694 809 3738 S.
843 3676 1014 3734 Pauli
1059 3677 1330 3752 epistolis
1376 3677 1564 3752 pluri·
1624 3686 1866 3751 CXXIII,
1895 3691 2124 3751 9—143‚
2154 3690 2233 3758 (et
2257 3686 2467 3740 iterum
2495 3704 2537 3740 c.
2570 3686 2833 3757 CXXIV).

542 3975 688 4071 Ill.
760 3974 1177 4072 Historia
1230 3946 1864 4072 'ecclesiastica
1931 3977 2008 4090 (1
2045 3981 2637 4126 {OQ—1141).

377 4223 471 4276 16.
506 4211 683 4270 Haud
716 4210 895 4286 pauci
927 4210 1362 4269 concinnarunt
1397 4211 1565 4269 chro-

283 4301 408 4359 nica
423 4298 488 4382 ¹).
552 4301 721 4358 Inter
770 4299 982 4357 borum
1034 4300 1348 4376 scriptores
1397 4318 1566 4375 prae·

1624 4211 1839 4284 cipuus
1874 4211 2022 4268 sorte
2069 4221 2162 4268 est
2201 4212 2248 4268 Ε
2266 4212 2302 4268 k
2321 4213 2356 4268 k
2374 4230 2405 4270 e
2424 4212 2459 4269 h
2477 4232 2510 4270 a
2528 4231 2557 4268 ι·
2572 4212 2607 4268 d
2629 4231 2665 4269 u
2685 4231 2711 4269 s
2745 4211 2904 4275 OSB.

1623 4299 1979 4367 monasterii,
2058 4305 2128 4357 ut
2195 4301 2430 4358 videtur
2492 4319 2536 4362 s,
2604 4301 2906 4360 Michaelis

391 4512 428 4563 ¹}
456 4506 505 4560 U
522 4506 561 4560 d
576 4507 649 4560 al
666 4507 774 4559 ric
790 4523 829 4559 u
847 4523 871 4559 s
897 4504 1331 4576 Bambergeusis
1351 4508 1400 4576 (†
1421 4506 1565 4559 forte

285 4583 437 4644 1127)
462 4577 703 4647 collegit
723 4580 949 4631 codicem
972 4581 1301 4646 epistolarem
1334 4593 1385 4632 a.
1408 4581 1565 4642 1125,

281 4648 925 4776 {glinproprieicontinet
941 4647 1367 4773 ipatitutlzioneng
1387 4664 1565 4773 qgan-

281 4722 1400 4862 mmgpzsstocagsstlxgmffingmagoaeug
1427 4736 1565 4845 saatlils·

281 4864 465 4928 rudes,
500 4863 598 4917 sed
639 4863 816 4917 etiam
858 4860 1177 4932 diplomata
1218 4878 1351 4917 vera
1390 4865 1449 4917 et
1472 4879 1563 4933 ge·
1621 4881 1939 4933 scoporum.
1981 4863 2307 4933 principum
2349 4868 2451 4919 etc.
2514 4863 2681 4916 [llum
2723 4861 2815 4915 edi

284 4933 461 4988 nuina
510 4934 584 4989 ad
634 4951 686 4987 a.
737 4939 880 4992 1134
930 4935 1149 5004 (postea
1198 4934 1443 5007 adjecta)
1498 4936 1565 4988 ut
1621 4934 1927 5000 (mendose)
1955 4936 2042 4989 Jo.
2067 4934 2344 5004 Georgius
2372 4934 2414 4987 E
2433 4934 2651 4988 ccard
2670 4951 2707 4986 u
2725 4951 2750 4985 s
2777 4931 2905 4987 Cor-

493 5033 686 5090 fini-ter,
715 5032 1045 5079 Nomenclator
1070 5032 1114 5078 11
1140 5033 1211 5080 ed.
1244 5033 1289 5081 3.
2481 5029 2512 5078 2.

1623 4505 1936 4576 plurimum
1990 4522 2053 4557 ex
2105 4505 2355 4560 archivis
2399 4507 2907 4577 bambergensibus

1622 4578 1945 4647 desumpta,
1973 4594 2119 4645 quae
2147 4595 2234 4631 res
2262 4577 2419 4632 illius
2446 4579 2736 4648 temporis,
2777 4596 2902 4632 con-

1623 4648 1926 4705 troversias
1953 4649 2286 4719 praesertim
2322 4649 2391 4703 de
2417 4649 2778 4712 investitura,
2808 4651 2906 4702 mi·

1621 4721 1774 4774 rifice
1800 4720 2111 4783 illustrant,
2141 4721 2261 4774 scil.
2304 4720 2574 4790 epistolas
2601 4738 2739 4776 rom.
2768 4737 2904 4789 pon-

1621 4792 1860 4854 tificum,
1888 4791 2318 4860 imperatorum,
2365 4792 2760 4845 cardinalium.
2789 4792 2905 4914 egi-

2858 4862 2910 4917 it
