3475 5364
486 360 608 414 523
869 346 1241 397 14264-1450.
1271 340 1580 408 'l‘heologia
1611 341 1724 409 pol,
1754 333 2074 406 Galfredus,
2102 341 2353 395 Barthol.
2382 340 2720 398 'Pr-aversari.
2978 359 3103 412 324

483 530 769 591 Obiit-21.
789 528 911 586 Oct.
942 538 1102 591 1439
1121 547 1335 604 magno
1351 527 1645 602 pontificis
1659 525 1762 585 do-
1911 537 1979 588 41
2005 538 2055 589 1.
2121 528 2203 585 De
2264 526 2635 602 argumentis
2697 526 3107 603 singularibus

482 619 622 688 lore,
637 619 739 693 qui
752 619 1043 692 lacrymas
1058 635 1192 675 suas
1205 617 1509 675 continere
1530 634 1650 674 non
1664 633 1761 673 va·
1822 621 2060 691 praeter
2081 635 2197 686 coe,
2220 633 2373 690 quos
2392 616 2681 674 hactenus
2694 617 2821 690 jam
2841 616 3106 675 laudavi·

485 709 609 766 lens
634 706 958 765 identidem
991 705 1412 783 ingeminavit:
1448 705 1767 774 ,Ambrosi
1826 723 1978 774 mus,
2015 705 2118 763 alii
2153 705 2327 763 etiam
2364 704 2765 779 disputarunt.
2817 704 2997 763 Galf
3005 726 3033 764 r
3047 726 3109 765 e-

481 796 585 864 fili,
621 798 758 871 quis
791 799 850 854 te
883 794 1029 853 mihi
1050 795 1288 869 eripuit.
1323 796 1458 869 quis
1479 794 1766 853 Ecclesiae
1822 794 1962 852 dus
1995 794 2067 852 de
2099 795 2354 853 Monte
2386 793 2566 852 abbas
2600 810 2644 851 s.
2667 793 2956 853 Honorati
2987 795 3107 855 ela·

483 887 684 944 lumen
738 885 881 944 adeo
932 884 1355 959 intempestive
1402 884 1720 942 exstinxit?
1743 891 1763 917 ⁴-
1825 884 2058 942 ica-avit
2091 903 2139 941 a.
2181 893 2339 945 1431
2383 886 2456 940 tr.
2490 883 2560 940 de
2581 890 2862 955 potestate
2892 892 2944 943 et
2973 903 3109 944 auc-

483 995 620 1033 nam
652 993 770 1033 non
803 974 930 1032 sine
962 974 1176 1031 veneni
1197 973 1532 1048 suspicione
1565 973 1771 1030 ferunt
1825 976 2053 1031 tor-itate
2088 991 2240 1031 conc.
2280 972 2629 1045 basileensis,
2661 972 2764 1046 qui
2796 992 2830 1030 a
2860 973 3108 1033 Lambe-

481 1083 616 1122 eum
649 1063 1056 1122 fuisse'morte
1090 1058 1474 1141 sublatuml).
1508 1062 1648 1119 Fuit
1679 1062 1771 1119 vir
1825 1064 1916 1120 cio
1966 1063 2029 1120 in
2081 1062 2252 1124 catal.
2304 1061 2446 1118 bibl.
2493 1060 2730 1119 vindob.
2784 1080 2828 1119 s.
2876 1063 2912 1120 l.
2954 1067 3018 1122 et
3060 1083 3109 1122 a.

485 1172 618 1212 vere
636 1145 1226 1236 religiosus,'jsemper
1255 1151 1465 1226 utique
1488 1151 1686 1209 suavis
1709 1156 1772 1209 et
1826 1151 2119 1227 prodiisse
2170 1151 2513 1209 affirmatur.
2565 1183 2652 1193 —
2699 1152 2747 1208 B
2768 1155 2889 1209 art
2907 1152 3110 1210 holo·

447 1289 450 1290 ν
483 1260 749 1310 serenus,
784 1260 1044 1315 suaeque
1078 1241 1427 1317 dil‘gentiae
1476 1240 1772 1298 literariae
1828 1260 1886 1298 m
1908 1256 2088 1298 aeus
2150 1239 2630 1298 Mutinensis
2678 1239 2742 1297 Ο.
2776 1240 2887 1310 Pr.,
2940 1259 3112 1317 saepe

483 1331 739 1407 plurima
770 1330 1018 1405 reliquit
1048 1330 1419 1389 testimonia:
1467 1325 1771 1402 Hodoepo·
1827 1330 2007 1388 etiam
2039 1330 2111 1386 de
2143 1327 2498 1387 Ferraria
2545 1328 2759 1398 dictus,
2811 1330 2954 1403 quia
2997 1330 3111 1389 ibi-

484 1423 645 1478 ricon
677 1419 801 1478 sive
817 1419 1136 1494 descriptio
1162 1419 1397 1478 itineris
1413 1418 1508 1477 sui
1524 1438 1573 1476 a.
1605 1429 1760 1481 1431
1828 1419 1960 1477 dem
1994 1419 2413 1492 inquisitorem
2449 1417 2575 1494 egit
2609 1415 2669 1498 (†
2712 1415 2921 1498 1448),
2956 1437 3114 1479 com-

484 1508 746 1584 suscepti
777 1509 1108 1567 lustrandis
1127 1508 1628 1581 emendandisque
1645 1526 1771 1567 mo·

484 1598 807 1657 nachorum
871 1601 932 1656 et
992 1596 1337 1656 monialium
1389 1597 1614 1656 ordinis
1678 1596 1773 1655 sui

488 1687 775 1755 moribus,
842 1688 1030 1745 Lucae
1089 1695 1243 1750 1681
1273 1707 1285 1744 :
1350 1686 1509 1761 quod
1571 1690 1774 1745 tamen

485 1794 780 1835 nonnemo
843 1793 1228 1852 suppressum
1290 1776 1515 1844 mallet,
1579 1793 1775 1849 neque

442 1861 448 1866 ’
486 1866 643 1924 enim
676 1866 872 1924 omnia
902 1864 1150 1941 prodere
1193 1864 1375 1923 decet.
1439 1864 1684 1922 Patrum
1715 1867 1777 1922 et

486 1955 841 2030 scriptorum
875 1972 1220 2031 graecorum
1267 1973 1444 2028 opera
1473 1954 1656 2012 vertit
1687 1954 1773 2011 la-

485 2045 628 2112 tine,
681 2044 782 2102 sed
837 2042 1091 2102 subinde
1137 2042 1200 2100 in
1255 2042 1540 2101 vertendo
1591 2042 1777 2100 nimia

487 2134 684 2192 utitur
736 2132 1039 2191 libertate:
1091 2133 1176 2190 ita
1222 2132 1774 2207 chrysostomi,

488 2221 849 2290 Palladii,
914 2221 1005 2280 Jo.
1058 2220 1399 2289 climaci,
1463 2220 1773 2289 Basilii,

489 2311 912 2386 Ephraemi‚
967 2310 1337 2386 Dionysii
1385 2310 1776 2386 Areopagitae

489 2400 713 2468 (versio
745 2400 1007 2458 dilucida
1038 2400 1282 2457 Parisiis
1322 2409 1518 2468 1493:
1563 2394 1775 2478 1515),

489 2489 932 2558 Athanasii,
983 2488 1075 2546 Jo.
1128 2488 1440 2556 Moschi,
1504 2488 1595 2547 Jo.
1649 2488 1777 2546 Da-

488 2596 687 2636 maso
709 2578 850 2646 eni,
874 2577 1126 2636 Andre
1148 2595 1227 2635 ae
1260 2577 1546 2635 cretensis
1598 2594 1777 2652 opus-

489 2668 638 2738 cula,
653 2667 946 2728 Manuelis
980 2667 1021 2726 C
1035 2668 1152 2726 ale
1168 2685 1199 2725 c
1216 2687 1251 2725 a
1265 2685 1297 2725 e
1330 2666 1390 2724 ll.
1414 2675 1450 2728 4
1473 2666 1546 2725 de
1565 2667 1776 2725 errori-

488 2757 603 2816 bus
635 2773 978 2833 graecorum
1013 2753 1390 2835 (Ingolstadii
1431 2764 1595 2819 1608
1630 2756 1695 2815 in
1721 2765 1776 2819 8.

488 2847 577 2905 ed.
615 2844 914 2925 Stewart).
948 2846 1248 2919 Epistolas
1267 2844 1460 2903 nitido
1480 2844 1615 2903 stilo
1636 2862 1777 2904 con·

488 2937 743 3011 scriptas
820 2934 878 2992 11.
962 2944 1034 2998 21
1122 2934 1453 3008 publicavit
1517 2935 1780 2993 Martene

491 3025 751 3082 Monum.
805 3027 920 3082 vet.
955 3024 1183 3082 collect.
1217 3027 1257 3079 t.
1297 3034 1361 3085 3:
1413 3024 1472 3081 11.
1511 3032 1588 3085 25
1625 3026 1777 3083 Lau·

490 3114 722 3171 rentius
757 3113 962 3170 Mehus
982 3112 1316 3171 Florentiae
1345 3122 1417 3174 17
1432 3122 1509 3175 59
1533 3115 1574 3169 t.
1598 3120 1632 3174 2
1655 3112 1721 3170 in
1741 3112 1777 3169 f.

491 3204 599 3259 hac
632 3202 1051 3277 inscriptione:
1087 3205 1155 3260 A.
1179 3202 1272 3259 Tr.
1305 3201 1679 3276 aliorumque
1706 3201 1781 3260 ad

490 3292 687 3367 ipsum
720 3295 781 3348 et
812 3291 885 3349 ad
917 3291 1065 3350 alios
1112 3290 1184 3349 de
1231 3291 1432 3349 eodem
1467 3290 1781 3350 Ambrosio

491 3380 716 3439 latinae
767 3381 1037 3456 epistolae
1086 3400 1120 3438 a
1170 3381 1348 3438 Petro
1381 3379 1639 3440 Canneto
1688 3381 1778 3439 ab.

490 3469 644 3529 Cam.
678 3470 740 3529 in
773 3470 832 3527 ll.
872 3479 948 3533 25
984 3465 1326 3549 tributae2).
1360 3470 1602 3528 Accedit
1621 3470 1781 3544 ejus-

492 3560 624 3619 dem
645 3559 943 3619 Ambrosii
967 3560 1108 3629 vita,
1144 3559 1208 3618 in
1228 3578 1348 3633 qua
1378 3559 1626 3617 historia
1644 3558 1781 3617 lite-

492 3650 644 3708 raria
675 3649 986 3708 florentina
1035 3649 1110 3708 ab
1154 3668 1201 3706 a.
1245 3658 1676 3711 1192—1410
1711 3666 1779 3705 ex

493 3739 893 3798 monumentis
924 3738 1302 3815 potissimum
1318 3738 1586 3796 nondum
1602 3737 1781 3795 editis

491 3828 744 3887 deducta
805 3832 912 3886 est.
1005 3829 1169 3885 Inter
1232 3828 1437 3885 beatos
1501 3827 1783 3885 recolitur

498 3927 595 3979 20.
633 3918 776 3975 Nov.

575 4130 608 4179 ἰ
629 4124 818 4176 Vitam
837 4123 960 4189 ejus
976 4120 1396 4189 descripserunt
1409 4124 1629 4189 praeter
1640 4121 1782 4172 alias

495 4196 693 4249 Melius
721 4193 1080 4263 Augustinus
1109 4191 1469 4245 Florentinus
1491 4192 1525 4245 l.
1543 4197 1593 4249 3.
1610 4191 1782 4247 histo·

494 4268 707 4321 riarum
737 4282 969 4319 suarum
998 4264 1528 4327 camaldulensium,
1559 4263 1781 4318 Floren-

495 4340 606 4393 tiae
636 4343 791 4395 1575.
820 4342 874 4390 et
903 4337 1156 4389 Martene
1185 4334 1350 4389 initio
1379 4340 1417 4390 t.
1447 4340 1495 4390 3.
1526 4337 1783 4389 veterum

496 4412 647 4466 Mon.
701 4410 781 4463 Cf.
828 4409 1000 4461 etiam
1031 4407 1323 4461 Fabricius
1355 4408 1391 4470 1,
1421 4412 1517 4465 78:
1573 4407 1783 4461 Masius

499 4484 636 4536 (ber
681 4482 772 4535 die
815 4481 1082 4549 Stellung
1126 4479 1223 4532 des
1269 4478 1527 4532 Kamald.
1559 4482 1622 4533 A.
1652 4478 1782 4532 Tra-

495 4553 706 4608 versari
747 4571 875 4607 zum
920 4552 1122 4621 Papste
1151 4550 1348 4620 Eugen
1382 4551 1470 4603 [V.
1509 4551 1624 4603 und
1653 4568 1779 4603 zum
1840 4613 1867 4618 ρ

495 4626 719 4680 Beseler
748 4624 959 4688 Concil‚
989 4623 1205 4678 Debeln
1235 4627 1387 4679 1888.

571 4710 608 4763 ἑῇ)
638 4697 719 4752 Cf.
743 4701 935 4751 tamen
957 4698 1015 4750 F.
1041 4696 1097 4749 P.
1121 4692 1782 4761 Luiso,Riordinarneuto

496 4768 976 4841 ‹lell'Epistola-rio
1018 4767 1137 4820 d'A.
1169 4766 1257 4819 Tr.
1301 4766 1359 4817 in
1389 4765 1606 4817 Rivista
1636 4765 1783 4818 delle

499 4842 836 4897 bibliotcche
890 4840 956 4893 ed
1021 4838 1248 4891 Archivi
1303 4840 1477 4899 (1898.
1535 4842 1690 4893 13:991
1746 4841 1782 4891 t.

1828 1508 2033 1584 posuit
2080 1511 2151 1565 tr.
2201 1508 2270 1565 de
2320 1506 2547 1565 Christo
2594 1506 2739 1565 Jesu
2786 1509 3116 1567 abscondito

1829 1599 1893 1656 in
1943 1596 2321 1655 solemnitate
2373 1597 2631 1670 corporis
2682 1597 2898 1655 Christi
2945 1599 3006 1656 ll.
3056 1609 3113 1664 6,

1830 1686 2099 1745 Venetiis
2152 1696 2315 1749 1555
2352 1685 2416 1742 in
2450 1695 2504 1747 8.
2539 1719 2625 1728 --
2658 1686 3033 1746 Albertus
3082 1706 3117 1745 a

1832 1777 1868 1833 S
1885 1795 1919 1833 a
1938 1776 2042 1833 rti
2058 1793 2197 1833 ano
2232 1769 2600 1855 (Sarthiano)
2624 1774 2842 1845 dictus,
2865 1776 3113 1844 Tuscus,

1833 1864 2010 1923 initio
2044 1863 2539 1923 Conventualium
2585 1865 2852 1940 regulam
2902 1869 2995 1924 est
3025 1883 3115 1924 se-

1831 1957 2025 2024 cutus,
2062 1953 2166 2012 sed
2198 1953 2567 2029 perfectioris
2614 1954 2773 2012 vitae
2821 1953 3117 2013 desiderio

1832 2043 2048 2101 ductus
2099 2062 2147 2100 a.
2199 2042 2408 2100 aetatis
2463 2053 2560 2104 30.
2612 2042 2685 2100 ad
2719 2042 3116 2102 observantes

1831 2132 2094 2191 transire
2128 2131 2419 2190 decrevit:
2471 2131 2629 2189 inter
2660 2151 2806 2206 quos
2837 2133 2993 2191 vitae
3025 2134 3117 2191 in-

1832 2218 2117 2298 tegritate
2148 2225 2209 2279 et
2240 2219 2593 2279 eruditionis
2611 2222 3118 2280 commendatione

1831 2311 2046 2370 florens
2091 2329 2248 2368 unus
2292 2309 2413 2367 fuit
2454 2328 2523 2368 ex
2569 2313 2825 2385 quatuor
2856 2310 3122 2369 sodalitii

1834 2399 2244 2459 observantiae
2277 2399 2565 2458 columnis
2585 2396 2628 2478 ¹)
2681 2401 2913 2475 magnis
2946 2418 3117 2459 enco—

1837 2489 1971 2546 miis
2005 2489 2078 2546 ab
2111 2487 2461 2564 aequalibus
2492 2488 2841 2547 celebratus.
2893 2489 3120 2547 Literas

1835 2596 2025 2636 sacras
2058 2597 2093 2635 a
2124 2596 2167 2635 s.
2201 2576 2567 2636 Bernardino
2601 2578 2848 2636 Senensi
2894 2578 3120 2637 didicit.

1834 2666 2095 2727 Verbum
2130 2667 2235 2725 Dei
2270 2686 2500 2726 summo
2531 2667 2653 2726 zelo
2684 2686 2966 2728 accensus
2998 2667 3119 2727 dis-

1835 2757 2149 2815 seminavit
2197 2755 2474 2832 pluribus
2524 2757 2587 2815 in
2638 2757 2891 2816 urbibus
2940 2757 3121 2816 etiam

1836 2846 2152 2921 primaiiis‚
2201 2846 2264 2904 in
2311 2845 2529 2919 quibus
2572 2866 2858 2920 magnum
2889 2847 3119 2906 adoles·

1835 2936 2099 2993 centium
2130 2953 2446 2993 numerum
2478 2954 2512 2992 a
2544 2935 2726 2994 seculi
2755 2936 3120 2995 abstractum

1835 3023 2127 3082 illecebris
2160 3025 2231 3081 ad
2266 3024 2733 3099 amplectendam
2764 3024 2990 3084 ordinis
3023 3025 3120 3084 sui

1836 3115 2099 3190 regulam
2116 3114 2352 3171 induxit
2369 3134 2381 3170 :
2404 3112 2599 3172 dictus
2617 3116 2933 3189 propterea
2949 3132 3121 3190 prae-

1838 3203 2243 3261 stantissimus
2275 3203 2462 3261 totius
2481 3202 2687 3261 Italiae
2717 3201 2995 3262 medicus.
3026 3203 3122 3262 Ab

1838 3292 2103 3369 Eugenio
2136 3292 2231 3350 IV.
2266 3311 2400 3350 cum
2448 3292 2757 3367 apostolici
2801 3291 2986 3369 legati
3016 3311 3121 3367 po—

1837 3385 2056 3439 testate
2118 3382 2335 3439 missus
2397 3384 2506 3443 est,
2570 3385 2643 3440 ut
2690 3381 3121 3458 Hierosolymis

1839 3471 2186 3546 praesertim
2238 3470 2563 3528 consistens
2609 3470 2934 3542 catholicae
2980 3470 3121 3530 reli-

1837 3560 2034 3636 gionis
2066 3563 2304 3619 curaret
2321 3558 2575 3618 bonum:
2610 3560 2747 3618 hinc
2766 3559 2958 3618 multa
2972 3578 3122 3635 quo·

1838 3667 1954 3723 que
1987 3649 2271 3708 coenobia
2300 3649 2366 3706 in
2397 3648 2653 3707 cretensi
2673 3648 2887 3717 insula,
2909 3648 3120 3707 Hiero-

1840 3738 2101 3813 solymiS,
2138 3737 2428 3815 Byzantii.
2463 3738 2527 3796 in
2559 3739 2830 3815 Aegypto
2874 3740 2982 3796 etc.
3029 3738 3121 3796 in·

1838 3827 2052 3885 stituit.
2114 3828 2289 3886 Anno
2348 3836 2501 3890 1431
2559 3827 2825 3902 pontifex
2870 3827 2925 3884 ei
2956 3826 3123 3885 dedit

1838 3917 1901 3973 in
1920 3916 2233 3983 mandatis,
2264 3919 2336 3974 ut
2353 3916 2638 3975 adversus
2658 3916 2875 3974 Turcas
2896 3933 3118 3976 sacram

1839 4005 2272 4081 expeditionem
2319 4023 2350 4063 e
2397 4009 2691 4083 suggestu
2734 4009 3119 4080 proponeret:

1840 4096 1998 4169 quod
2031 4114 2251 4154 munus
2283 4095 2366 4154 sic
2395 4096 2600 4172 gessit.
2635 4098 2707 4153 ut
2736 4094 2810 4152 ad
2830 4095 2961 4168 ejus
2983 4111 3120 4154 con·

1838 4185 2035 4243 ciones
2069 4183 2389 4243 audiendas
2439 4184 2513 4241 ad
2549 4194 2779 4247 50.000
2814 4183 3121 4242 hominum

1838 4274 2190 4332 confluxisse
2211 4273 2654 4349 perhibeantur.
2677 4273 2895 4331 Missus
2908 4272 3121 4331 deinde

1840 4366 1934 4420 est
1988 4374 2151 4426 1440
2202 4381 2337 4421 cum
2387 4362 2784 4438 quadraginta
2816 4362 3120 4420 sodalibus

1839 4452 1911 4509 ad
1930 4452 2273 4527 Aethiopiae
2288 4452 2681 4521 monarcham,
2696 4456 2824 4510 tum
2839 4453 2911 4511 acl
2928 4452 3119 4510 orien-

1920 4700 1954 4747 Γ)
1985 4694 2097 4746 Alii
2121 4698 2230 4746 tres
2259 4697 2393 4746 sunt
2418 4712 2458 4747 s,
2488 4692 2721 4747 Berua
2741 4694 2817 4745 rd
2836 4692 2853 4745 i
2873 4712 2909 4745 n
2928 4711 2960 4757 u
2982 4711 3006 4746 s
3032 4693 3123 4748 Se·

1843 4764 2048 4825 nensis,
2092 4784 2131 4819 s.
2176 4767 2205 4817 J
2231 4782 2261 4819 o
2283 4782 2315 4817 a
2338 4783 2373 4817 n
2397 4783 2433 4817 ιι
2455 4782 2483 4819 e
2506 4783 2530 4817 s
2558 4781 2591 4817 a
2636 4764 2971 4833 Capistrano
2998 4768 3051 4817 et
3081 4784 3122 4819 s.

1839 4837 1917 4960 ila
1936 4853 1965 4917 ρ
1983 4854 2013 4889 o
2032 4838 2066 4889 b
2086 4856 2119 4890 u
2140 4856 2163 4888 s
2226 4837 2294 4890 de
2361 4836 2563 4892 Marcu.
2630 4836 2697 4889 de
2748 4837 2957 4903 quibus
3008 4835 3124 4889 suis

1865 4926 1994 4962 ocis.
