3475 5364
349 353 368 404 1
390 354 467 405 43
487 356 502 405 1
1334 334 1624 399 Vatablus,
1654 333 1974 403 Gagnaeus.
2794 353 2816 404 1
2835 352 2864 403 4
2880 348 2957 403 82

343 540 493 596 quae
526 522 779 597 castigat
828 522 890 578 in
923 521 1110 580 latino
1160 522 1500 596 interprete,
1534 521 1625 580 in·
1681 521 1754 580 de
1801 520 2007 596 gloria,
2063 519 2324 578 Venetiis
2381 528 2544 581 1548
2592 521 2655 576 in
2705 529 2773 587 43
2827 537 2961 577 oro-

341 615 547 685 eptum
581 629 641 667 se
675 628 741 668 ac
773 610 1013 686 linguae
1045 610 1352 669 hebraicae
1385 611 1624 686 imperi·
1681 613 1898 668 tionum
1915 610 2525 667 extraordinariorum
2543 615 2580 666 t.
2597 610 2656 682 2,
2671 608 2963 683 inquibus
3016 668 3023 676 ,

341 704 473 757 tum
505 700 793 757 ostendit:
829 700 1117 759 lectiones
1139 700 1338 758 minus
1360 708 1626 776 acceptas
1681 699 1997 774 utriusque
2048 698 2109 755 Τ.
2159 698 2517 773 insigniores
2565 697 2786 773 quique
2846 698 2961 756 loci

342 790 403 846 in
424 792 655 846 textum
671 789 897 863 recipit,
917 788 1190 847 sensibus
1213 789 1625 864 utplurimum
1682 788 1917 847 erudita
1949 786 2226 846 facundia
2259 787 2402 845 scite
2422 806 2486 845 ac
2518 787 2858 845 luculenter
2888 788 2961 845 il-

343 878 470 935 suis
517 881 823 952 tamquam
869 878 1262 955 originalibus
1314 878 1625 936 adhaeret:
1682 879 2036 945 lustrantur,
2055 876 2320 934 Venetiis
2348 886 2508 939 1567
2523 886 2722 944 ·-77;
2757 878 2963 949 episto-

341 984 619 1042 graecum
651 968 949 1041 exemplar
996 968 1058 1025 in
1089 966 1166 1025 iis
1198 967 1359 1037 lociS,
1396 967 1461 1025 in
1492 966 1626 1042 qui·
1683 968 1773 1025 lae
1817 984 2084 1024 sermone
2129 965 2486 1023 nitidissimo
2532 966 2896 1041 conscriptae
2930 986 2964 1023 a

343 1056 454 1113 bus
504 1055 708 1113 minus
757 1075 934 1131 quam
981 1056 1237 1132 Vulgata
1287 1060 1627 1114 accurat-um
1684 1055 1898 1115 Bened.
1924 1056 2236 1114 Bacchinio
2262 1054 2468 1124 editae,
2497 1055 2961 1118 Mutinael705.

343 1144 623 1213 creditur,
659 1147 968 1219 tamquam
986 1148 1347 1222 prototypon
1366 1146 1626 1203 exhibet:
1685 1145 1944 1221 Operum
1963 1145 2228 1220 plurium
2247 1143 2567 1202 editionem
2589 1145 2819 1202 curavit
2828 1147 2965 1218 post

342 1253 492 1309 quae
523 1234 642 1309 ipsi
673 1252 881 1308 aspera
926 1234 1052 1292 visa
1097 1238 1240 1292 sunt
1285 1238 1344 1293 et
1376 1234 1631 1293 barbara
1683 1236 1816 1309 ejus
1866 1237 2117 1293 mortem
2165 1232 2522 1291 Benedictus
2574 1233 2805 1291 Guidi
2867 1251 2962 1291 so-

344 1323 451 1381 hac
483 1341 603 1381 una
634 1323 870 1381 ratione
901 1323 1198 1397 explodit:
1233 1343 1386 1398 quae
1418 1342 1629 1400 graeco
1684 1323 1849 1382 dalis.

343 1411 647 1470 contextui
661 1431 780 1471 nou
796 1414 942 1471 satis
967 1430 1297 1488 congruere
1309 1412 1627 1482 existimat,

341 1519 408 1559 ea
441 1518 549 1559 suo
580 1500 755 1559 modo
788 1502 1238 1577 interpretatur.
1287 1503 1494 1577 Neque
1528 1521 1626 1561 ve·
1823 1510 1965 1565 678.
2043 1501 2507 1559 Franciscus
2585 1500 2963 1559 Vatablus

340 1595 535 1647 terum
554 1590 890 1649 versionum
908 1591 1202 1649 rationem
1220 1592 1414 1660 habet,
1434 1610 1627 1666 neque
1686 1588 2038 1671 (Watebled,
2064 1585 2409 1669 Gastebled)
2433 1590 2636 1648 Gallus
2667 1589 2966 1665 professor

341 1679 484 1736 satis
519 1679 691 1738 bonis
724 1679 1026 1738 codicibus
1053 1679 1263 1739 utitur.
1297 1680 1628 1755 Exprobra·
1684 1684 1814 1739 erat
1844 1681 2044 1757 regius
2090 1680 2333 1755 linguae
2381 1679 2688 1738 hebraicae
2720 1698 2755 1737 a
2784 1678 2964 1736 Fran-

340 1772 443 1825 tur
491 1768 607 1842 ipsi
657 1786 913 1843 quoque,
969 1768 1193 1827 scholia
1241 1770 1305 1827 in
1355 1770 1419 1827 V.
1454 1770 1514 1826 Τ.
1550 1768 1626 1826 ad
1683 1770 1839 1828 cisco
1871 1769 1916 1833 1.
1949 1770 2191 1838 accituS,
2245 1767 2430 1827 studii
2463 1768 2703 1845 linguae
2737 1768 2965 1826 hebrai-

343 1857 591 1915 verbum
605 1876 674 1915 ex
702 1857 1191 1916 annotationibus
1213 1858 1342 1916 Seb.
1361 1859 1629 1917 Miinster
1685 1878 1784 1917 cae
1815 1877 1921 1934 per
1946 1859 2196 1916 Galliam
2236 1861 2619 1917 restaurator.
2670 1857 2754 1914 Ex
2787 1858 2966 1932 hujus

343 1946 602 2004 auctoris
636 1946 1025 2022 protestantis
1070 1946 1191 2005 fere
1223 1948 1626 2023 exscripsisse:
1684 1948 2185 2022 praelectionibus
2219 1947 2283 2005 iu
2316 1965 2360 2009 s,
2396 1946 2781 2022 Scripturam‚
2818 1964 2964 2019 quas

342 2053 409 2092 ea
439 2039 638 2093 tamen
672 2035 872 2093 Critici
905 2036 1052 2094 sacri
1105 2037 1170 2093 in
1217 2055 1383 2094 suam
1418 2037 1627 2096 collec·
1685 2037 1781 2094 vel
1813 2036 2030 2095 Judaei
2060 2036 2541 2112 frequentabant,
2577 2035 2966 2094 Robertus

342 2125 561 2182 tionem
615 2129 985 2200 receperunt.
1050 2125 1123 2183 In
1172 2128 1396 2183 cantica
1447 2128 1627 2183 conti·
1685 2126 2130 2201 Stephanus
2161 2125 2391 2184 celeber
2409 2124 2816 2201 typographus
2835 2121 2966 2205 (qui

342 2231 540 2270 eorum
585 2213 805 2271 scholia
848 2231 914 2270 ex
961 2214 1193 2272 arcanis
1226 2213 1626 2273 Hebraeomm
1683 2218 1886 2273 tamen
1931 2215 2140 2273 misere
2191 2215 2406 2273 defecit
2437 2214 2511 2272 ad
2545 2209 2963 2292 calvinianos),

344 2304 529 2370 eruta,
582 2302 845 2360 Venetiis
901 2312 1098 2373 1544;
1144 2304 1207 2360 in
1255 2304 1630 2381 Evonyelium
1683 2305 1923 2380 collegit
1997 2300 2212 2362 scholio
2290 2303 2622 2379 adjecitque
2707 2302 2967 2360 versioni

346 2391 539 2448 Lucae
588 2391 885 2451 orationes
941 2401 1040 2460 54,
1105 2391 1370 2451 Venetiis
1426 2403 1626 2460 15653
1684 2411 1727 2451 s,
1764 2393 2357 2469 ScripturaeaLeone
2391 2392 2462 2450 de
2476 2392 2635 2450 Juda
2651 2390 2966 2450 adornatae

344 2482 406 2537 in
438 2498 754 2538 sermonem
788 2481 1029 2538 Domini
1061 2482 1125 2539 in
1155 2489 1341 2539 monte
1372 2482 1627 2540 habitum
1688 2482 1934 2542 Parisiis
1986 2491 2174 2551 1545,
2223 2481 2325 2539 sed
2368 2481 2669 2540 erroribus
2720 2474 2966 2562 insecta}

346 2569 670 2627 secundum
706 2569 1074 2628 Matthaeum
1106 2589 1188 2629 or.
1214 2580 1292 2632 69
1331 2571 1404 2629 ad
1438 2590 1625 2647 popu·
1688 2570 1825 2630 hinc
1857 2571 2171 2647 reprobata
2203 2569 2764 2646 fuereatheologica
2779 2569 2967 2628 facul-

344 2659 488 2727 lum,
526 2658 788 2717 Venetiis
830 2667 1028 2730 1566:
1071 2669 1232 2723 1567
1258 2660 1317 2717 in
1344 2671 1413 2730 43
1447 2677 1630 2734 super
1684 2664 1809 2720 tate
1855 2660 2167 2737 parisiensi
2214 2664 2275 2719 et
2319 2660 2392 2718 ab
2441 2660 2572 2735 ipso
2608 2659 2873 2727 Vatablo,
2908 2661 2969 2718 et

347 2749 566 2807 Missus
580 2756 660 2806 est
674 2752 736 2807 et
750 2767 929 2824 super
953 2751 1253 2809 canticum
1273 2751 1625 2827 Magnificat,
1685 2751 1920 2809 nonnisi
1956 2754 2216 2809 correcta
2262 2750 2326 2808 in
2376 2749 2463 2808 ed.
2506 2759 2670 2812 1584
2706 2748 2967 2807 Salman-

346 2838 640 2896 orationes
664 2838 735 2895 de
757 2839 811 2896 b.
834 2839 1016 2898 Maria
1036 2839 1122 2908 V„
1146 2839 1410 2897 Venetiis
1439 2849 1627 2908 1565:
1684 2840 1837 2899 ticae
1853 2839 2140 2914 permissa
2158 2839 2637 2915 abinquisitione
2648 2838 2891 2912 hispana
2907 2833 2968 2920 ¹).

347 2926 409 2983 in
443 2946 486 2983 c.
532 2937 623 2988 15.
658 2947 747 3002 ep.
790 2938 841 2989 1.
875 2928 945 2986 ad
970 2927 1301 2988 Corinthios
1336 2929 1395 2990 ll.
1432 2937 1489 2999 3,
1524 2929 1628 3004 qui
1688 2930 1770 2988 Ea
1801 2929 2068 3004 alioquin
2119 2923 2593 3008 aestimantur-⁰⁴),
2642 2927 2783 3002 quia
2827 2930 2971 2985 sunt

345 3018 546 3073 tamen
576 3016 863 3091 prodiisse
896 3035 1015 3077 non
1048 3018 1357 3087 videntur:
1403 3018 1475 3076 ad
1509 3037 1626 3087 eoa,
1686 3018 1857 3088 clara,
1876 3019 2126 3088 concisa,
2145 3018 2406 3076 literalia
2420 3021 2481 3075 et
2495 3017 2712 3075 critica.
2745 3016 2965 3075 Iterum

346 3105 451 3177 qui
503 3125 537 3162 a
588 3106 887 3163 communi
921 3107 1170 3164 Ecc.esia
1212 3107 1627 3175 discesserunt,
1686 3107 2043 3182 prodierunt
2104 3116 2266 3170 1729
2301 3110 2344 3164 t.
2381 3116 2413 3167 2
2453 3107 2514 3164 in
2547 3106 2584 3168 f.
2648 3107 2716 3163 In
2751 3105 2970 3164 criticis

348 3193 673 3251 adhortatio
738 3195 816 3252 ad
876 3197 1259 3270 concordiam,
1313 3196 1630 3254 Mediolani
1688 3197 1872 3254 sacris
1905 3197 2292 3271 reperiuntur
2340 3196 2685 3253 intermixta
2714 3195 2970 3253 erroneis

361 3290 557 3350 15403
609 3283 874 3340 Mutinae
913 3295 1099 3352 1705,
1148 3288 1460 3342 accurante
1494 3285 1629 3343 doc·
1688 3290 1866 3360 prout
1899 3285 2192 3342 habentur
2237 3285 2300 3342 in
2350 3284 2438 3341 ed.
2472 3303 2522 3344 a.
2563 3292 2747 3351 1545,
2780 3283 2968 3340 indis·

346 3371 581 3430 tissimo
628 3372 938 3430 Bacchinio
987 3369 1083 3451 (cf.
1117 3372 1228 3442 112,
1272 3369 1483 3455 1182),
1527 3373 1631 3448 qui
1688 3374 2046 3432 criminatim
2080 3374 2190 3431 sub
2224 3372 2461 3431 Vatabli
2490 3373 2741 3430 nomine.
2808 3371 2972 3428 Obiit

349 3478 492 3518 auro
525 3461 890 3536 gemmisque
921 3461 1329 3537 pretiosiorem
1359 3463 1509 3520 hanc
1530 3480 1631 3519 vo·
1700 3474 1792 3525 16.
1829 3464 1998 3524 Mart.
2042 3471 2226 3524 1547.
2250 3495 2338 3503 -
2357 3462 2449 3519 Ab
2478 3480 2547 3519 eo
2569 3459 2971 3535 sejungendus

350 3553 444 3607 cat
494 3549 1001 3618 lucubrationem:
1050 3553 1337 3609 orationes
1382 3558 1635 3627 quatuor
1688 3567 1808 3610 non
1869 3555 1962 3609 est
2024 3551 2285 3609 Joannes
2347 3550 2750 3626 Gagnaeus
2813 3549 2970 3624 pari·

352 3638 557 3696 habita
588 3639 652 3696 in
683 3657 843 3699 conc.
877 3640 1223 3708 tridentinO,
1267 3651 1318 3701 l.
1353 3640 1424 3698 de
1452 3641 1632 3710 justi·
1688 3640 1899 3699 siensis
1962 3639 2294 3697 academiae
2343 3643 2538 3706 rector
2586 3641 2647 3695 et
2696 3638 2971 3696 ecclesiae

350 3727 618 3787 ficatione
670 3729 957 3798 hominis:
1013 3738 1067 3791 2.
1120 3729 1191 3787 de
1240 3729 1631 3804 imputatione
1690 3728 2084 3787 cancellarius
2119 3724 2181 3809 (†
2220 3723 2430 3807 1549).
2495 3727 2645 3784 Nam
2679 3727 2774 3785 ille
2807 3726 2970 3785 illus·

343 3817 619 3889 justitiae
651 3819 713 3876 et
744 3818 1101 3876 celtitudine
1122 3818 1377 3894 gratiae;
1416 3827 1469 3880 3.
1494 3822 1555 3876 et
1579 3830 1631 3880 4.
1688 3822 1959 3876 traverat
2012 3818 2074 3876 V.
2109 3817 2190 3886 Τ.,
2239 3816 2335 3874 hic
2384 3817 2455 3874 N.
2487 3816 2550 3874 T.
2615 3816 2972 3890 Plerumque

1690 3911 1890 3966 autem
1927 3908 2202 3982 sequitur
2232 3909 2505 3964 accurate
2545 3908 2776 3964 textum
2807 3922 2972 3981 grae·

354 4041 541 4110 operis
570 4042 755 4094 fronte
798 4045 1045 4094 veterem
1091 4042 1400 4096 editionem
1428 4057 1635 4095 correc-
1692 4015 1846 4097 ‘min’
1881 4000 2069 4096 atque.
2091 4013 2331 4096 graec-98
2363 3998 2561 4094 patres
2582 4013 2772 4070 magls
2794 4014 2971 4068 quam

355 4115 501 4171 ωιτη
557 4114 753 4181 postea
805 4128 936 4167 vero
989 4130 1157 4181 quam
1213 4112 1636 4181 pollicitatione
1692 4086 1909 4143 latmos
1941 4084 2210 4151 adhibet3
2263 4104 2324 4141 in
2357 4084 2589 4142 actlbus
2621 4102 2757 4141 vero
2790 4104 2880 4159 ap.
2912 4089 2974 4141 et

352 4183 457 4235 hac
474 4182 716 4251 depellit
738 4184 1017 4237 invidiam
1046 4184 1334 4246 novitatis,
1352 4183 1536 4237 multa
1553 4184 1634 4236 in-

352 4254 502 4317 serit,
532 4254 731 4321 adJ'icit
757 4255 1060 4323 quaedam,
1101 4254 1381 4310 nonnulla
1417 4259 1635 4314 mutat:
1769 4261 1807 4326 Ι)
1836 4255 2046 4309 Earum
2099 4270 2392 4308 censuram
2439 4256 2604 4324 (forte
2649 4271 2777 4308 cum
2824 4254 2972 4324 aliis)

354 4329 421 4378 ut
441 4325 618 4378 lector
634 4343 747 4378 non
766 4326 924 4380 aliud
944 4326 1125 4395 possit
1151 4326 1211 4379 in
1245 4327 1383 4380 locis
1401 4328 1637 4380 mutatis
1693 4327 1997 4380 adornasse
2048 4326 2261 4380 dicitur
2308 4328 2357 4378 A
2374 4326 2392 4378 l
2409 4347 2446 4397 p
2465 4326 2501 4379 h
2518 4344 2549 4380 o
2569 4344 2605 4378 n
2622 4343 2646 4378 s
2665 4344 2700 4379 u
2717 4343 2741 4379 s
2792 4325 2849 4378 M
2866 4342 2898 4378 a
2916 4344 2972 4377 n-

353 4395 687 4465 intelligere,
718 4414 889 4464 quam
933 4401 1038 4452 aut
1077 4399 1281 4452 veteris
1307 4397 1637 4468 interpretis
1691 4399 1810 4466 riq
1830 4416 1864 4450 u
1884 4414 1912 4450 e
1941 4397 2087 4462 (aliis
2106 4398 2401 4468 Martinez)
2421 4397 2779 4467 O.Praed.(fi.
2798 4401 2971 4461 1559),

354 4483 598 4521 errorem
627 4472 728 4520 aut
756 4472 1009 4522 veterum
1060 4469 1317 4523 codicum
1365 4471 1635 4539 deprava·
1686 4471 1853 4540 juxta
1874 4486 2045 4537 quam
2073 4486 2130 4523 re
2176 4472 2378 4539 urgata
2400 4468 2814 4537 prodieruntin
2831 4469 2973 4522 ed.s.

355 4539 587 4592 tionem.
618 4538 798 4603 Quam
828 4540 1042 4594 bellum
1070 4544 1193 4594 erat
1213 4541 1407 4610 potius
1429 4559 1637 4596 novam
1661 4598 1668 4620 ¹
1692 4541 1808 4596 Scri
1856 4543 2018 4594 turae
2070 4540 2140 4594 Sa
2169 4539 2450 4594 manticae
2501 4540 2778 4594 adornata
2817 4542 2973 4595 1584.

354 4610 661 4665 editionem
692 4612 947 4665 confiteri
976 4628 1147 4680 quam
1179 4615 1424 4666 veterem
1453 4629 1637 4667 emen·
1694 4613 1779 4667 Cf.
1857 4612 2032 4665 chard
2064 4612 2125 4667 [Ι.
2156 4611 2401 4676 167;Du
2447 4611 2508 4664 in
2537 4611 2685 4674 xlv,
2713 4615 2833 4667 175.

354 4682 579 4734 datam:
620 4699 689 4735 ne
717 4682 955 4738 lectores
995 4684 1103 4736 sim
1149 4684 1282 4738 lices
1310 4684 1496 4738 verbis
1523 4701 1637 4738 am·
1769 4688 1809 4756 2)
1838 4684 1922 4738 Cf.
1951 4684 2133 4738 Feller
2159 4688 2208 4748 8,
2237 4687 2337 4740 311
2361 4706 2371 4740 :
2453 4683 2670 4736 .Simon
2695 4681 2835 4735 Hist.
2853 4682 2974 4736 crit.

356 4752 408 4805 bi
455 4753 545 4806 uis
572 4753 1019 4835 deciperentur.··
1136 4755 1320 4808 uetius
1358 4755 1637 4809 tamenin
1695 4758 1773 4808 du
1817 4756 1882 4810 V.
1926 4755 1987 4808 T.
2017 4754 2112 4819 Ill,
2155 4759 2253 4818 153
2305 4754 2607 4822 Haneberg
2642 4753 2837 4809 Geseh.
2879 4753 2976 4805 der

352 4824 388 4876 l.
414 4771 679 4904 {ex-claris
705 4827 1115 4895 interpretibus
1142 4827 1353 4880 nititur
1384 4827 1637 4881 Clarium
1694 4827 1829 4881 bibl.
1876 4827 2094 4882 Offenb.
2140 4826 2226 4880 ed.
2270 4832 2321 4883 4.
2365 4845 2422 4896 p.
2460 4829 2564 4882 849
2607 4824 2976 4894 Regensburg

354 4899 501 4948 tueri
530 4900 728 4950 contra
756 4899 903 4951 hanc
931 4915 1242 4953 censuram.
1696 4902 1866 4956 1876:
1897 4897 2117 4952 Kaulen
2145 4897 2256 4952 KL.
2285 4897 2430 4962 xm,
2459 4901 2581 4953 777.
