3475 5364
862 311 1143 378 For-estus,
1170 309 1475 376 Belchiam,
1503 309 1915 380 Caeppelmair,
1940 313 2077 365 Arn.
2104 311 2173 365 de
2204 310 2475 381 Usingen.

368 331 524 384 1261
2812 326 2977 381 1262

359 504 670 577 propterea
714 499 895 557 etiam
942 502 1118 556 tanta
1163 497 1265 556 illa
1309 498 1423 556 loci
1453 498 1639 557 insta·
1792 508 1937 562 591.
1971 499 2177 573 Neque
2209 517 2277 557 ex
2311 497 2518 557 ordine
2562 516 2607 557 ⁸.
2641 497 2976 574 Anqustim',

362 589 589 648 bilitas:
641 607 950 663 nunquam
998 592 1198 645 tamen
1246 605 1406 645 more
1456 586 1641 647 refor·
1695 607 1730 645 a
1763 605 1882 662 quo
1913 587 2210 646 Lutherus
2244 587 2505 662 turpiter
2537 586 2845 656 defecerat,
2879 586 2978 645 de·

361 683 655 737 matorum
687 677 851 735 illius
879 676 1166 751 temporis
1183 676 1475 734 Ecclesiae
1507 676 1641 734 doc·
1696 676 1945 735 fuerunt
1958 677 2062 751 qui
2083 682 2325 735 strenue
2345 676 2473 749 ejus
2491 676 2979 736 innovationibus

360 768 583 826 trinam
637 766 986 842 aggreditur
1028 766 1123 824 vel
1168 765 1359 840 carpit
1411 760 1471 847 (†
1504 768 1642 824 ante
1698 784 1761 824 se
1822 766 2227 842 opposuerint.
2317 766 2410 823 Ita
2471 764 2669 823 Wolf
2677 784 2718 841 g
2734 783 2977 841 angus

365 865 465 920 23.
499 859 651 932 Aug.
692 851 902 936 1537).
954 854 1079 930 Ipsi
1109 854 1401 913 tribuitur
1429 858 1493 913 et
1534 854 1643 912 Tin
1697 855 2098 931 Caeppelm
2118 854 2234 912 air
2265 848 2471 935 (etiam
2487 853 2845 913 Ostermaier
2875 874 2979 929 ap·

362 945 779 1024 Eulenspieyel,
814 943 1184 1002 Francofurti
1213 952 1378 1006 1519
1416 939 1639 1025 (etjam
1695 940 1980 1024 pellatus)
2013 945 2298 1013 BavaruS,
2321 943 2652 1019 theologiae
2684 943 2887 1003 doctor
2918 946 2983 1002 et

359 1035 527 1111 prius
588 1031 799 1112 1515),
853 1050 1030 1109 quem
1076 1032 1130 1090 J.
1184 1032 1258 1090 M.
1305 1032 1640 1109 Lappen-
1698 1032 1997 1108 professor
2012 1033 2473 1109 Wittenbergae,
2494 1031 2740 1090 Lutheri
2761 1033 2979 1109 magis-

358 1124 399 1182 b
412 1144 443 1182 e
456 1144 487 1182 r
500 1143 540 1200 g
570 1123 940 1181 illustratum
958 1120 1166 1190 edidit,
1184 1120 1419 1196 Lipsiae
1442 1131 1638 1191 18543
1695 1125 1807 1191 ter,
1834 1126 2042 1196 postea
2060 1122 2222 1196 prior
2244 1124 2570 1181 conventus
2591 1122 2977 1191 monacensis,

361 1213 545 1271 Halae
588 1221 771 1275 1855.
804 1211 914 1269 Die
946 1210 1088 1270 Gots
1115 1211 1171 1268 11.
1210 1229 1362 1269 mesz
1379 1229 1490 1269 von
1508 1214 1643 1286 gott
1699 1212 1804 1286 qui
1863 1214 2015 1270 teste
2076 1211 2312 1269 Eckio
2361 1214 2432 1271 ut
2480 1209 2760 1285 splendor
2807 1224 2981 1270 verae

362 1301 542 1360 allein
573 1300 808 1368 erstifft‚
842 1300 943 1359 ein
974 1299 1135 1359 stadt
1165 1298 1291 1358 und
1332 1299 1641 1377 lebendigs
1697 1299 1834 1359 fidei
1868 1300 1992 1359 illis
2015 1299 2387 1359 turbulentis
2408 1299 2774 1374 temporibus
2793 1300 2983 1358 eluxit

362 1391 548 1466 opffer
612 1389 708 1448 fiir
769 1388 864 1448 die
941 1387 1300 1465 lebendigen
1360 1388 1486 1447 und
1546 1389 1643 1448 die
1700 1384 1761 1469 (†
1812 1385 2024 1469 1531).
2071 1422 2160 1432 —
2205 1388 2558 1465 Praeprimis
2606 1406 2743 1448 vero
2788 1389 2979 1449 nomi-

360 1480 579 1538 dodten
613 1524 625 1535 .
660 1523 672 1535 .
708 1522 720 1536 .
754 1478 938 1537 wider
960 1477 1056 1536 die
1073 1477 1285 1536 fiinffte
1302 1479 1640 1541 schluszred
1698 1478 1932 1537 naudus
1981 1487 2075 1538 est
2124 1478 2293 1548 811118,
2358 1477 2463 1553 qui
2524 1477 2742 1536 dicitur
2798 1477 2981 1537 fuisse

361 1588 434 1626 zu
480 1570 640 1627 Bern
684 1567 1002 1642 disputiert
1058 1565 1122 1624 in
1171 1566 1276 1625 der
1319 1567 1640 1645 Eidtgnos-
1697 1568 1984 1645 magister
2033 1567 2298 1635 Lutheri‚
2351 1585 2528 1641 quem
2573 1567 2668 1625 hic
2717 1567 2844 1643 ipse
2876 1567 2982 1626 diu

362 1657 582 1716 schaftt
627 1657 742 1715 den
791 1657 1018 1714 fromen
1062 1655 1218 1713 alten
1253 1656 1643 1716 christlichen
1697 1657 1902 1733 magni
1947 1656 2105 1726 fecit,
2156 1655 2810 1714 Bartholomaeus
2856 1658 2980 1715 Ar·

360 1747 627 1805 Bernern
677 1765 751 1803 zu
801 1749 951 1804 trost
981 1744 1106 1803 und
1137 1745 1348 1803 behilff
1372 1747 1644 1821 gemacht
1698 1764 1790 1805 no
1808 1746 1920 1804 ldi
1963 1748 2355 1821 cognomento
2386 1744 2728 1822 Usingen
2774 1765 2810 1804 a
2855 1745 2981 1804 loco

360 1835 483 1894 und
516 1855 588 1893 zu
607 1834 833 1893 Luzern
853 1833 1159 1892 offentlich
1192 1878 1204 1891 .
1239 1883 1252 1897 .
1286 1879 1298 1891 .
1332 1835 1644 1912 gepredigt
1697 1835 1895 1910 patrio
1956 1835 2191 1893 Nassau
2211 1867 2233 1877 ·
2257 1834 2538 1910 Usingen.
2602 1834 2718 1892 Diu
2777 1834 2984 1894 docuit

360 1924 484 1983 und
517 1924 627 1982 mit
658 1924 791 1982 dem
822 1941 1017 1981 waren
1050 1926 1187 1999 gots
1217 1927 1371 1982 wort
1400 1924 1642 1983 besesti-
1697 1923 1998 1982 Erfordiae
2031 1922 2466 1999 philosophiam
2499 1926 2559 1981 et
2590 1942 2639 1981 a.
2662 1927 2840 1981 natus
2853 1924 2978 1998 jam

360 2015 478 2089 get,
512 2013 813 2071 Lucernae
853 2020 1040 2081 1528,
1074 2012 1111 2069 l.
1145 2031 1334 2071 rarus,
1381 2011 1501 2072 Von
1532 2015 1643 2073 den
1704 2022 1782 2075 50
1818 2013 2125 2090 ingressus
2158 2016 2253 2071 est
2283 2011 2554 2071 ordinem
2587 2031 2631 2069 s.
2654 2013 2980 2088 Augustini

355 2103 465 2176 fier
493 2103 748 2160 ketzeren
780 2100 1266 2178 Prediyerordens
1310 2101 1415 2161 der
1445 2102 1643 2163 obser·
1699 2097 1949 2183 (1512).
1983 2102 2240 2160 Fortiter
2261 2101 2431 2159 stetit
2448 2119 2557 2176 pro
2578 2118 2761 2160 causa
2780 2102 2984 2160 catho-‘

359 2196 532 2251 vantz
563 2211 637 2249 zu
665 2191 822 2249 Bern
854 2191 916 2248 in
951 2190 1317 2265 Schweytzer
1347 2192 1491 2251 land
1512 2212 1641 2251 ver·
1699 2191 1815 2249 lica
1875 2195 2083 2250 contra
2158 2189 2573 2249 innovationes
2633 2190 2984 2249 lutheranas

360 2280 578 2338 brennt
610 2276 672 2359 (†
708 2289 805 2341 31.
826 2279 958 2355 maj.
998 2276 1193 2360 1509)
1227 2280 1456 2355 poetice
1488 2283 1550 2339 et
1580 2283 1641 2340 in
1698 2280 2083 2339 concionibus
2118 2283 2180 2338 et
2200 2279 2438 2354 scriptis
2462 2274 2524 2360 (†
2548 2289 2602 2341 9.
2625 2278 2786 2355 Sept.
2812 2287 2978 2342 1532

361 2387 564 2445 prosa:
600 2370 690 2427 De
720 2375 970 2445 quatuor
999 2370 1418 2428 haeresiarchis
1448 2370 1512 2429 Ο.
1548 2371 1639 2428 Pr.
1698 2389 1747 2427 a.
1799 2369 2010 2428 aetatis
2064 2364 2190 2449 70).
2269 2368 2571 2444 Pugnavit
2632 2368 2978 2444 praesertim

359 2458 430 2517 de
444 2457 834 2517 Observantia
844 2460 1327 2534 nuncupatorum
1340 2453 1407 2539 ²),
1424 2463 1642 2536 Argen·

359 2548 536 2607 torati
578 2557 603 2608 1
621 2557 765 2610 509.
793 2546 1121 2623 —Anglus
1152 2547 1269 2605 fuit
1299 2548 1387 2608 Jo
1405 2567 1548 2607 81111
1565 2569 1596 2608 8
1613 2567 1640 2607 8

358 2636 403 2695 F
418 2656 451 2697 0
467 2656 497 2694 r
513 2655 544 2696 e
560 2654 587 2696 8
601 2638 629 2695 t
644 2656 687 2697 u
702 2654 729 2696 s
762 2655 880 2713 reg.
902 2635 1026 2698 obs,
1058 2635 1386 2714 theologiae
1416 2637 1639 2708 doctor,

358 2745 611 2802 magnus
642 2727 732 2785 rei
763 2726 1088 2785 catholicae
1138 2727 1373 2797 zelator,
1419 2727 1639 2787 infelici

357 2816 597 2892 reginae
659 2815 1006 2874 Catharinae
1067 2835 1102 2873 a
1150 2815 1637 2888 confessionibus,

358 2906 463 2979 qui
495 2924 601 2980 pro
622 2905 976 2963 auctoritate
988 2905 1286 2964 Ecclesiae
1302 2907 1640 2981 summique

357 2994 657 3069 pontificis
734 2998 977 3053 strenue
1039 2994 1352 3064 laboravit,
1417 2995 1637 3064 docuit,

357 3084 732 3158 praedicavit,
787 3084 920 3141 hinc
970 3082 1190 3159 dignus
1242 3084 1483 3143 habitus
1534 3103 1641 3160 per

357 3171 668 3229 biennium
719 3189 980 3229 carceres
1014 3176 1074 3230 et
1106 3172 1345 3231 vincula
1374 3174 1638 3248 primum

1698 2462 1904 2517 contra
1934 2458 1973 2517 J
1975 2476 2223 2516 oannem
2255 2458 2659 2515 Culsamerum
2692 2458 2980 2515 Luthera·

1696 2567 1845 2608 num
1906 2547 1971 2606 in
2035 2566 2205 2605 serm.
2258 2547 2327 2605 de
2373 2546 2631 2605 Ecclesia
2681 2547 2976 2623 catholica,

1705 2645 1869 2701 1522
1903 2636 1970 2696 in
2004 2646 2074 2706 43
2122 2637 2191 2695 de
2221 2637 2591 2695 matrimonio
2620 2637 2977 2696 sacerdotum

1697 2733 1748 2784 et
1779 2728 2195 2785 monachorum
2227 2727 2612 2802 exiticiorum,
2644 2733 2809 2788 1523
2831 2727 2898 2784 in
2920 2735 2979 2797 43

1698 2819 1950 2891 uterque
2012 2834 2148 2874 cum
2210 2814 2345 2874 aliis
2405 2814 2626 2873 iterum
2675 2814 2979 2875 Erfordiae

1704 2914 1905 2975 15233
1953 2906 2023 2962 de
2052 2905 2256 2963 merim
2299 2904 2578 2962 bonorum
2608 2920 2868 2979 operum,
2901 2905 2977 2964 ib.

1704 3004 1905 3064 1525;
1950 2995 2020 3052 de
2058 2995 2232 3067 falsis
2270 2994 2592 3069 prophetis,
2627 2993 2698 3051 de
2731 2995 2891 3052 recta
2919 2998 2981 3052 et

1697 3082 1919 3142 munda
1949 3083 2383 3158 praedicatione
2417 3082 2751 3159 Evangelii3
2784 3083 2853 3140 de
2872 3085 2981 3147 trie

1697 3172 1801 3231 bus
1832 3174 2157 3231 necessario
2175 3173 2472 3248 requisitis
2493 3171 2568 3230 ad
2587 3172 2771 3229 vitam
2795 3172 2980 3231 chris-

359 3259 635 3333 perferre,
687 3259 1038 3335 sanguinem
1087 3260 1296 3318 deinde
1347 3265 1408 3319 et
1454 3262 1639 3320 vitam
1695 3261 1940 3331 tianam,
1974 3280 2126 3336 quae
2158 3263 2301 3319 sunt
2332 3261 2543 3335 gratia,
2587 3260 2748 3328 fides,
2782 3280 2978 3336 opera,

358 3346 717 3422 profundere
739 3356 836 3408 22.
854 3348 988 3422 Maj.
1013 3359 1038 3409 1
1055 3357 1199 3411 538.
1234 3369 1281 3410 a.
1307 3350 1518 3432 aetatis
1541 3360 1637 3413 70.

1696 3349 2003 3424 Herbipoli
2030 3359 2055 3410 1
2074 3359 2104 3411 5
2117 3358 2150 3410 2
2162 3359 2195 3410 6
2220 3348 2284 3406 in
2307 3357 2344 3409 4
2369 3370 2382 3418 3
2410 3351 2818 3426 ptarqatorium
2840 3368 2978 3407 con-

357 3469 446 3481 —
477 3437 650 3494 Anno
693 3436 1065 3510 praecedenti
1113 3433 1197 3518 (3.
1231 3439 1383 3514 Aug.
1441 3450 1467 3501 1
1486 3433 1637 3519 537)
1694 3441 1791 3495 tra
1810 3437 2182 3496 Lutheranos
2203 3456 2308 3512 per
2329 3437 2696 3513 scripturam
2718 3441 2780 3495 et
2799 3438 2978 3496 ratio-

357 3525 431 3584 ad
493 3526 721 3584 coelum
784 3525 918 3583 fidei
979 3532 1206 3601 martyr
1280 3527 1642 3604 migraverat
1695 3545 1831 3584 nem
1865 3527 2183 3601 probatum
2203 3529 2264 3585 et
2278 3524 2351 3583 de
2370 3526 2724 3585 liberatione
2755 3526 2980 3584 anima-

359 3615 404 3673 Τ
421 3616 456 3672 h
474 3633 508 3673 0
526 3633 587 3672 m
603 3634 636 3672 a
653 3634 680 3672 8
740 3615 789 3671 Β
804 3633 835 3673 8
852 3615 874 3672 l
889 3631 920 3672 c
935 3614 1154 3684 biam,
1234 3616 1338 3689 qui
1398 3617 1435 3674 1.
1500 3634 1637 3674 con·
1696 3634 1833 3673 rum
1852 3634 1920 3673 ex
1937 3634 2006 3674 eo
2025 3634 2132 3691 per
2152 3614 2435 3690 suffragia
2458 3614 2749 3683 vivorum,
2767 3615 2979 3673 Herbi-

359 3704 595 3779 scripsit
641 3706 1056 3779 praenotatum
1117 3705 1262 3764 Ecce
1310 3707 1409 3781 qui
1456 3706 1639 3763 molli·
1695 3704 1820 3780 poli
1876 3713 1994 3767 152
2009 3715 2039 3766 ’7
2063 3725 2077 3773 ;
2140 3703 2431 3762 Invocatio
2479 3704 2610 3776 SS„
2672 3703 2751 3761 ib.
2812 3711 2976 3766 1528

360 3794 464 3852 bus
497 3793 834 3867 vestiuntur,
878 3795 941 3851 in
972 3794 1235 3852 domibus
1277 3813 1473 3872 requm
1506 3802 1641 3853 sunt
1695 3793 1762 3852 in
1784 3787 2392 3868 123Anabaptismus:
2407 3791 2735 3852 confutatio
2753 3811 2978 3862 eorum,

357 3878 592 3964 (Matth.
634 3893 729 3953 11,
768 3878 850 3962 8),
902 3901 1021 3957 quo
1042 3883 1283 3941 Henrici
1303 3881 1458 3942 V111.
1480 3902 1639 3942 erro·

358 3990 451 4030 res
484 3972 887 4046 vitiorumque
934 3971 1126 4030 labem
1159 3972 1414 4035 damnat.
1478 3973 1637 4030 Num

356 4080 495 4120 vero
527 4061 844 4136 utriusque
889 4060 1026 4119 libri
1071 4061 1421 4136 prodierint,
1471 4062 1640 4121 nobis

358 4168 478 4208 non
509 4145 756 4209 constat.

440 4377 474 4441 ι)
503 4371 587 4427 Of.
614 4388 761 4440 quae
802 4373 871 4426 de
911 4372 1001 4427 his
1043 4377 1175 4443 post
1216 4376 1302 4428 tot
1327 4373 1641 4427 calumnias

1696 3901 1847 3957 quae
1864 3882 2162 3940 Lutherus
2183 3881 2424 3956 scripsit
2442 3881 2506 3939 in
2523 3880 2977 3956 rebaptizantes,

1696 3971 1967 4030 Coloniae
2004 3979 2189 4040 1529,
2237 3969 2470 4044 aliaque
2515 3970 2635 4028 fere
2667 3970 2896 4029 inedita
2911 3966 2977 4050 1).

1696 4061 1920 4118 Nostra
1949 4063 2147 4120 aetate
2181 4060 2344 4118 Dom.
2378 4060 2682 4135 Duynstee
2702 4059 2889 4117 edidit
2908 4079 2975 4118 ex

1697 4150 1828 4225 ejus
1863 4148 1984 4207 cod.
2033 4167 2203 4207 mscr.
2239 4148 2534 4208 Polemica
2563 4150 2632 4207 de
2661 4169 2736 4207 83.
2772 4150 2975 4207 eucha-

1781 4379 1814 4436 1)
1843 4359 1925 4429 cf'.
1954 4373 2110 4428 mose
2139 4372 2649 4438 KL.1‚1429—33;
2679 4373 2748 4426 N.
2766 4373 2977 4428 Paulus

361 4442 582 4497 erudite
623 4443 849 4497 disserit
887 4444 957 4497 N.
986 4443 1077 4497 Pa
1095 4445 1222 4499 11111
1241 4463 1266 4498 8
1308 4445 1415 4498 Ein
1439 4446 1469 4498 J
1478 4446 1639 4498 ustiz·
1695 4445 1808 4498 Der
1835 4445 2184 4514 Augustziner
2210 4445 2271 4498 B.
2299 4444 2537 4498 Arnoldi
2565 4463 2678 4499 von
2707 4445 2978 4516 Usingen,

361 4514 521 4569 mord
572 4531 646 4566 an
699 4514 819 4568 vier
868 4515 1279 4569 Dominikaner
1342 4518 1641 4587 begangen

362 4589 558 4656 (1509),
600 4585 661 4639 111
703 4585 1076 4640 Frankfurter
1116 4587 1465 4641 Broschiiren
1502 4592 1639 4644 1897

359 4656 491 4711 fasc.
534 4661 603 4722 3.‚
655 4659 755 4725 qui
802 4675 933 4729 pag.
978 4663 1048 4715 68
1094 4658 1291 4713 merito
1333 4660 1497 4713 notat
1536 4659 1639 4713 Th.

360 4726 591 4797 Murner
618 4746 733 4782 non
759 4728 1012 4783 alienum
1041 4745 1159 4783 8888
1184 4747 1219 4782 8
1283 4729 1497 4784 artium
1525 4734 1640 4784 stu-

359 4798 471 4862 dio,
502 4816 686 4868 neque
714 4800 849 4854 satis
876 4804 1138 4855 accurate
1156 4801 1224 4855 de
1281 4818 1346 4854 ac
1368 4818 1534 4872 causa
1556 4802 1638 4855 in-

358 4871 674 4938 justissima
701 4869 959 4927 scribere.

1696 4516 1939 4570 Luthers
1988 4516 2197 4570 Lehrer
2246 4516 2366 4569 und
2416 4516 2655 4586 Gegner,
2701 4518 2977 4587 Freiburg

1697 4592 1856 4646 1893.
1880 4588 2228 4657 Biographie
2256 4588 2546 4641 nationale
2574 4588 2643 4641 de
2672 4587 2826 4658 Belg.
2847 4590 2887 4651 1,
2908 4593 2978 4644 94

1697 4675 1826 4712 eum
1870 4659 2097 4713 videtur
2142 4659 2321 4728 belgis
2362 4675 2653 4713 accensere
2698 4663 2976 4727 vocatque

1699 4729 1891 4786 Barth.
1933 4731 2323 4783 Aernonds
2351 4732 2418 4783 de
2446 4730 2975 4799 Huysinghen;

1697 4800 2007 4872 Reininger
2051 4801 2469 4856 Weihbisehofe
2515 4817 2627 4855 von
2657 4801 2976 4871 Wiirzburg

1697 4872 1751 4927 S.
1781 4876 1882 4929 132
1911 4877 2016 4927 etc.
