3475 5364
963 324 1334 377 1476—1500.
1361 322 1595 375 AscesiS.
1624 322 1917 390 Senectus,
1946 324 2150 392 Meyer,
2177 324 2398 390 Benoit‚
2426 324 2682 389 Arnoldi‚
2968 343 3133 400 1083

530 337 549 385 l
567 339 600 389 0
612 338 645 391 8
659 336 689 386 7

517 508 1236 583 lectionejuvatur,quam
1248 509 1700 584 animipuritate
1712 529 1801 566 ex·
1953 520 2094 573 520.
2128 511 2391 569 Adamus
2442 513 2696 588 Meyer
2727 504 3022 593 (villicus,
3061 515 3137 573 de

517 597 839 671 ercitioque
856 594 1801 668 obtineturamorisll.3‚Coloniae
1857 618 1899 660 s.
1934 599 2292 671 wendelino,
2327 601 2398 659 de
2431 597 2708 681 Exwilre)
2745 602 2900 661 OSB.
2951 604 3132 662 abbas

523 698 548 748 1
568 696 711 753 556,
783 686 895 744 sub
958 704 1076 759 qua
1145 688 1532 763 inscriptione
1608 688 1798 746 edidit
1855 706 1897 746 S.
1932 688 2172 748 Martini
2206 690 2443 764 Majoris
2476 691 2770 759 Coloniae.
2808 709 3130 769 congrega-

517 777 717 833 Brun
734 793 767 833 o
818 776 911 833 Lo
929 793 1006 832 er
1034 778 1287 851 mystica
1325 778 1575 852 Harphii
1618 797 1796 853 opera
1851 776 2030 835 tionis
2063 779 2488 839 bursfeldensis
2507 781 2851 856 praesidens
2882 801 3133 858 genera-

516 865 856 943 dicavitque
872 888 1037 927 suam
1054 865 1539 943 ed.s.1gnatiode
1555 868 1793 942 Loyola.
1850 866 1942 935 lis,
1977 868 2244 942 plurium
2277 869 2718 943 provinciarum
2754 870 2890 932 Ord.
2924 870 3131 929 visita-

518 954 735 1015 Verum
757 979 822 1017 ea
841 958 961 1017 fuit
974 956 1276 1035 prohibita
1291 962 1540 1015 nontam
1553 960 1795 1031 propter
1850 958 1960 1024 tor,
2025 961 2304 1019 servator.
2367 959 2598 1027 vindex,
2660 958 2778 1017 dux
2824 960 3133 1037 religionis

517 1047 846 1106 doctrinam
864 1067 1042 1123 quam
1054 1048 1296 1121 propter
1320 1045 1648 1104 locutiones
1679 1046 1791 1103 mi·
1849 1044 2042 1103 avitae
2058 1048 2122 1104 in
2137 1047 2413 1122 plurimis
2429 1048 2802 1107 monasteriis
2820 1046 2881 1129 (†
2898 1058 2950 1109 7.
2962 1049 3131 1109 Febr.

514 1157 628 1197 nus
643 1144 960 1199 accuratas,
984 1154 1134 1212 quae
1155 1135 1259 1193 illo
1270 1139 1535 1209 tempore
1550 1141 1793 1210 propter
1857 1130 2068 1213 1499),
2115 1136 2359 1211 reliquit
2387 1137 2669 1212 opuscula
2713 1138 2981 1207 ascetica‚
3030 1138 3133 1197 sed

513 1226 855 1286 irrefrenem
904 1225 1186 1300 opinandi
1236 1224 1573 1282 libertatem
1625 1228 1790 1299 pote·
1848 1223 2071 1281 inedita
2086 1222 2152 1305 1).
2182 1259 2269 1268 —-
2289 1225 2549 1284 «Ioannes
2580 1228 2858 1286 Benoit
2891 1228 3130 1287 canoni-

512 1322 649 1374 rant
679 1316 870 1374 videri
890 1315 1336 1381 malesonanteS.
1354 1313 1652 1372 erroribus
1684 1332 1791 1373 no·
1849 1331 1951 1370 cus
1998 1315 2389 1373 cracoviensis
2437 1315 2722 1374 disseruit
2765 1317 2837 1374 de
2882 1318 3134 1376 visioni·

513 1409 784 1464 vatorum
805 1404 1089 1473 faventes,
1107 1403 1457 1478 aequivocae
1472 1407 1582 1461 etc.
1600 1402 1791 1471 Quare
1848 1401 1959 1460 bus
2021 1408 2081 1461 et
2140 1404 2601 1463 revelationibus
2642 1405 3020 1465 naturalibus
3069 1412 3131 1464 et

511 1496 727 1555 Petrus
773 1494 995 1552 Paulus
1028 1493 1162 1550 Phi
1183 1492 1440 1568 lippus
1489 1492 1552 1550 O.
1585 1492 1788 1549 Praed.
1846 1490 2078 1559 divinis,
2116 1493 2459 1570 Moguntiae
2486 1504 2651 1557 1550
2690 1491 2770 1575 (fl.
2810 1490 3129 1575 1490).—

512 1585 602 1642 ed.
635 1583 795 1642 illam
841 1582 1092 1641 correxit
1138 1585 1198 1639 et
1231 1580 1541 1656 castigavit
1590 1581 1789 1638 addita
1849 1619 1875 1646 ,
1892 1580 1943 1636 H
1961 1601 1991 1639 e
2008 1582 2176 1640 nric
2193 1602 2234 1639 11
2250 1601 2277 1639 s
2326 1584 2377 1639 A
2393 1602 2479 1640 rn
2495 1601 2529 1639 0
2547 1584 2568 1640 l
2587 1583 2660 1641 di
2706 1585 2944 1643 natione
2979 1584 3127 1643 Saxo

509 1672 954 1732 introductione
1000 1672 1072 1729 ad
1117 1671 1443 1729 doctrinam
1477 1671 1514 1728 1.
1552 1679 1624 1737 2.,
1676 1672 1788 1729 Ro-

511 1783 640 1820 mae
679 1770 865 1829 1582,
901 1780 1051 1835 quae
1070 1761 1186 1819 fuit
1205 1759 1504 1834 permissa,
1541 1760 1697 1817 sicut
1728 1764 1789 1817 et

511 1853 658 1909 aliae
719 1851 806 1909 ed.
871 1847 1128 1931 (Brixiae
1216 1846 1440 1929 1601);
1519 1848 1789 1907 Coloniae

520 1952 714 2011 1604;
771 1950 965 2006 1611;
1021 1934 1212 2009 1645)
1249 1939 1320 1995 ad
1355 1939 1502 1997 hanc
1536 1941 1786 1995 exactae.

510 2031 783 2089 Ceterum
830 2029 1054 2105 prodiit
1103 2029 1284 2087 Index
1335 2027 1788 2102 expurgatorius

509 2121 572 2177 in
605 2119 642 2177 l.
673 2119 1004 2193 theologiae
1039 2118 1324 2193 mysticae
1356 2117 1427 2173 H.
1462 2117 1639 2191 Heip.
1675 2116 1786 2173 Pa-

508 2211 667 2268 risiis
694 2216 860 2270 1698
897 2207 957 2264 111
993 2217 1047 2270 8.
1081 2240 1168 2249 --
1200 2206 1478 2264 Nicolaus
1511 2206 1787 2263 Salice-

508 2306 636 2356 tus
683 2317 787 2356 seu
837 2296 1246 2372 Wydenbosch
1301 2294 1784 2378 (Weideubusch)

508 2390 699 2463 patria
731 2389 857 2444 erat
887 2385 1220 2453 Bernensis,
1256 2385 1475 2442 artium
1509 2389 1569 2442 et
1600 2385 1785 2441 medi·

509 2479 671 2535 cinae
703 2476 925 2534 doctor.
957 2475 1267 2551 Ingressus
1300 2477 1388 2531 est
1419 2474 1540 2531 ord.
1574 2474 1784 2532 Cister-

510 2566 826 2634 ciensium3
863 2583 998 2622 eum
1019 2568 1215 2621 tamen
1247 2563 1576 2637 reperimus
1620 2573 1781 2626 1480

507 2658 733 2715 Bernae
765 2652 1263 2728 ludimagistrum.
1297 2653 1346 2710 A
1382 2651 1516 2711 sede
1550 2656 1783 2728 aposto·

509 2748 619 2804 lica
669 2743 1164 2819 dispensationem
1216 2742 1559 2817 impetravit
1609 2747 1680 2800 ut
1730 2742 1783 2798 ei

507 2837 711 2893 liceret
773 2832 1114 2890 exercitium
1177 2832 1321 2889 artis
1392 2830 1666 2889 medicae.
1733 2834 1783 2888 A

505 2925 544 2982 J
547 2942 734 2982 oanne
755 2921 967 2978 abbate
987 2920 1247 2996 generali
1268 2921 1626 2978 cisterciensi
1647 2939 1784 2978 con-

507 3013 760 3072 stitutus
807 3013 897 3067 est
937 3018 1098 3071 1482
1150 3009 1330 3068 abbas
1377 3010 1431 3067 b.
1465 3010 1680 3067 Mariae
1712 3010 1785 3067 de

506 3102 774 3161 Pomerio
840 3100 1143 3173 (Bongart.
1205 3094 1649 3174 Baumgartent
1714 3102 1785 3156 ut

503 3193 612 3250 hoc
644 3187 1070 3249 monasterium
1117 3187 1190 3245 ab
1223 3188 1574 3257 imminenti,
1609 3189 1781 3246 totali

504 3281 679 3338 ruina
709 3280 1132 3354 praeservaret.
1171 3277 1328 3351 quod
1350 3277 1782 3353 quadamtenus

504 3387 643 3428 suae
693 3367 977 3428 successit
1026 3366 1368 3425 industriae.
1431 3368 1576 3442 Ejus
1608 3384 1780 3425 curae

502 3460 809 3519 commissa
852 3457 969 3514 fuit
1013 3456 1195 3514 editio
1227 3457 1516 3514 Breviarii
1548 3462 1609 3514 et
1640 3457 1781 3514 Mis-

502 3548 638 3607 salis
691 3547 928 3607 Ordinis
971 3546 1142 3621 juxta
1196 3546 1442 3621 capituli
1486 3546 1780 3620 generalis

500 3639 844 3697 mandatum
920 3635 1238 3694 reformati.
1321 3635 1551 3693 Prodiit
1627 3635 1779 3693 illud

500 3729 761 3786 Basileae
830 3734 1023 3792 14843
1087 3724 1197 3783 hoc
1241 3743 1380 3783 vero
1434 3733 1595 3786 1487
1648 3744 1690 3781 s.
1744 3725 1776 3780 l.

503 3811 956 3894 (Argentorati).
1049 3813 1210 3872 Obiit
1271 3817 1407 3871 ante
1470 3835 1517 3870 a.
1589 3824 1776 3875 1494.

499 3906 882 3965 Concinnavit
899 3904 938 3962 l.
955 3903 1290 3978 piissimum
1323 3902 1777 3961 meditationum

498 4015 562 4054 ac
595 3996 925 4053 orationum
973 3993 1339 4060 devotarum,
1389 3992 1488 4067 qui
1525 3993 1773 4051 Antido-

497 4088 688 4143 tarius
719 4086 947 4142 animae
979 4081 1210 4143 dicitur.
1275 4081 1502 4140 Prodiit
1547 4082 1775 4157 Argen-

497 4174 679 4233 torati
735 4181 920 4241 1489.
969 4189 1037 4228 ac
1081 4170 1217 4229 dein
1263 4171 1422 4228 inter
1471 4188 1655 4228 annos
1693 4182 1771 4233 10

498 4257 991 4344 (1490—1500‘)
1025 4260 1351 4335 reperimus
1382 4259 1526 4318 alias
1565 4269 1642 4322 14
1665 4260 1773 4328 ed.;

496 4371 606 4412 sec.
640 4370 777 4410 vero
818 4362 911 4413 16.
936 4349 1293 4424 saepissime.
1325 4348 1702 4408 Tribuuntur
1719 4350 1774 4407 ei

495 4447 556 4501 et
588 4443 626 4499 1.
659 4443 729 4500 de
773 4447 897 4498 certe
941 4440 1239 4506 moriendi,
1288 4438 1533 4497 Parisiis
1573 4449 1770 4508 1496;

494 4536 555 4591 et
588 4531 892 4606 Speculum
918 4531 1236 4605 pes-catoris
1280 4528 1359 4586 ib.
1401 4535 1585 4598 1476,
1620 4547 1772 4604 quae

493 4623 612 4680 duo
647 4620 929 4697 opuscula
982 4618 1112 4676 aliis
1162 4637 1398 4694 quoque
1432 4619 1772 4677 auctoribus

494 4715 843 4770 asseruntur
918 4711 1240 4782 nostroque
1304 4711 1539 4766 auctore
1617 4708 1771 4766 anti-

493 4801 701 4880 quiora
733 4803 1050 4858 censentur
1065 4801 1130 4877 ¹).

1849 1669 1944 1747 (de
1976 1672 2246 1728 Alveldia
2278 1672 2557 1731 dioecesis
2572 1670 3127 1753 hildesheimensis),

1845 1758 1937 1816 vir
1967 1761 2253 1836 religione
2304 1761 2571 1838 devotuS,
2625 1763 2817 1820 clarus
2866 1762 3123 1838 ingeni0‚

1845 1847 2079 1923 eloquio
2112 1849 2318 1918 (1111010,
2349 1851 2546 1926 gravis
2566 1852 2848 1919 moribus.
2883 1870 3127 1911 conver-

1846 1939 2082 1996 satione·
2130 1939 2463 2001 laudabilis,
2529 1941 2791 2016 exemplo
2853 1942 3122 2000 rutilanS.

1845 2026 1907 2085 in
1941 2046 2013 2084 ss.
2049 2028 2239 2086 literis
2285 2030 2608 2103 plurimum
2642 2029 3012 2088 «exercitatus
3062 2036 3124 2088 et

1845 2114 2133 2189 pontificii
2157 2118 2311 2190 juris
2345 2137 2464 2177 non
2496 2119 2755 2193 ignarus,
2816 2118 2927 2177 Hic
2958 2124 3122 2195 post-

1844 2223 2020 2279 quam
2054 2206 2242 2265 officio
2289 2208 2620 2266 notariatus
2663 2208 2729 2265 in
2775 2225 2934 2266 conc.
2967 2209 3124 2267 basi-

1845 2294 2027 2351 leensi
2076 2295 2161 2353 ita
2225 2296 2550 2371 prudenter
2598 2297 2840 2355 functus
2892 2302 2999 2367 est,
3049 2302 3119 2356 ut

1842 2384 2107 2443 omnium
2143 2385 2374 2460 judicio
2420 2386 2606 2445 fidelis
2657 2405 2721 2443 ac
2744 2387 2950 2461 justus
2984 2406 3120 2445 cen-

1843 2476 2088 2543 seretur,
2124 2474 2317 2533 omnia
2351 2479 2551 2533 tamen
2570 2495 2719 2532 vana
2741 2493 2866 2533 esse
2886 2496 2951 2534 ac
2967 2476 3123 2535 fluxa

1842 2561 2141 2636 sapienter
2185 2564 2658 2623 animadvertens
2705 2565 2980 2623 universa
3014 2585 3125 2640 pro

1842 2651 2057 2710 christi
2106 2670 2301 2711 amore
2352 2653 2708 2730 contempsit
2760 2658 2821 2712 et
2882 2655 3121 2714 carthu-

1842 2739 2064 2799 sianam
2129 2742 2513 2800 solitudinem
2575 2746 2787 2817 utpote
2836 2745 3121 2803 tutiorem

1841 2830 2040 2906 elegit,
2074 2831 2139 2888 in
2185 2851 2300 2907 qua
2332 2833 2496 2908 prior
2530 2829 2840 2913 (Basileae)
2876 2833 3120 2892 effectus

1840 2920 2166 2994 prudenter
2198 2921 2469 2979 subditos
2487 2922 2635 2980 rexit
2653 2925 2713 2978 et
2727 2922 3118 2981 nihilominus

1841 3026 1971 3067 cum
2005 3010 2292 3085 ejusmodi
2326 3011 2555 3069 sarcina
2600 3011 2883 3086 opuscula
2928 3012 3121 3070 multa

1842 3098 2051 3156 devota
2067 3117 2132 3156 ac
2148 3099 2408 3158 salubria
2423 3100 2626 3168 edidit,
2644 3100 2707 3156 in
2723 3101 2943 3174 quibus
2975 3105 3121 3159 sunt

1840 3191 1912 3245 tr.
1963 3188 2034 3245 de
2084 3189 2463 3247 immaculata
2513 3190 2893 3264 conceptione
2942 3190 2999 3247 b.
3050 3190 3118 3249 V.

1841 3277 2054 3335 Mariae
2079 3274 2460 3353 (Antverpiae
2502 3289 2575 3341 15
2588 3273 2693 3358 27)
2712 3283 2821 3337 etc.
2843 3275 2902 3359 (†
2922 3288 2976 3340 2.
2992 3277 3033 3337 J
3035 3280 3119 3337 ul.

1845 3363 2101 3430 14871(
2155 3367 2248 3424 Ita
2278 3367 2343 3425 in
2374 3372 2573 3426 vetere
2605 3368 2727 3426 cod.
2761 3368 2831 3426 de
2866 3368 3114 3443 scripto-

1837 3455 2003 3513 ribus
2035 3456 2426 3514 carthusianis
2459 3457 2644 3514 altera
2675 3475 2785 3516 sec.
2808 3457 2926 3516 XV.
2948 3463 3123 3533 parte

1836 3540 2212 3624 defunctis2).
2275 3545 2471 3621 Ipsius
2533 3564 2652 3604 non
2702 3564 2828 3604 esse
2877 3546 3116 3604 videtur

1836 3635 2188 3708 opusculum
2220 3635 2288 3691 de
2318 3637 2798 3693 eonemendatione
2828 3636 3128 3709 raritatis,-

1835 3723 1993 3798 quod
2028 3723 2216 3782 edidit
2247 3724 2358 3781 Pez
2391 3724 2535 3783 bibl.
2571 3742 2681 3785 asc.
2705 3724 2797 3794 Vl,
2832 3734 3114 3795 1--215;

1834 3813 1948 3870 alia
2010 3813 2294 3888 opuscula
2355 3814 2605 3871 ascetica
2682 3817 2741 3872 et
2818 3815 3115 3891 exegetica

1832 3901 2115 3959 videntur
2160 3901 2402 3960 inedita.
2466 3903 2661 3977 Ipsius
2695 3906 2786 3961 est
2820 3903 3113 3962 Chronica

1833 3987 2199 4064 fiandatiom‘s
2216 3991 2565 4052 Carthasiae
2578 3993 2637 4048 in
2653 3993 2880 4051 Basilea
2896 3993 3113 4051 minori

1831 4183 1965 4236 384:
1995 4179 2063 4232 de
2090 4183 2316 4234 auctore
2345 4182 2414 4234 cf.
2445 4181 2606 4235 Stud.
2635 4198 2690 4234 u.
2713 4180 2981 4235 Mittheil.
3009 4198 3123 4233 aus-

1832 4250 1959 4304 dem
1988 4250 2123 4303 Ben.
2166 4251 2283 4304 und
2326 4250 2459 4306 Cist.
2502 4251 2689 4306 Orden
2730 4253 2885 4307 XXII
2914 4258 3111 4322 (1901).

1910 4398 1944 4463 ¹)
1975 4393 2056 4449 Cf.
2107 4394 2435 4448 Hartzheim
2497 4394 2627 4449 bibl.
2675 4394 2781 4448 col.
2833 4413 2888 4464 p.
2931 4401 2967 4451 4
3010 4413 3111 4450 ssz

1831 4464 2009 4519 Merlo
2037 4465 2171 4536 allg.
2201 4466 2254 4518 d.
2282 4465 2470 4547 Biogr.
2498 4466 2645 4531 XXI,
2672 4471 2778 4522 554
2805 4483 2845 4521 s·

1906 4541 1944 4598 ²)
1974 4539 2059 4590 Ita
2088 4537 2202 4591 fere
2231 4540 2288 4591 et
2314 4537 2662 4592 Trithemius
2689 4538 2758 4591 de
2785 4537 2884 4592 SE.
2913 4555 2958 4593 c.
2987 4543 3107 4596 872.

1830 4607 1907 4660 De
1936 4610 2321 4663 controversia
2348 4613 2556 4674 autem,
2598 4627 2735 4662 uum
2763 4609 2946 4678 ipsius
2974 4627 3114 4678 quo-

1829 4696 1940 4746 que
1982 4680 2098 4732 sint
2136 4683 2198 4734 de
2241 4687 2349 4735 vita
2377 4691 2423 4735 et
2448 4684 2707 4749 beneficiis
2731 4683 3028 4736 Salvatoris
3053 4683 3109 4735 J.

1829 4755 2032 4805 vlu-isti
2080 4752 2479 4806 devotissimae
2532 4753 2933 4806 meditationes
2978 4769 3116 4806 cum*

1827 4823 2144 4890 gratiarum
2161 4823 2397 4891 actione,
2418 4841 2559 4891 quas
2575 4825 2627 4880 J.
2646 4825 2788 4878 Pohl
2804 4824 2849 4877 T
2864 4825 2901 4876 h
2919 4840 2952 4878 0
2966 4842 3021 4876 111
3034 4840 3107 4876 ae

491 4889 924 4970 Wanz
951 4896 1226 4951 Katholik
1257 4901 1396 4953 1900
1439 4897 1480 4961 I,
1508 4901 1769 4956 132-137:
1827 4894 1894 4946 de
1923 4894 2157 4962 Kempis
2183 4896 2440 4955 asseruit,
2470 4897 2540 4948 cf.
2568 4914 2740 4966 supra
2766 4914 2821 4964 p.
2847 4900 2967 4952 977.
