3475 5364
1209 313 1551 383 Patrologia.
1576 312 1899 367 Matthaeus
1927 311 2163 368 Giberti.

383 330 547 399 1469
2827 330 2993 384 147⁰

376 499 672 575 principes
719 502 780 557 et
825 497 1112 557 civitates.
1175 499 1244 556 In
1277 498 1519 559 domum
1562 499 1656 574 ip·
1712 498 1898 557 brosii
1950 503 2011 558 et
2056 499 2111 556 b.
2157 498 2249 557 J0.
2293 498 2500 557 Fisher
2543 499 2620 556 M.
2681 499 2887 574 Neque
2920 499 2994 558 ob

371 589 501 647 sius
533 587 964 646 conveniebant
982 587 1656 664 viriliteratipraestan-
1713 591 1914 647 tantos
1945 588 2174 647 labores
2195 587 2551 663 apostolicos
2573 588 2808 646 destitit
2828 607 2994 665 prae-

376 677 610 747 tissimi‚
657 694 805 753 quos
838 678 899 734 in
932 677 1290 736 academiam
1322 677 1655 754 colligebat.
1715 678 1811 735 sul
1859 677 2357 753 vigilantissimus
2402 697 2436 735 a
2479 676 2713 747 studiis,
2765 677 2882 735 imo
2928 696 2997 736 ea

377 765 447 823 In
481 766 646 824 curia
677 766 818 824 licet
847 785 1092 842 magnos
1123 766 1375 842 adeptus
1406 767 1658 826 honores
1715 783 1834 840 quo
1866 770 2099 841 poterat
2121 765 2291 824 modo
2312 765 2567 833 fovebat,
2589 765 2993 841 promovebat,

376 855 560 917 vitam
604 855 776 914 duxit
818 873 954 913 vere
999 855 1334 931 religiosam
1374 860 1435 914 et
1472 875 1657 914 mem-

373 944 550 1001 brum
584 946 710 1002 erat
742 943 1060 1002 admodum
1093 963 1408 1019 operosum
1440 963 1575 1003 cum
1610 962 1655 1002 s.

376 1033 652 1108 Cajetano
701 1036 763 1090 et
791 1031 885 1091 J0.
916 1033 1092 1091 Petro
1125 1035 1348 1092 Caraffa
1394 1033 1657 1093 sodalitii

370 1121 565 1180 divini
598 1121 810 1180 amoris
857 1121 930 1180 ad
963 1124 1420 1182 restaurandum
1449 1123 1657 1182 foven-

370 1210 638 1286 dumque
655 1210 931 1286 spiritum
947 1212 1169 1270 sincere
1189 1212 1575 1271 christianum
1597 1212 1659 1268 in

376 1299 643 1361 fidelium
690 1300 903 1358 animis
944 1300 1228 1363 instituti.
1288 1301 1466 1377 Apud
1497 1300 1659 1359 Had-

376 1389 611 1447 rianum
632 1388 746 1458 VI„
779 1388 972 1448 multo
992 1389 1181 1465 magis
1215 1389 1374 1465 apud
1394 1390 1659 1449 Clemen-

374 1480 499 1537 tem
532 1477 678 1550 VII.‚
727 1478 899 1553 cujus
947 1481 1074 1537 erat
1104 1478 1389 1547 datariu8‚
1432 1479 1659 1555 praeci-

379 1585 536 1643 puus
587 1566 961 1626 consiliarius
1010 1570 1071 1626 et
1121 1568 1409 1637 minister,
1466 1567 1662 1627 valuit

380 1656 589 1731 gratia.
638 1656 905 1714 Instante
938 1656 1084 1715 duce
1117 1661 1345 1725 veneto,
1393 1656 1507 1716 etsi
1539 1658 1661 1733 jam

374 1744 525 1803 alias
555 1747 886 1803 recusasset
903 1745 1144 1815 infulae,
1177 1746 1374 1805 dictus
1393 1752 1486 1804 est
1504 1746 1660 1821 epis-

378 1852 559 1909 copus
608 1834 952 1892 veronensis
1004 1830 1262 1915 (1524),
1331 1840 1392 1893 et
1449 1855 1483 1893 a
1534 1836 1659 1893 Cle-

373 1926 576 1986 mente
590 1921 716 1979 VH.
737 1923 991 1982 selectus
1011 1942 1144 1981 cum
1177 1924 1312 1982 aliis
1339 1924 1486 1983 viris
1523 1944 1659 2000 gra·

374 2011 569 2081 vibuS,
603 2012 710 2086 qui
742 2012 974 2070 schema
1005 2012 1436 2071 reformationis
1459 2013 1659 2071 Eccle-

372 2100 497 2159 siae
528 2101 967 2159 concinnarent.
1016 2102 1199 2176 Capta
1218 2102 1405 2161 Roma
1436 2122 1469 2159 a
1499 2102 1656 2159 mili-

377 2189 541 2247 tibus
589 2190 872 2248 caesareis
935 2190 1127 2248 multa
1189 2193 1283 2248 est
1330 2210 1657 2266 perpessus,

376 2278 553 2335 datus
585 2298 620 2336 a
648 2279 927 2353 pontifice
957 2279 1128 2337 obses
1161 2298 1268 2353 pro
1301 2280 1540 2355 propria
1569 2298 1658 2337 se·-

378 2367 635 2425 curitate
668 2366 995 2428 obtinenda
1042 2371 1103 2425 et
1135 2368 1230 2425 vix
1262 2368 1423 2426 vitae
1469 2368 1660 2427 evasit

374 2456 723 2532 periculum.
756 2456 827 2514 In
845 2456 1211 2532 gravissimis
1232 2458 1486 2533 negotiis
1508 2476 1656 2515 sem·

377 2563 485 2619 per
510 2544 815 2604 adhibitus
836 2545 1056 2604 oblitus
1074 2565 1195 2604 non
1214 2550 1306 2604 est
1326 2546 1419 2604 sui
1440 2546 1656 2623 gregis,

371 2633 449 2693 de
480 2652 599 2710 quo
631 2633 1002 2694 reformando
1033 2634 1359 2711 plurimum
1389 2639 1516 2694 erat
1548 2635 1659 2695 sol-

376 2723 595 2782 licitus.
643 2723 833 2783 Mores
867 2724 1007 2783 cleri
1037 2743 1382 2801 promovere
1426 2725 1661 2784 studuit

372 2812 554 2871 editis
605 2813 848 2872 statutis
898 2814 1077 2871 etiam
1147 2814 1372 2891 rigidis
1436 2815 1660 2873 abusus

378 2902 663 2978 plurimos
695 2903 944 2960 sustulit
983 2903 1259 2961 omnibus
1290 2904 1468 2962 victis
1501 2903 1658 2961 diffi-

373 2990 722 3050 cultatibus.
741 2991 1044 3067 Synodum
1060 2992 1460 3051 dioecesanam
1477 2993 1658 3051 itera-

379 3083 589 3153 tasque
635 3097 770 3137 cum
815 3079 939 3139 suis
984 3081 1257 3157 parochis
1299 3081 1509 3139 habuit
1540 3082 1659 3139 col-

364 3168 649 3237 .lationeS‚
700 3168 886 3226 libros
945 3189 1051 3244 pro
1101 3171 1257 3228 clero
1320 3174 1380 3228 et
1441 3171 1659 3245 populo

378 3256 558 3314 utiles
574 3260 634 3314 et
643 3257 931 3331 practices
948 3257 1180 3333 vulgari
1198 3258 1443 3326 curavit,
1470 3259 1660 3317 omni-

376 3345 489 3403 bus
504 3346 802 3420 praeluxit
830 3348 1180 3421 apostolieae
1208 3347 1365 3405 vitae
1378 3348 1658 3422 exemplo.

381 3435 490 3492 His
524 3434 738 3492 studiis
783 3439 845 3493 et
874 3435 1185 3494 conatibus
1217 3436 1454 3494 demum
1499 3435 1659 3495 dioe-

375 3523 528 3582 cesis
561 3523 901 3582 immutavit
924 3524 1173 3583 formam
1206 3529 1268 3583 et
1287 3525 1557 3600 speciem,
1592 3529 1662 3584 ut

377 3612 733 3688 exemplaris
765 3613 955 3671 instar
974 3632 1100 3670 esse
1119 3617 1321 3688 posset
1353 3614 1483 3673 aliis
1500 3613 1659 3672 dioe-

374 3701 628 3760 cesibus„
696 3701 1128 3760 Constitutiones
1174 3702 1330 3761 hunc
1374 3703 1438 3760 in
1483 3702 1656 3762 finem

379 3790 571 3849 editae
592 3791 945 3865 prodierunt
962 3790 1225 3850 Veronae
1253 3802 1273 3853 1
1295 3800 1435 3862 548,
1463 3803 1484 3854 l
1502 3802 1534 3854 5
1548 3802 1580 3854 8
1592 3803 1626 3854 9
1644 3814 1657 3862 ;

378 3879 642 3938 Venetiis
683 3890 866 3943 1565.
928 3880 1023 3938 Ita
1053 3880 1178 3954 ipse
1211 3881 1477 3940 initiavit
1506 3880 1660 3938 desi-

372 3968 811 4027 deratissimam
844 3968 1134 4027 Ecclesiae
1166 3969 1657 4038 reformationem,

376 4077 558 4132 quam
584 4058 708 4133 jam
754 4058 857 4115 diu
888 4057 1003 4115 viri
1035 4059 1414 4133 suspirabant
1459 4077 1658 4116 omnes

377 4146 464 4221 pii
497 4152 558 4204 et
591 4165 724 4205 vere
756 4146 1046 4217 catholici,
1081 4151 1140 4205 et
1161 4167 1340 4221 quam
1374 4167 1529 4206 conc.
1551 4147 1659 4204 tri-

1713 855 2028 914 animabat.
2104 856 2174 913 In
2223 855 2463 931 propria
2512 855 2684 914 domo
2733 859 2997 914 erexerat

1713 943 2170 1020 typographiam
2202 944 2276 1002 ad
2294 943 2623 1021 vulgandos
2657 944 2840 1003 libros
2872 944 2994 1003 uti·

1715 1033 1820 1102 les,
1853 1033 2015 1091 inter
2034 1051 2183 1108 quos
2198 1052 2375 1108 opera
2393 1036 2650 1108 patrum,
2686 1051 2835 1108 quae
2855 1051 2993 1109 pro-

1714 1122 1859 1197 priis
1911 1122 2184 1198 expensis
2228 1122 2506 1181 recudere
2536 1122 2692 1192 fecit,
2743 1126 2815 1180 ut·
2846 1140 2994 1181 com·

1716 1213 2003 1269 mentaria
2034 1231 2077 1269 s.
2111 1210 2203 1270 J0.
2237 1211 2775 1286 Chrysostomi
2808 1211 2870 1269 in
2902 1230 2992 1285 ep.

1716 1318 1762 1358 a.
1796 1299 1969 1359 Pauli
2004 1299 2196 1360 adhuc
2224 1299 2453 1359 inedita
2475 1308 2638 1363 1529
2666 1303 2708 1357 t.
2736 1309 2806 1369 33
2838 1318 2880 1358 8.
2902 1299 2993 1359 J0.

1718 1389 2169 1448 Damasceni
2218 1390 2287 1448 de
2332 1390 2445 1463 fide
2476 1390 2794 1448 orthodoxa
2838 1389 2893 1450 u.
2927 1384 2988 1465 4,

1723 1488 1879 1541 1531
1911 1501 1924 1549 ;
1974 1480 2387 1538 commentaria
2437 1477 2884 1537 Oecumenii
2931 1478 2997 1536 in

1716 1570 1845 1625 aeta
1877 1588 1968 1644 ap.
2000 1569 2062 1625 et
2091 1567 2156 1625 in
2186 1586 2387 1626 omnes
2417 1586 2505 1643 ep.
2528 1567 2701 1625 Pauli
2734 1567 2996 1642 aliasque

1716 1674 1805 1731 ep.
1869 1657 2196 1725 catholicae,
2258 1674 2490 1715 necnon
2550 1659 2600 1714 A
2618 1676 2648 1713 r
2664 1676 2695 1714 e
2711 1659 2737 1713 t
2753 1657 2789 1714 h
2806 1675 2839 1714 a
2854 1675 2886 1715 e
2933 1657 2996 1713 in

1716 1743 2136 1821 Apocalypsin,
2164 1756 2189 1807 1
2208 1754 2351 1815 532,
2374 1764 2524 1821 quae
2556 1745 2645 1803 ed.
2664 1745 2867 1822 magni
2888 1763 2996 1803 suo

1716 1836 1982 1909 tempore
2047 1834 2527 1893 aestimabantur.
2611 1836 2833 1893 Auctor
2880 1834 2998 1892 fuit

1716 1923 1868 1992 aliis,
1903 1926 1973 1981 ut
1994 1928 2292 1982 verterent
2324 1924 2382 1981 in
2416 1923 2668 1982 latinum
2688 1942 2865 1999 opera
2885 1923 2994 1980 PP.

1715 2031 2059 2088 graecorum
2102 2018 2172 2071 ut
2204 2012 2353 2070 Phil.
2388 2011 2671 2082 Saulio,
2719 2013 2824 2088 qui
2857 2031 2988 2071 ver-

1715 2101 1794 2159 tit
1826 2101 1872 2159 1⁴:
1888 2121 1931 2159 u
1948 2102 2024 2159 th
2039 2121 2079 2177 y
2097 2122 2152 2159 m
2171 2101 2226 2159 ii
2258 2101 2537 2178 Zigabeni
2568 2103 2992 2177 interpretatio-

1715 2209 1842 2249 nem
1865 2192 2253 2266 psalmorum,
2296 2198 2495 2259 15303
2535 2190 2836 2249 Bernardo
2869 2191 2995 2247 Do·

1715 2298 1757 2337 n
1776 2299 1810 2338 a
1828 2283 1920 2347 to,
1954 2280 2125 2354 cujus
2157 2284 2250 2337 est
2280 2279 2465 2338 versio
2497 2281 2999 2338 demonstrationis

1715 2368 2065 2445 evanqelicae
2095 2368 2142 2426 E
2160 2387 2199 2425 u
2216 2387 2242 2427 s
2259 2388 2289 2426 e
2308 2369 2343 2425 b
2358 2368 2413 2425 ii
2446 2386 2611 2437 caes„
2655 2377 2817 2431 1536
2839 2389 2852 2438 ;
2885 2367 2995 2426 Ad.

1715 2457 1761 2514 F
1775 2476 1818 2516 u
1835 2477 1894 2515 m
1910 2477 1943 2514 a
1957 2452 2114 2537 ni1),
2150 2458 2254 2533 qui
2284 2457 2599 2516 transtulit
2618 2457 2801 2516 latine
2822 2475 2999 2532 opera

1717 2564 1762 2604 s,
1796 2547 1842 2602 B
1860 2566 1893 2603 a
1911 2546 1976 2603 si
1996 2546 2049 2603 li
2069 2547 2107 2615 i,
2142 2546 2416 2623 Lugduni
2446 2556 2610 2609 1540
2645 2549 2753 2604 etc.
2788 2548 2997 2605 Deces-

1717 2634 1800 2693 sit
1847 2638 2056 2695 tantus
2092 2635 2184 2695 vir
2235 2636 2405 2695 luctu
2450 2636 2762 2695 universae
2792 2635 2998 2694 Italiae

1720 2733 1820 2788 30.
1844 2725 1973 2783 Dec.
2003 2736 2028 2787 1
2046 2736 2077 2788 5
2091 2735 2189 2786 43.
2235 2725 2380 2801 Ejus
2401 2744 2578 2801 opera
2597 2727 2842 2785 collecta
2861 2744 2996 2801 pro-

1716 2813 1958 2872 dierunt
1989 2832 2130 2872 cura
2152 2815 2309 2873 Petri
2339 2818 2399 2872 et
2418 2815 2576 2877 Hier.
2596 2816 2645 2873 B
2663 2814 2771 2874 all
2789 2834 2821 2873 e
2837 2834 2867 2872 r
2882 2815 2901 2871 i
2919 2813 2996 2873 ni

1719 2902 1981 2961 Veronae
2026 2914 2094 2966 17
2105 2912 2182 2966 33
2235 2922 2372 2962 cum
2420 2904 2548 2979 ejus
2582 2904 2706 2962 vita
2754 2906 2816 2962 et
2860 2904 2998 2962 diss.

1718 2991 1789 3050 de
1820 2992 2101 3051 restituta
2132 2996 2270 3051 ante
2311 2992 2449 3051 trid.
2483 2993 2774 3070 synodum
2806 3011 2912 3069 per
2943 2992 2997 3050 J.

1717 3082 1792 3138 M.
1838 3081 2066 3140 Giberti
2115 3101 2206 3158 ep.
2255 3101 2373 3140 ver.
2425 3082 2826 3141 ecclesiastica
2876 3081 2998 3140 dis-

1716 3170 2014 3247 ciplina2).
2062 3172 2308 3248 Scripsit
2326 3190 2563 3246 quoque
2583 3173 2850 3247 epistolas
2868 3190 2998 3247 pre·

1716 3259 1923 3328 tiosas,
1958 3279 2210 3335 quarum
2241 3260 2474 3335 aliquae
2494 3261 2673 3318 variis
2704 3261 2769 3318 in
2791 3260 2997 3319 collec-

1716 3347 1982 3406 tionibus
2017 3348 2386 3418 exhibentur,
2420 3352 2492 3406 ut
2522 3349 2680 3407 inter
2700 3349 2998 3423 Epistolas

1717 3435 1949 3496 italicas
1973 3437 2110 3494 xm
2131 3437 2397 3496 virorum
2428 3437 2755 3495 illustrium
2792 3436 2996 3496 collec-

1716 3528 1807 3583 tas
1839 3546 1873 3583 a
1904 3526 2297 3596 Porcachi,
2332 3526 2594 3584 Venetiis
2624 3536 2807 3595 1565,
2840 3525 2996 3584 mul·

1716 3619 1809 3672 tas
1860 3619 2059 3672 tamen
2107 3615 2232 3690 ipse
2284 3613 2511 3672 Giberti
2561 3619 2699 3673 ante
2748 3618 2998 3673 mortem

1717 3703 1842 3779 igni
1873 3702 2138 3762 tradidit.
2190 3704 2325 3780 Ipso
2365 3703 2636 3762 hortante
2661 3704 2838 3778 juxta
2869 3704 2997 3779 ejus

1716 3792 2006 3867 principia
2051 3792 2291 3867 scripsit
2321 3792 2548 3850 Tullius
2596 3793 2635 3850 C
2653 3793 2760 3850 ris
2777 3813 2815 3869 p
2833 3812 2866 3850 ο
2886 3793 2907 3850 l
2924 3791 2996 3850 di

1717 3880 2090 3940 Instituzione
2119 3881 2207 3939 de’
2239 3883 2540 3952 sacerdoti,
2569 3891 2754 3945 1568.
2802 3881 2998 3957 Hujus

1793 4089 1831 4156 ¹)
1859 4084 2008 4140 Huic
2050 4085 2334 4140 commisit
2375 4086 2546 4141 etiam
2592 4086 2997 4141 correctionem

1718 4158 2254 4212 commentariorum
2300 4177 2340 4214 s.
2366 4158 2452 4213 J0.
2498 4157 2896 4226 chrysostomi.
2946 4158 2997 4212 Is

372 4234 691 4293 dentinum
714 4235 965 4294 decretis
999 4236 1121 4293 suis
1142 4237 1399 4312 amplius
1421 4255 1656 4312 promo·
1716 4227 1984 4283 interfuit
2023 4228 2188 4285 Cone.
2229 4228 2542 4284 ffldentiUO
2584 4233 2878 4299 tamquam
2919 4246 2998 4283 se·

377 4324 494 4382 vit:
547 4324 610 4382 in
661 4324 878 4398 quibus
928 4324 1180 4383 subinde
1233 4325 1470 4384 videtur
1519 4344 1659 4401 prae

374 4412 566 4475 oculis
630 4412 908 4471 habuisse
980 4417 1206 4472 statuta
1268 4415 1660 4473 saluberrima

1715 4300 2008 4355 cretarius.
2070 4299 2227 4354 Obiit
2288 4317 2456 4355 senex
2521 4301 2724 4370 plenus
2775 4301 2996 4356 dierum

1715 4388 1766 4425 a·
1791 4376 1951 4513 ξοὲῗ.
1971 4445 2262 4512 praeterea
2287 4445 2486 4498 Franc.
2506 4443 2627 4496 Zini
2646 4443 2791 4498 Boni
2814 4445 2998 4512 pasto-

378 4502 691 4577 apostolici
737 4503 928 4561 nostri
973 4503 1248 4579 episcopi.
1310 4504 1513 4578 Ipsum
1546 4504 1660 4561 sibi
1715 4510 1795 4567 ris
1846 4514 2168 4583 exemplum
2220 4531 2282 4567 ac
2345 4515 2632 4583 specimen
2684 4514 2996 4585 singulare,

380 4591 734 4649 imitandum
768 4592 1081 4666 proposuit
1113 4611 1158 4654 s,
1180 4591 1419 4651 Carolus
1440 4593 1659 4651 Borro-
1722 4582 1974 4639 venetiis
2026 4590 2194 4642 1573:
2259 4585 2599 4641 Dittrieh
2662 4585 2834 4640 Beitr.
2899 4604 3000 4639 zur

379 4698 585 4739 maeus
637 4680 807 4738 lectis
840 4681 1155 4758 diligenter
1201 4681 1391 4756 ipsius
1424 4682 1660 4757 scriptis

374 4776 439 4827 et
472 4769 723 4828 decret-is
756 4772 814 4827 et
846 4789 1100 4846 appensa
1131 4769 1193 4828 in
1223 4771 1461 4844 proprio
1495 4770 1659 4829 cubi-

1717 4655 1918 4710 Gesch.
1958 4658 2057 4710 der
2097 4656 2254 4711 kath.
2283 4656 2670 4712 Reformation
2706 4659 2784 4710 im
2811 4661 2998 4711 ersten

1718 4728 1925 4783 Drittel
1952 4728 2049 4783 des
2076 4733 2160 4786 16.
2177 4729 2378 4785 Jahrb.
2403 4729 2464 4783 in
2491 4729 2624 4785 hist.
2645 4729 2840 4782 Jahrb.
2859 4733 2999 4786 1886

1716 4817 1773 4869 p.
1803 4803 1972 4856 1-51
1995 4822 2008 4856 :
2035 4801 2093 4853 et
2117 4799 2229 4855 KL.
2259 4800 2324 4864 V,
2352 4803 2627 4862 583—93;
2670 4799 2998 4854 Tirabosehi

375 4858 509 4918 culo
541 4860 669 4935 ejus
702 4859 957 4936 imagine
989 4879 1124 4919 cum
1154 4860 1422 4919 iconibus
1453 4879 1495 4918 s,
1517 4861 1659 4918 Am·
1718 4871 1840 4924 VII.
1868 4891 1921 4942 p.
1950 4877 1999 4928 1.
2026 4871 2065 4924 l.
2092 4876 2143 4927 2.
2171 4889 2218 4924 c.
2249 4876 2298 4927 1.
2327 4889 2382 4924 n.
2412 4877 2498 4928 15.
