3475 5364
566 324 591 375 1
608 322 641 374 3
654 320 685 373 7
698 323 731 374 9
1334 308 1703 362 1541—1563.
1729 303 2041 373 Theologia
2068 302 2421 359 scholastica.
3009 323 3036 374 1
3053 320 3137 376 38
3149 324 3190 375 Ο

563 490 742 548 batur
770 489 1286 548 Lancelottus
1319 488 1582 559 Ponti,
1617 506 1834 565 genere
1862 487 1961 545 'de
1993 488 2409 563 reprobatione
2442 488 2636 563 ipsius
2670 488 2970 547 doctrinae
2991 507 3189 565 opus-

557 578 747 660 nobili
779 582 956 636 natus
997 587 1160 641 1487
1182 578 1382 652 patria
1396 582 1527 636 erat
1544 578 1833 636 Senensis,
1891 577 2097 635 culum
2115 577 2303 635 edidit
2335 580 2544 653 postea
2563 578 2782 636 Romae
2808 587 2994 641 1544.
3029 578 3189 636 Cum

558 667 917 727 Adolescens
984 667 1493 742 jurisprudentiae
1572 667 1835 725 animum
1891 665 2072 723 nimis
2106 667 2321 726 acriter
2353 668 2700 742 loqueretur
2742 667 3026 726 adversus
3060 668 3189 725 Oa-

559 756 850 833 applicuit
879 758 941 815 et
971 774 1109 814 cum
1140 759 1295 814 esset
1324 756 1556 833 magnis
1589 756 1834 814 talentis
1886 755 2142 829 jetani
2176 756 2597 815 commentaria
2626 756 2690 814 in
2725 774 2769 813 s,
2803 756 3191 832 Scripturam

558 850 623 904 et
653 845 936 904 studendi
966 846 1171 903 ardore
1202 845 1520 922 praeditus,
1554 864 1602 903 a.
1624 845 1836 903 aetatis
1895 844 2124 918 aliaque
2156 844 2424 919 ejusdem
2438 863 2632 921 opera,
2652 863 2999 921 summaque
3015 849 3187 903 esset

569 945 663 998 16.
670 934 828 1009 juris
844 935 1163 1010 utriusque
1182 935 1442 993 lauream
1464 934 1526 992 in
1542 934 1840 993 academia
1894 936 2039 992 tunc
2069 933 2250 1008 hujus
2281 933 2595 992 cardinalis
2619 934 2833 992 Romae
2854 934 3186 993 auctoritas

560 1023 757 1099 patria
815 1023 1160 1099 promeruit.
1223 1023 1447 1081 Exinde
1510 1023 1585 1082 ad
1633 1043 1681 1081 a.
1737 1032 1836 1085 25.
1897 1018 1991 1103 (cf.
2004 1042 2059 1097 p.
2081 1034 2102 1083 1
2122 1031 2235 1085 201
2261 1017 2600 1103 ss.)‚melius
2616 1023 2918 1082 censuitin
2931 1023 3187 1082 Galliam

557 1113 837 1187 majorem
859 1113 1427 1187 sibicomparaturus
1441 1113 1839 1171 eruditionem
1896 1111 2179 1181 secedere,
2229 1112 2334 1169 ubi
2381 1111 2624 1171 edendis
2670 1110 2838 1170 libris
2888 1116 3052 1171 totus
3085 1111 3186 1169 in-

562 1202 910 1278 praecipuas
944 1202 1147 1260 Italiae
1180 1201 1521 1276 Galliaeque
1553 1201 1840 1260 lustravit
1895 1198 2119 1258 cubuit.
2183 1200 2278 1259 Ita
2308 1201 2657 1275 prodierunt
2688 1201 2966 1277 Lugduni
3014 1211 3181 1264 1542

559 1290 903 1361 academiae,
936 1291 1001 1349 in
1034 1291 1252 1366 quibus
1272 1291 1591 1368 arguendO,
1624 1309 1837 1366 propo·
1898 1289 2058 1347 varia
2087 1289 2353 1364 ejusdem
2390 1290 2672 1364 opuscula
2703 1285 2838 1369 (12)
2875 1290 3185 1367 recognita

559 1380 754 1439 nendo
816 1383 876 1438 et
934 1380 1280 1438 resolvendo
1341 1380 1415 1438 ad
1476 1380 1637 1438 mille
1678 1380 1840 1454 juris
1896 1396 1961 1436 ac
1992 1382 2316 1454 repurgata
2334 1382 2377 1437 t.
2406 1388 2461 1450 2,
2496 1378 2584 1437 ed.
2618 1398 2781 1437 rara:
2814 1380 2975 1437 inter
3007 1398 3073 1437 ea
3107 1376 3186 1439 de

559 1470 992 1546 propositiones
1044 1468 1322 1538 defendit,
1368 1468 1526 1527 unde
1559 1487 1842 1545 magnum
1890 1470 2275 1542 praescientia
2322 1487 2389 1525 ac
2426 1469 2794 1541 providentia
2843 1469 2972 1542 Dei,
3018 1469 3183 1544 quod

564 1557 680 1616 sibi
744 1559 898 1634 apud
960 1557 1226 1616 eruditos
1287 1558 1428 1616 fecit
1476 1576 1707 1616 nomen.
1771 1557 1841 1615 In
1898 1574 2093 1613 rerum
2129 1556 2605 1632 contingentiam
2649 1576 2765 1616 non
2811 1557 3000 1627 tollat,
3035 1552 3184 1638 (Lu-

561 1647 811 1722 patriam
827 1647 1011 1705 redux
1025 1647 1321 1722 publicam
1330 1647 1486 1722 Juris
1501 1646 1840 1705 cathedram
1896 1645 2077 1703 tetiae
2119 1641 2344 1725 1535);
2376 1648 2446 1703 de
2467 1647 2995 1721 praedestinatione
3024 1647 3079 1704 ll.
3119 1648 3182 1722 3,

563 1735 831 1795 obtinuit
890 1739 951 1794 et
1010 1736 1169 1793 inter
1231 1736 1554 1812 discipulos
1632 1735 1842 1794 habuit
1897 1733 2037 1792 olim
2070 1752 2203 1792 cum
2237 1736 2607 1810 praecedenti
2641 1735 2819 1804 editi3
2868 1737 2936 1793 de
2967 1738 3188 1794 eximia

562 1825 849 1883 Joannem
885 1824 1128 1883 Mariam
1158 1824 1230 1882 de
1262 1825 1478 1894 Monte,
1528 1826 1632 1900 qui
1680 1828 1839 1900 post·
1893 1824 2413 1897 praedestinatione
2449 1824 2662 1882 Claerae’sti
2694 1825 2750 1882 lc.
2783 1828 2866 1897 2,·
2910 1826 2979 1885 de
3009 1844 3184 1902 anye-

562 1914 803 1972 modum
833 1914 954 1972 fuit
981 1914 1244 1989 pontifex
1260 1913 1464 1972 Julius
1479 1914 1582 1971 111.
1600 1914 1841 1971 Romam
1897 1912 2086 1970 lorum
2118 1912 2394 1970 bonorum
2436 1914 2622 1989 plor-ia
2667 1917 2728 1971 et
2776 1915 2949 1990 lapsu
2996 1914 3186 1972 malo-

564 2002 866 2078 profectus
900 2023 932 2060 a
961 2003 1155 2061 Leone
1174 2002 1241 2061 X.
1274 2002 1433 2061 inter
1463 2002 1841 2061 consistoria·
1896 2020 2062 2071 rum;
2109 2000 2258 2076 disp.
2283 2019 2401 2074 pro
2433 2004 2805 2061 inmaculata
2851 2003 2914 2060 V.
2947 2020 3186 2076 concep-

563 2091 649 2149 les
683 2092 998 2151 advocatos
1034 2091 1375 2166 adscriptus
1408 2095 1528 2150 est:
1565 2094 1626 2150 at
1661 2091 1842 2166 paulo
1898 2091 2046 2148 tione
2091 2089 2151 2147 ll.
2187 2099 2222 2153 3
2272 2085 2467 2172 (Senis
2508 2100 2673 2154 1532
2723 2092 2785 2150 in
2819 2087 2904 2173 4),
2953 2110 3072 2166 quo
3117 2093 3190 2151 in

563 2184 702 2256 post
734 2182 951 2256 spretis
982 2180 1191 2239 mundi
1235 2180 1393 2239 curis
1426 2184 1487 2238 et
1518 2180 1841 2239 honoribus
1899 2197 1989 2254 op.
2022 2198 2237 2255 magno
2288 2179 2514 2239 fervore
2564 2184 2624 2238 et
2673 2181 2796 2239 zelo
2842 2199 3070 2239 necnon
3119 2184 3188 2239 et

564 2269 868 2345 ingressus
918 2273 1009 2328 est
1058 2269 1323 2328 ordinem
1371 2288 1415 2327 a.
1450 2269 1740 2327 Dominici
1793 2288 1840 2327 a.
1898 2268 2185 2344 sagaciter
2217 2268 2325 2327 hoc
2355 2268 2571 2346 dogma
2603 2269 2884 2329 adversus
2917 2269 3185 2345 Cajetani

564 2359 776 2417 aetatis
811 2368 909 2422 30.
942 2360 1423 2433 commutatoque
1469 2358 1706 2418 nomine
1741 2376 1841 2416 vo·
1899 2356 2332 2432 disputationes
2376 2360 2618 2427 tuetur;
2665 2360 2735 2416 de
2778 2367 3185 2418 consummata
3231 2398 3244 2408 -

565 2447 684 2505 luit
713 2447 827 2505 diei
857 2446 1207 2507 Ambrosius
1240 2447 1590 2506 Catharinus
1640 2466 1708 2505 ex
1743 2447 1840 2504 de·
1894 2447 2083 2522 qloria
2116 2445 2305 2505 solius
2338 2447 2555 2506 Christi
2588 2453 2647 2506 et
2679 2447 2733 2505 d.
2767 2446 3029 2524 Virginis
3056 2469 3069 2518 ;
3113 2448 3188 2506 de

563 2537 802 2595 votione
834 2556 974 2613 erga
993 2556 1035 2595 s.
1056 2536 1440 2595 Ambrosium
1474 2539 1535 2594 et
1569 2554 1612 2593 s.
1635 2535 1842 2593 Catha·
1901 2536 2215 2593 universali
2233 2537 2488 2594 omnimn
2519 2543 2699 2596 morte
2717 2540 2779 2595 et
2798 2536 3066 2595 omnium
3085 2555 3185 2594 re-

566 2624 770 2689 rinam.
835 2626 1077 2684 Peracto
1121 2624 1394 2685 tirocinio
1440 2623 1621 2682 sacris
1652 2624 1844 2682 literis
1901 2624 2272 2682 surrectione
2322 2624 2526 2685 futura
2556 2643 2622 2684 ac
2645 2625 2874 2701 judicio
2906 2630 3183 2696 aetern03

563 2717 625 2772 et
655 2716 991 2791 theologiae
1009 2717 1202 2773 totum
1227 2733 1289 2772 se
1311 2714 1489 2783 dedit,
1511 2714 1679 2772 nullo
1697 2732 1842 2772 usus
1899 2714 1969 2771 de
2027 2716 2261 2772 veritate
2312 2717 2689 2791 parvam-ii,-
2763 2716 2831 2775 de
2902 2715 3185 2774 bonorum

562 2805 860 2881 magistr0,
874 2803 1845 2879 moxquecoepitcalamumacuere
1890 2805 2159 2875 praemio
2228 2821 2294 2862 ac
2362 2804 2657 2880 supplicio
2722 2804 3013 2865 malorum
3081 2823 3183 2863 ae·

564 2893 1161 2967 etstilumstringere.
1178 2891 1844 2950 Adhucnovitiusmiles
1901 2896 2071 2952 terno
2120 2894 2182 2949 et
2224 2911 2363 2950 vero
2413 2892 2552 2969 igne
2601 2893 2856 2963 inferni3
2907 2895 2977 2951 de
3024 2900 3182 2952 stata

565 2999 633 3039 ex
664 2981 987 3056 praepositi
1018 2984 1329 3056 praecepto
1350 2980 1679 3055 composuit
1698 2997 1844 3053 apo·
1900 2981 2100 3056 ficturo
2122 2999 2449 3054 puerorum
2478 2984 2599 3040 sine
2629 2989 2992 3041 sacramento
3024 2983 3180 3041 dece-

568 3071 784 3150 loyiam
832 3089 940 3145 pro
989 3069 1237 3128 veritate
1299 3069 1618 3129 catholicae
1667 3073 1845 3145 atque
1899 3071 2193 3142 dentium,·
2237 3071 2305 3128 de
2352 3078 2507 3129 certa
2549 3072 2759 3149 ylaria,
2807 3071 3183 3132 invocatione

566 3158 929 3235 apostolicae
959 3158 1096 3217 fidei
1127 3176 1194 3217 ac
1224 3158 1528 3217 doctrinae
1560 3157 1844 3217 adversus
1901 3177 1968 3217 ac
2027 3160 2402 3218 veneratione
2465 3160 2560 3219 SS.
2626 3160 2823 3219 Claves
2882 3162 3032 3219 duae
3106 3160 3182 3218 ad

565 3248 747 3324 impia
798 3266 865 3307 ac
910 3247 1081 3307 valde
1141 3247 1425 3325 pestifera
1474 3248 1548 3305 Μ.
1599 3247 1845 3305 Lutheri
1902 3247 2246 3322 aperiendas
2276 3247 2771 3325 intelligendasve
2806 3268 2880 3309 ss.
2912 3249 3180 3326 Scriptu-

563 3337 958 3414 dogmata-ad
994 3338 1270 3396 Carolum
1301 3338 1461 3412 imp.,
1509 3336 1844 3394 Florentiae
1899 3355 1996 3395 ras
2012 3338 3180 3415 perquamnecessariae‚Lugduni1543

574 3436 773 3497 15203
820 3426 1136 3486 Esca-satio
1180 3425 1613 3500 disputatimgis‘
1639 3428 1845 3484 contra
1899 3426 1962 3484 in
2008 3434 2061 3489 8.
2126 3426 2325 3484 Rediit
2373 3426 2582 3485 exinde
2628 3427 2887 3495 Romam,
2938 3432 3000 3486 et
3043 3445 3183 3485 cum

563 3516 907 3586 Lutherum,
954 3515 1032 3573 ib.
1074 3525 1231 3578 1521
1275 3517 1339 3573 in
1374 3525 1428 3576 4.
1476 3519 1536 3573 et
1580 3515 1643 3573 in
1692 3514 1842 3572 Bibl.
1890 3515 2014 3589 jam
2061 3514 2354 3573 indictum
2399 3517 2556 3575 esset
2603 3516 2919 3576 concilium
2950 3515 3180 3575 triden-

566 3605 897 3681 pontificiae
913 3604 1369 3673 RoccabertiIIL
1392 3612 1700 3666 265-325.
1735 3603 1842 3661 Ta·
1899 3603 2112 3674 tinum,
2148 3622 2183 3662 a
2211 3604 2364 3663 card.
2397 3603 2435 3661 J
2440 3624 2489 3663 o.
2525 3605 2709 3665 Maria
2739 3605 2812 3663 de
2843 3607 3042 3665 Monte
3070 3621 3181 3663 suo

564 3695 690 3754 cuit
732 3698 870 3770 post
916 3695 1055 3752 haec
1089 3695 1260 3753 annis
1293 3693 1517 3762 multis,
1571 3693 1675 3750 sed
1707 3709 1844 3749 cum
1899 3693 2198 3767 quondam
2226 3692 2291 3752 in
2320 3693 2554 3769 legibus
2586 3693 2856 3753 auditore
2888 3694 3180 3770 ejusdem·

567 3784 740 3842 Bern.
776 3783 1035 3842 Ochinus
1065 3785 1337 3859 apostata
1366 3784 1716 3840 novatorum
1751 3800 1841 3839 er·
1900 3800 2014 3880 que
2046 3782 2315 3856 praeside
2361 3782 2521 3840 inter
2566 3783 2874 3885 theologos
2920 3782 3037 3842 fuit
3076 3781 3180 3841 ad-

562 3891 722 3931 rores
753 3874 1047 3931 niteretur
1077 3890 1367 3948 spargere,
1418 3871 1531 3946 ipsi
1564 3869 1844 3946 opposuit
1900 3870 2120 3929 missus
2167 3873 2227 3929 et
2273 3870 2346 3929 ad
2379 3871 2696 3932 concilium
2743 3872 2827 3931 ire
2850 3873 3080 3948 jussus,
3113 3871 3180 3930 in

562 3963 855 4039 speculum
904 3962 1333 4029 haereticorum,
1381 3960 1595 4019 Romae
1653 3968 1840 4029 1532,
1900 3978 2019 4033 quo
2051 3959 2211 4018 haud
2244 3979 2451 4035 parum
2485 3960 2780 4020 inclaruit.
2833 3961 3179 4020 Orationem

564 4051 666 4124 qui
700 4069 748 4106 a
781 4050 855 4107 ab
889 4049 1116 4107 Echard
1162 4048 1502 4124 assignatus
1549 4066 1710 4106 error
1757 4048 1838 4104 vi·
1899 4048 2162 4123 ejusdem
2194 4049 2275 4106 ibi
2308 4049 2571 4108 habitam
2606 4050 2784 4108 habes
2807 4050 2966 4126 apud
2990 4038 3181 4108 Ehses

564 4137 740 4196 detur
770 4138 1233 4215 typographicae
1255 4133 1316 4217 ¹).
1381 4137 1504 4196 Hoc
1554 4136 1619 4194 in
1669 4155 1842 4211 opere
1900 4154 2057 4200 conc.
2091 4137 2228 4196 trid.
2262 4137 2360 4208 IV,
2400 4146 2653 4202 082—z>
2666 4148 2764 4208 86
2820 4143 2881 4198 et
2911 4139 3068 4214 apud
3101 4138 3180 4196 Le

565 4245 701 4286 eum
736 4227 858 4285 suis
891 4225 1162 4302 depinxit
1192 4226 1517 4296 coloribus;
1565 4225 1840 4284 emenda·
1899 4226 2033 4284 Plat
2051 4225 2097 4296 Ι,
2124 4236 2418 4298 46-52;
2447 4237 2808 4292 143—151.
2831 4228 2976 4287 Cum
2991 4227 3180 4304 pluri-

564 4318 697 4373 tum
729 4318 789 4374 et
821 4319 1062 4374 auctum
1094 4314 1321 4391 prodiit
1356 4314 1633 4389 Lugduni
1675 4323 1833 4376 1541
1897 4314 2010 4373 bus
2055 4315 2354 4380 sodalibus
2402 4317 2833 4376 controversias
2883 4316 3178 4376 literarias

565 4405 901 4480 subjunctis
933 4404 1166 4463 duobus
1198 4404 1504 4482 opusculis
1535 4405 1603 4461 de
1616 4410 1842 4479 peccato
1899 4405 2137 4463 habuit:
2183 4424 2322 4464 ,non
2364 4406 2557 4464 solum
2609 4424 2741 4465 cum
2790 4407 3108 4482 Cajetan
3125 4424 3176 4474 0,

565 4495 838 4571 oriqinali
869 4499 929 4552 et
947 4512 1089 4554 casu
1111 4494 1384 4564 hominis,
1420 4497 1481 4552 et
1501 4493 1571 4551 de
1584 4494 1843 4566 perfecta
1901 4493 2062 4552 Dom.
2097 4493 2170 4551 de
2188 4498 2223 4554 S
2242 4513 2275 4552 o
2294 4497 2366 4551 to
2402 4489 2498 4576 (cf.
2520 4514 2575 4570 p.
2606 4491 2816 4576 1374),
2841 4496 2943 4553 sed
2964 4496 3025 4553 et
3044 4514 3180 4554 cum

562 4584 966 4656 justificatione
997 4604 1030 4642 a
1061 4583 1176 4642 fide
1209 4587 1269 4642 et
1300 4584 1600 4659 operibus,
1659 4581 1842 4640 Aliud
1899 4583 2486 4644 Barth.Carranza
2506 4581 2600 4664 (cf.
2624 4585 2926 4643 Nomencl.
2945 4582 3027 4653 1²,
3050 4580 3176 4665 39),

1897 4677 2101 4730 contra
2149 4692 2323 4747 quem
2358 4672 2597 4748 scripsit
2645 4673 3071 4732 discussionem
3124 4693 3178 4748 q.

642 4793 651 4824 ¹
710 4787 792 4843 cf.
838 4789 1165 4844 ffiraboschi
1209 4788 1392 4844 storia
1438 4788 1642 4844 Letter.
1690 4787 1746 4841 cli
1776 4789 1842 4842 It.
1898 4780 2007 4837 ‘1²⁴⁰
2035 4761 2166 4832 jure
2197 4763 2591 4837 episcoporum
2637 4763 2943 4822 residentia
2976 4759 3175 4820 debea-

568 4791 831 4916 V11).1,1,
858 4866 889 4917 2
918 4867 1039 4918 0,1,
1069 4865 1236 4918 n,2(3,
1898 4857 2012 4925 tur,
2051 4850 2313 4909 Venetiis
2355 4860 2516 4912 1547
2554 4850 2618 4909 in
2655 4861 2707 4914 S.
2764 4855 2826 4911 et
2869 4870 3178 4912 censuram
