3475 5364
361 359 483 412 793
1409 341 1655 396 Joannes
1682 340 1917 396 Gerson.
2854 359 2929 411 79
2941 360 2977 411 4

355 527 521 585 tione
551 525 792 585 Parisiis
833 535 998 589 1413
1048 529 1177 583 orta
1208 526 1514 601 quaesitus
1546 530 1639 586 est
1702 535 1867 588 1419
1920 522 2283 600 Lugdunum
2329 524 2507 595 abiit,
2565 526 2670 585 ubi
2716 525 2977 586 Joannes

356 636 392 674 a
422 615 718 674 seditiosis
763 614 837 673 ad
868 633 1086 684 necem,
1134 620 1197 673 et
1226 616 1322 674 vel
1353 615 1416 674 in
1447 633 1636 674 carce-
1692 615 1821 690 ejus
1870 613 2052 673 frater
2114 613 2579 673 coelestinorum
2647 615 2813 691 prior
2876 616 2974 674 de-

357 723 484 763 rem
516 707 724 779 raptus
756 704 990 772 fuisset,
1025 704 1138 762 nisi
1174 705 1317 781 fuga
1349 704 1466 763 sibi
1497 722 1635 763 con·
1691 705 1889 781 gebat,
1937 702 2356 777 reliquumque
2388 703 2549 763 vitae
2595 709 2833 780 tempus
2865 705 2977 764 im-

359 794 649 852 suluisset
680 810 746 850 ac
776 793 840 851 in
871 793 1194 852 fornicibus
1229 792 1392 852 aedis
1423 794 1480 852 b.
1515 793 1636 853 Ma·
1692 791 1903 868 pendit
1921 792 2160 860 orande,
2184 791 2599 862 concionandO,
2632 793 2815 854 libros
2837 812 2976 853 con·

358 883 481 940 riae
511 901 617 958 per
646 882 879 958 aliquot
893 882 1017 941 dies
1047 881 1411 942 delituisset:
1447 883 1636 942 omnis
1693 879 2005 941 scribendo
2052 884 2115 941 et
2147 882 2495 956 praesertim
2527 884 2808 957 parvulos
2843 882 2980 941 fidei

357 976 555 1030 tamen
588 971 718 1046 ejus
750 971 1058 1046 suppellex
1103 991 1139 1029 a
1188 972 1487 1030 seditiosis
1520 971 1637 1031 fuit
1690 970 2048 1030 rudimentis
2069 970 2459 1040 informandO,
2484 969 2862 1046 quos-docuit
2894 973 2980 1040 ita

358 1060 591 1136 direpta
633 1061 907 1136 bonaque
939 1060 1222 1136 dissipata
1263 1064 1422 1119 sunt.
1485 1061 1633 1119 Con·
1691 1079 1800 1136 pro
1850 1077 1912 1118 se
1963 1077 2158 1119 orare:
2230 1060 2429 1127 ,Deus
2491 1078 2677 1129 meus,
2746 1065 2982 1120 creator

356 1150 492 1208 cilio
522 1150 785 1226 generali
831 1150 1260 1208 constantiensi
1307 1149 1529 1209 indicto
1561 1150 1635 1208 ad
1690 1167 1881 1218 meus,
1932 1150 2211 1207 miserere
2245 1149 2611 1224 pauperrimi
2642 1149 2851 1208 famuli
2884 1151 2977 1209 tui

366 1250 415 1302 1.
449 1239 594 1297 Nov.
639 1248 823 1306 1414,
857 1238 1119 1299 Joannes
1149 1239 1466 1298 Gersonius
1500 1244 1633 1298 tum
1691 1238 1783 1297 J0.
1830 1237 2183 1297 Gersonisz‘
2248 1239 2432 1297 donec
2488 1248 2580 1300 12.
2626 1237 2748 1296 Jul.
2809 1247 2976 1301 1429

357 1327 512 1404 regis
559 1327 887 1386 Galliarum
931 1331 1060 1387 tum
1105 1328 1435 1387 academiae
1479 1329 1636 1403 pari·
1691 1326 1947 1405 animam
1994 1346 2156 1386 suam
2191 1327 2309 1387 Deo
2339 1326 2612 1387 reddidit.
2694 1326 2979 1402 Sepulcro

359 1417 569 1476 siensis
599 1416 840 1477 nomine
871 1417 927 1475 ei
957 1417 1250 1484 interfuit,
1285 1436 1638 1493 omnemque
1692 1417 1981 1492 inscripta
2012 1419 2157 1475 sunt
2186 1416 2383 1485 verba,
2434 1434 2583 1491 quae
2617 1434 2790 1492 saepe
2821 1417 2980 1476 inter

357 1505 614 1582 lapidem
646 1506 851 1574 movit,
898 1509 970 1565 ut
1014 1506 1168 1565 liber
1198 1507 1291 1565 Jo.
1324 1506 1495 1566 Parvi
1529 1525 1637 1582 pro
1693 1506 2167 1565 concionandum
2217 1504 2577 1580 usurpabat:
2660 1545 2686 1574 ,
2708 1505 2976 1565 Poenite·

358 1595 581 1655 tuendo
630 1595 1028 1670 tyrannicidio
1090 1590 1188 1677 (cf.
1252 1615 1436 1671 supra
1485 1591 1636 1672 774)
1694 1595 1841 1653 mini
1885 1598 1947 1655 et
1993 1593 2212 1654 credite
2250 1594 2627 1671 110008011οᾸι
2708 1595 2976 1670 Populus

357 1684 754 1743 damnaretur.
833 1684 1048 1742 Anima
1077 1685 1301 1760 pariter
1345 1685 1464 1743 fuit
1495 1703 1634 1744 con·
1692 1703 1830 1743 vero
1862 1684 2253 1760 lugdunensis
2287 1702 2424 1742 eum
2446 1684 2569 1742 fere
2602 1686 2672 1742 ut
2705 1687 2976 1743 sanctum

358 1773 481 1831 cilii
555 1791 689 1831 cum
755 1773 1116 1847 quibusdam
1180 1773 1313 1832 aliis
1373 1774 1635 1850 ejusdem
1693 1773 1881 1833 coluit
1912 1769 1976 1853 ¹).

358 1862 688 1922 sententiae
783 1862 929 1920 viris
1034 1882 1140 1938 pro
1233 1863 1637 1938 componendo

358 1951 669 2010 schismate
743 1956 804 2009 et
865 1951 1280 2011 reformatione
1344 1951 1638 2011 Ecclesiae
1788 1959 1930 2013 398.
1979 1949 2167 2019 Quam
2212 1950 2473 2026 plurima
2525 1951 2769 2025 reliquit
2801 1970 2977 2027 opera

357 2042 420 2099 in
481 2040 676 2116 capite
725 2043 786 2099 et
834 2040 1147 2100 membris:
1211 2041 1348 2100 hinc
1402 2040 1632 2100 concilii
1692 2043 1753 2099 et
1784 2040 2088 2115 opuscula,
2110 2058 2264 2114 quae
2296 2058 2466 2115 saepe
2487 2041 2754 2108 seorsim,
2791 2040 2892 2099 sed
2916 2047 2977 2099 et

356 2130 770 2189 anctoritatem
815 2131 1226 2206 exaggerabat,
1271 2131 1475 2205 plures
1505 2130 1635 2188 the·
1692 2130 1937 2188 collecta
1971 2129 2340 2203 prodierunt,
2388 2132 2460 2188 ut
2493 2128 2765 2189 Coloniae
2807 2140 2975 2193 1483

358 2237 450 2278 ses
483 2219 580 2277 vel
639 2218 949 2294 opiniones
1001 2219 1177 2294 plane
1230 2237 1502 2278 erroneas
1565 2219 1637 2278 de
1694 2213 1952 2282 —41484
2004 2221 2046 2276 t.
2084 2228 2119 2279 4
2156 2218 2219 2275 in
2264 2220 2302 2275 f.
2348 2218 2435 2276 ed.
2469 2236 2633 2288 rara;
2680 2221 2974 2294 Argento-

355 2307 634 2377 Ecclesia,
682 2307 945 2382 primatu
976 2311 1038 2366 et
1068 2327 1225 2367 conc.
1258 2308 1635 2385 generalibus
1691 2307 1809 2367 rati
1855 2316 2279 2369 1494-1514
2328 2325 2470 2365 cura
2501 2307 2694 2365 Geiler
2734 2308 2805 2366 de
2838 2308 2973 2366 Kai-

356 2396 800 2474 propugnabat:
836 2397 937 2455 sed
969 2397 1170 2472 inepte
1201 2401 1508 2473 propterea
1541 2416 1636 2456 ac-
1693 2397 1968 2473 sersberg
1998 2399 2039 2455 t.
2077 2405 2132 2465 3,
2182 2395 2401 2471 quibus
2437 2407 2491 2457 4.
2542 2396 2980 2471 Wimphelinga

357 2489 630 2544 censetur
679 2485 968 2561 primatus
1025 2485 1394 2556 adversariis,
1459 2506 1634 2563 quem
1692 2485 1937 2562 adjecit;
1971 2488 2034 2543 et
2064 2484 2198 2543 aliis
2226 2485 2313 2543 ed.
2335 2485 2568 2544 omissis
2586 2489 2832 2544 curante
2855 2486 2974 2544 Du-

357 2575 754 2634 institutionis
834 2579 895 2632 et
980 2575 1135 2650 juris
1230 2575 1418 2633 divini
1508 2595 1636 2635 esse
1691 2576 1795 2649 pin
1843 2574 2202 2649 Antverpiae
2262 2584 2423 2637 1706
2478 2578 2520 2632 t.
2578 2585 2611 2637 5
2666 2575 2730 2633 in
2776 2574 2833 2642 f.,
2885 2574 2974 2635 ed.

357 2682 600 2741 prorsus
647 2664 947 2723 tuebatur.
1030 2664 1261 2724 Partem
1313 2664 1526 2725 habuit
1571 2666 1636 2724 in
1690 2664 1862 2734 bona,
1914 2663 2029 2723 etsi
2079 2662 2342 2723 nondum
2386 2663 2659 2723 omnibus
2710 2665 2977 2724 numeris

357 2754 733 2812 damnatione
795 2772 1061 2813 errorum
1113 2755 1325 2814 Wiclef
1379 2758 1441 2814 et
1487 2755 1634 2814 Hus.
1691 2750 2060 2831 absoluta²);
2094 2753 2296 2830 Hagae
2312 2753 2607 2813 Comitum
2631 2762 2795 2817 1728
2818 2773 2915 2829 pp.
2937 2764 2997 2815 3.

355 2843 550 2902 Finita
589 2852 751 2905 1418
786 2842 1012 2919 synodo
1044 2843 1210 2902 aliud
1241 2845 1394 2903 nihil
1425 2848 1519 2903 tot
1548 2846 1635 2903 la·
1693 2844 1757 2901 in
1795 2854 1826 2905 5
1863 2863 1918 2901 v.
1983 2842 2340 2919 Theologiae
2374 2843 2774 2911 scholasticae,
2808 2862 2976 2917 prae-

357 2933 568 2990 borum
585 2932 914 3007 praemium
948 2936 1299 2991 consecutus
1332 2938 1427 2992 est
1455 2953 1634 3009 quam
1691 2932 1900 2992 sertim
1945 2951 2096 3007 quae
2129 2932 2502 2991 subtilitates
2536 2934 2816 2999 sectatur,
2869 2933 2975 2989 mi-

356 3021 622 3080 exsilium
645 3026 999 3096 perpetuum
1028 3018 1092 3101 1).
1134 3022 1279 3080 Cum
1300 3023 1458 3082 enim
1481 3024 1632 3081 Bur-
1688 3040 1806 3080 nus
1839 3020 2111 3079 addictus
2132 3023 2289 3080 erat:
2324 3021 2553 3096 praxim
2582 3020 2974 3096 praeferebat,

355 3110 613 3186 gundiae
658 3109 826 3169 ducis
859 3110 933 3168 ob
965 3111 1267 3180 fervorem,
1311 3130 1431 3186 quo
1464 3111 1633 3170 dam·
1689 3110 1826 3169 hinc
1853 3110 2216 3187 theologiam
2263 3110 2573 3186 mysticam
2621 3129 2760 3185 prae
2807 3110 2975 3170 scho-

354 3199 660 3258 nationem
722 3200 759 3257 l.
827 3200 1077 3258 Joannis
1128 3200 1301 3259 Parvi
1361 3201 1630 3277 urgebat,
1689 3200 1904 3259 lastica
1938 3199 2249 3258 adamabat
2296 3205 2356 3258 et
2403 3199 2461 3256 in
2496 3218 2563 3259 ea
2593 3218 2797 3258 revera
2828 3199 2974 3257 emi-

355 3289 557 3347 odium
604 3288 720 3347 sibi
764 3288 1133 3358 concivisset,
1174 3290 1476 3348 Lutetiam
1508 3291 1629 3348 An·
1689 3289 1833 3357 cuit,
1897 3288 2147 3363 ideoque
2208 3289 2385 3362 plura
2444 3289 2710 3364 ejusdem
2760 3288 2977 3363 scripta

354 3378 588 3454 glorum
618 3381 680 3435 et
708 3378 1207 3453 Burgundionum
1239 3378 1631 3438 dominationi
1688 3378 1839 3436 circa
1883 3396 2011 3435 eam
2045 3380 2375 3436 versantur.
2442 3377 2604 3435 Vitat
2652 3377 2714 3435 in
2746 3376 2820 3434 iis
2856 3377 2975 3434 sol-

354 3467 666 3526 obnoxiam
716 3467 906 3524 redire
957 3487 1075 3526 non
1125 3472 1218 3525 est
1260 3484 1478 3526 ausus:
1529 3467 1632 3526 sed
1689 3466 1869 3525 lerter
1901 3483 2130 3524 errores
2164 3469 2226 3524 et
2251 3483 2522 3524 excessus
2545 3465 2976 3523 fraticellorum

357 3555 653 3632 peregrini
703 3556 912 3614 habitu
964 3556 1038 3615 ad
1089 3556 1297 3616 ducem
1349 3557 1632 3615 Bavariae
1687 3556 2058 3628 aliarumque
2076 3554 2561 3613 sectarummedii
2577 3555 2723 3623 aevi,
2741 3554 2974 3611 sobrius

352 3645 662 3704 Albertum
692 3664 755 3703 se
789 3646 1094 3713 constulit,
1143 3647 1249 3719 qui
1282 3664 1473 3704 arcem
1505 3647 1629 3704 rat·
1688 3646 1780 3703 est
1812 3647 1875 3702 et
1905 3644 2185 3718 prudens,
2221 3661 2426 3701 sanam
2460 3642 2753 3701 sentiendi
2792 3642 2975 3701 ratio·

353 3734 805 3810 tenbergensem
836 3735 900 3794 in
933 3734 1114 3793 Tiroli
1147 3735 1202 3793 ei
1235 3753 1343 3810 pro
1376 3753 1631 3795 commo-

351 3824 580 3882 ratione
613 3823 967 3899 assignavit3
1013 3824 1115 3881 ubi
1145 3824 1463 3882 Boethium
1497 3825 1628 3882 imi·
1768 3836 1803 3887 Γ)
1832 3830 1912 3885 Cf.
1935 3830 2332 3900 Wimpheling
2359 3830 2427 3885 de
2456 3830 2576 3883 vita
2604 3832 2661 3883 et
2685 3829 2975 3883 mira-culis

351 3915 514 3971 tatus
529 3912 766 3986 scripsit
781 3913 996 3987 partim
1015 3913 1422 3988 prosapartim
1438 3916 1630 3971 metro
1686 3902 1775 3956 J0·
1804 3903 2047 3962 Gerfl0¹1³
2091 3901 2355 3958 Defffllssio
2397 3918 2498 3971 1³¹0
2540 3901 2672 3955 ffiVO
2711 3901 2798 3956 J0·
2827 3902 2890 3955 G·
2921 3904 2979 3953 et*

351 4001 1328 4078 a...„..2.......1...1.,......1,1„
1341 4003 1627 4061 viennam
1677 3971 2815 4115 22:555553135240313213§.siffis
2835 3976 2977 4097 ἕξεί

352 4091 651 4192 ΡΓΟΫῨΟΈΠΒ
682 4091 756 4149 ab
771 4091 1046 4191 Aflsn'iafl
1066 4091 1212 4150 duce
1230 4092 1487 4167 benigne
1520 4092 1630 4150 hu*
1686 4120 1746 4170 et
1793 4118 2118 4187 reprehensi
2180 4135 2220 4170 s.
2284 4117 2319 4171 l.
2372 4120 2427 4169 et
2477 4134 2526 4170 a.
2587 4116 2977 4186 (Argentorati

351 4183 723 4257 maniterque
754 4179 870 4238 fuit
902 4183 1224 4257 susceptus.
1291 4180 1549 4239 Tandem
1581 4201 1629 4239 a.
1687 4192 1868 4253 1506).

1763 4268 1799 4326 ²)
1831 4260 1911 4315 Cf.
1959 4260 2221 4314 Potthsst
2261 4278 2315 4329 p.
2344 4264 2448 4317 504
2488 4276 2561 4319 s.;
2614 4259 2855 4313 Schwab
2883 4276 2977 4327 op.

1685 4332 1836 4385 infra
1863 4332 1958 4386 cit.
1988 4336 2251 4390 786-96,
2282 4331 2540 4385 Plurium
2564 4348 2596 4384 0
2641 4347 2799 4384 erum
2828 4348 2975 4383 sum-

429 4404 611 4473 ¹J1mo
639 4404 730 4456 vel
755 4404 816 4456 in
843 4403 1083 4458 concilio
1122 4408 1419 4457 accusatus
1446 4405 1637 4458 fuerat
1688 4420 1837 4456 mam
1880 4404 2110 4457 exhibet
2146 4404 2341 4473 Dupin
2383 4402 2606 4456 Nouvel
2631 4418 2660 4455 0
2702 4400 2974 4455 Biblioth.

348 4490 384 4526 a
410 4473 570 4528 ducis
597 4474 895 4546 Burgundi
922 4475 1244 4530 fautoribus
1288 4492 1541 4530 errorum
1571 4477 1632 4528 in
1687 4475 1785 4527 des
1813 4477 2060 4528 Auteurs
2086 4475 2281 4529 eccles.
2322 4475 2441 4537 XII,
2469 4476 2698 4535 66—78‚
2746 4472 2977 4525 Parisiis

352 4544 478 4607 fide,
505 4563 649 4614 quos
673 4547 746 4599 ad
772 4550 840 4602 25
867 4546 1138 4602 articulos
1175 4547 1466 4601 revocavit
1492 4547 1633 4616 epis-
1689 4551 1863 4609 1702„
1891 4546 1995 4614 qui
2020 4547 2089 4599 de
2116 4562 2182 4600 eo
2210 4546 2438 4600 scribit:
2466 4545 2683 4614 Depuis
2711 4546 2763 4598 10
2791 4547 2974 4611 temps

349 4633 527 4687 copus
541 4618 1159 4673 attrebatensiszeoscf.
1177 4619 1235 4671 in
1255 4618 1323 4673 H.
1343 4618 1402 4673 E.
1422 4618 1632 4672 Fleurii
1687 4617 1757 4672 de
1809 4618 1862 4672 S.
1913 4616 2184 4682 Bernard‚
2237 4617 2470 4688 l'Eglisc
2523 4618 2617 4669 n'a
2679 4615 2842 4686 point
2904 4632 2975 4667 eu

351 4687 386 4743 1.
414 4693 518 4746 103
544 4698 571 4755 ἓ
597 4694 720 4747 136.
761 4689 908 4744 Hinc
934 4689 1149 4744 Ger-son
1169 4692 1398 4744 coactus
1426 4689 1539 4744 fuit
1563 4690 1631 4743 de
1687 4688 1969 4743 d'Auteur
2008 4688 2077 4742 de
2119 4690 2248 4759 plus
2274 4688 2488 4759 grande
2528 4686 2876 4756 reputation.
2906 4686 2974 4737 (10

349 4760 585 4830 objectis
610 4760 761 4815 hisce
787 4761 1044 4815 articulis
1059 4777 1177 4814 sese
1195 4778 1456 4830 purgare,
1475 4761 1630 4829 quod
1687 4760 1820 4831 plus
1864 4759 2139 4830 profonde
2181 4761 2395 4813 science
2431 4763 2488 4814 et
2528 4759 2595 4813 de
2638 4759 2767 4828 plus
2794 4756 2976 4811 solide

347 4831 504 4885 haud
531 4832 840 4887 difficulter
865 4831 1184 4900 praestitit:
1211 4833 1281 4886 de
1310 4837 1630 4887 controver·
1689 4832 1844 4901 piete
1871 4848 1982 4900 que
2011 4830 2244 4888 Gereon.
2296 4830 2451 4896 Quae
2478 4830 2712 4885 omnino
2742 4844 2977 4895 exagge-

348 4902 444 4957 siis
472 4904 544 4956 ob
572 4903 1018 4971 tyrannicidium
1058 4906 1127 4957 cf.
1157 4904 1320 4958 Feret
1350 4905 1439 4969 ΙΙΙ,
1466 4908 1536 4961 89
1562 4922 1631 4958 ss.
1689 4907 1810 4956 rate
1837 4906 1973 4956 sunt
1999 4902 2166 4957 dicta.
