3475 5364
568 340 733 393 1519
803 326 1174 379 15412-1563.
1202 321 1502 374 Versiones
1529 338 1570 376 s.
1597 320 1940 390 Scripturas.
1967 320 2292 386 Blanekart,
2328 320 2397 375 de
2427 320 2686 391 Winghe,
2717 319 2937 387 Erdely,
3014 341 3031 391 1
3053 338 3179 391 520

561 510 674 578 tili,
728 527 836 567 con
886 508 1095 566 alcuna
1144 506 1487 584 espositioni
1550 527 1581 565 e
1630 506 1841 582 puncti
1898 508 2011 567 diit
2044 509 2404 584 Antverpiae
2457 518 2643 575 1599,
2691 510 2751 566 et
2793 506 3006 565 deinde
3051 526 3183 564 sae·

561 598 887 675 pertinenti
938 598 994 655 al
1044 600 1197 654 testo
1223 618 1236 665 3
1301 614 1366 654 co
1412 597 1571 655 nomi
1622 596 1840 655 Hebrei
1895 599 2172 675 pissime;
2225 599 2311 657 De
2359 599 2635 673 diqnitate
2684 604 2734 655 et
2773 597 3184 669 profunditate

561 688 721 764 posti
752 687 816 744 in
848 686 1129 768 margine²
1166 704 1329 743 come
1363 685 1412 742 si
1444 685 1781 744 harebbono
1809 705 1844 743 a
1896 707 1941 748 ε.
1976 690 2316 762 Scripturae
2357 692 2420 745 et
2463 685 2755 763 quomodo
2803 705 2872 743 ea
2911 685 3182 761 legenda,

564 776 986 853 pronunciare:
1020 793 1086 833 co
1120 774 1421 833 sommarii
1454 794 1490 832 a
1520 776 1658 851 ogni
1681 775 1840 850 capi·
1895 778 1973 836 ib.
2036 785 2219 840 1593.
2271 809 2351 821 —-
2405 775 2665 834 Joannes
2711 774 3013 842 silvester,
3057 775 3183 832 Er-

560 867 701 935 tolo,
737 884 847 925 con
877 868 970 922 tre
1018 863 1214 923 ordini
1263 863 1323 922 di
1368 864 1568 923 tavole
1601 883 1632 922 e
1663 863 1843 923 molte
1899 867 2077 943 dely
2124 867 2218 924 vel
2267 865 2656 940 Erdoessy
2705 864 3182 941 cognominatus,

562 957 713 1014 altre
743 974 872 1013 cose
894 953 1232 1011 ultilissime
1264 971 1296 1010 e
1327 952 1518 1029 degne
1545 952 1607 1010 di
1624 972 1842 1011 memo·
1899 955 2321 1015 Transilvanus
2402 954 2514 1030 sub
2575 953 2983 1012 Melanchtone
3044 953 3184 1027 qui·

562 1045 650 1102 ria
682 1092 695 1106 .
730 1092 741 1105 .
778 1092 790 1106 .
824 1042 1175 1119 aggiuntovi
1207 1041 1253 1099 il
1284 1045 1444 1102 terzo
1460 1041 1843 1100 l.de'Macha-
1899 1046 2032 1104 dem
2058 1045 2494 1120 Wittenbergae
2513 1064 2563 1101 a.
2589 1053 2754 1105 1534
2775 1042 3183 1118 philosophiae

561 1135 657 1193 bei
703 1151 822 1192 non
866 1132 974 1207 piu
1019 1131 1285 1190 tradotto
1331 1132 1395 1189 in
1427 1131 1679 1208 volgare,
1731 1130 1841 1189 Ve·
1899 1139 1961 1194 et
1993 1132 2356 1210 philologiae
2377 1132 2629 1201 studuit,
2665 1133 2813 1207 quin
2844 1132 2915 1188 ad
2947 1134 3183 1207 protes-

563 1222 741 1282 netiis
798 1230 996 1287 15383
1043 1223 1104 1278 et
1158 1230 1322 1282 1546
1373 1214 1474 1302 (m.
1528 1216 1698 1300 100).
1760 1221 1845 1277 Ea
1899 1227 2099 1282 tantes
2134 1223 2430 1292 defecerit,
2453 1228 2522 1280 ut
2542 1221 2820 1280 nonnulli
2840 1221 3183 1294 opinantur.

562 1312 757 1371 versio
788 1310 967 1368 nimis
999 1309 1279 1368 festinato
1312 1309 1573 1368 confecta
1602 1309 1845 1367 videtur
1900 1314 1967 1371 In
2001 1313 2368 1389 Hungariam
2389 1310 2575 1370 redux
2596 1309 2856 1387 Szigethi
2889 1328 3184 1385 gramma-

494 1412 500 1418 ’
558 1402 858 1474 nimisque
876 1399 1092 1457 nititur
1107 1397 1374 1456 versione
1393 1398 1641 1456 Antonii
1659 1400 1843 1456 Bruc-
1898 1403 2078 1461 ticam
2123 1401 2327 1459 docuit
2370 1404 2432 1459 et
2463 1400 2748 1459 Viennam
2795 1400 3017 1458 accitus
3061 1398 3184 1456 lin·

560 1491 718 1549 cicli.
752 1488 942 1546 Multa
973 1487 1089 1545 alia
1120 1506 1263 1546 sane
1295 1488 1531 1545 curiosa
1561 1488 1842 1562 promise·
1895 1511 2081 1569 guam
2116 1490 2463 1549 hebraicam.
2515 1488 2710 1547 Vertit
2751 1489 2820 1546 N.
2855 1487 2917 1544 T.
2951 1488 3187 1546 ratione

560 1583 674 1648 rat,
709 1578 810 1637 sed
843 1597 919 1635 an
952 1576 1354 1651 compleverit,
1404 1577 1577 1634 valde
1611 1582 1700 1634 est
1733 1577 1843 1634 du·
1899 1581 2100 1638 habita
2132 1580 2481 1655 praesertim
2515 1577 2803 1654 Vugatae‚
2836 1576 3182 1653 hungarice,

562 1668 729 1726 bium
745 1665 810 1749 1).
873 1700 955 1710 —-
1006 1665 1336 1724 Alexander
1398 1662 1486 1745 (in
1549 1665 1844 1740 baptismo
1904 1670 2162 1745 Szigethi
2204 1678 2404 1738 15413
2462 1667 2721 1726 Viennae
2763 1675 2946 1729 1574.
3009 1665 3185 1723 Alius

565 1758 759 1815 dictus
791 1752 1097 1836 Nicolaus)
1149 1755 1231 1812 Bl
1252 1756 1579 1813 anckart
1611 1752 1845 1834 (Candi·
1899 1759 2164 1835 ejusdem
2217 1759 2253 1814 l.
2305 1760 2399 1815 est
2446 1758 2688 1830 Querela
2716 1751 2934 1835 fidei¹)‚
2993 1764 3183 1816 1551.

565 1842 702 1926 dus)
757 1846 819 1904 Ο.
871 1846 1055 1903 Carm.
1108 1843 1449 1913 Gaudensis,
1512 1843 1844 1920 theologiae
1901 1882 1984 1891 -—
2018 1848 2280 1905 Joannes
2315 1846 2599 1904 Albrecht
2629 1845 3182 1903 Widmanstet-

562 1936 769 1994 doctor
800 1938 861 1992 et
891 1934 1189 2010 professor
1209 1932 1581 2001 coloniensis,
1604 1933 1842 1991 nomine
1899 1938 1926 1994 t
1943 1957 1972 1993 e
1990 1957 2020 1994 r
2041 1934 2546 2016 (WidmestadiuS‚
2569 1935 2704 1992 hinc
2724 1931 3179 2001 Widmanstadt,

562 2027 625 2084 et
656 2024 940 2100 religione
971 2041 1108 2081 vere
1142 2030 1269 2079 erat
1299 2022 1605 2092 candidus,
1639 2022 1842 2080 haere·
1901 2022 2427 2099 Widmanstadius)
2459 2024 2689 2083 celeber
2718 2022 3092 2081 orientalista
3122 2041 3181 2080 n.

560 2133 696 2172 sum
760 2115 1136 2188 oppugnator
1196 2107 1718 2190 valdidissimus2).
1793 2115 1844 2169 A
1899 2120 1991 2174 est
2023 2115 2334 2191 Nellingae
2365 2113 2585 2189 oppido
2618 2112 2862 2170 ditionis
2892 2112 3182 2170 ulmensis

566 2203 749 2261 Maria
779 2201 987 2277 regina
1006 2199 1199 2275 Belgii
1220 2200 1605 2258 moderatrice
1622 2202 1844 2259 missus
1900 2224 1946 2263 c.
2009 2214 2190 2266 1506.
2254 2204 2413 2261 More
2475 2202 2640 2260 illius
2689 2200 2972 2277 temporis
3020 2200 3181 2258 aliud

565 2292 683 2350 fuit
714 2292 784 2348 ad
818 2309 977 2348 conc.
1010 2288 1425 2358 tridentinum,
1460 2290 1521 2347 in
1556 2309 1674 2364 quo
1695 2290 1844 2348 duas
1900 2293 2153 2352 adscivit
2183 2310 2398 2351 nomen
2417 2291 2728 2366 voluitque
2759 2289 3181 2348 Lucretius

563 2381 833 2456 insignes
885 2378 1094 2436 habuit
1145 2378 1440 2437 orationes
1492 2384 1674 2454 atque
1741 2399 1844 2454 pro
1901 2383 2115 2441 vocari.
2145 2381 2544 2440 Juventutem
2593 2381 2655 2438 in
2688 2380 2862 2437 Italia
2893 2379 3184 2455 transegit

564 2469 987 2528 traditionibus
1020 2467 1091 2525 ad
1125 2470 1427 2542 stuporem
1459 2470 1725 2527 omnium
1758 2468 1845 2526 di-

1903 2472 2179 2531 alacriter
2218 2472 2489 2529 intentus
2538 2468 2911 2528 addiscendis
2958 2468 3183 2544 linguis

564 2560 653 2618 xit
686 2554 747 2639 (†
775 2554 987 2637 1555).
1020 2556 1223 2614 Edidit
1252 2576 1295 2614 s.
1330 2558 1524 2615 Biblia
1555 2576 1623 2615 ex
1658 2557 1844 2615 latino
1900 2579 2163 2637 graecae,
2182 2560 2504 2627 hebraicae,
2531 2558 2797 2616 arabicae
2825 2560 2886 2615 et
2906 2557 3181 2632 syriacae.

568 2650 846 2725 vulgatae
878 2646 1155 2705 editionis
1206 2648 1267 2703 in
1309 2647 1566 2723 linquam
1602 2646 1844 2705 Germa·

566 2741 698 2796 niae
746 2739 1047 2809 inferioris
1096 2755 1276 2811 versa,
1333 2736 1604 2794 Coloniae
1663 2746 1845 2800 1548.

564 2827 867 2885 Judieium
898 2826 957 2882 J.
996 2824 1219 2882 Caluini
1264 2824 1335 2882 de
1383 2830 1720 2883 sanctorum
1753 2846 1845 2884 re-

569 2915 776 2991 liquiis
840 2915 1122 2972 collatum
1171 2933 1304 2970 cum
1382 2914 1842 2973 orthodoxorum

570 3025 613 3062 e.
648 3004 935 3062 Ecclesiae
968 3002 1285 3061 catholicae
1336 3007 1569 3077 patrum
1608 3007 1845 3062 senten·

564 3094 683 3162 tia3
719 3094 865 3150 item
905 3091 1103 3150 Oratio
1144 3093 1212 3149 de
1260 3092 1634 3150 retributione
1653 3095 1846 3167 justo-

566 3202 696 3241 rum
716 3181 917 3240 statim
934 3201 967 3237 a
985 3185 1192 3250 morte,
1227 3181 1499 3239 Coloniae
1525 3191 1681 3244 1551
1706 3182 1770 3239 in
1790 3192 1846 3247 8.

569 3306 652 3316 —
687 3270 1067 3330 Nicolaus
1100 3269 1847 3346 deWingheLovanien-

567 3362 650 3420 sis
686 3356 747 3442 (†
786 3355 978 3440 1552)
1033 3359 1538 3418 collaborantibus
1569 3361 1745 3420 Petro
1778 3361 1848 3418 de

569 3452 656 3509 Co
673 3456 745 3508 rt
777 3453 839 3508 et
856 3450 1183 3509 Godevaert
1202 3445 1603 3528 (Godefridus)
1638 3449 1675 3505 S
1694 3455 1766 3507 tr
1782 3470 1849 3525 y·

568 3541 795 3599 roede
847 3539 910 3597 O.
963 3535 1229 3618 Praed.³)
1282 3538 1639 3597 brabantino
1701 3539 1848 3598 idio-

569 3636 724 3688 mate
773 3628 962 3688 edidit
1011 3646 1055 3685 s,
1090 3627 1453 3702 Scripturam
1497 3629 1671 3702 juxta
1703 3627 1848 3686 Vul-

568 3723 784 3797 gatam‚
822 3716 1065 3778 Lovanii
1093 3725 1252 3780 1548
1277 3721 1337 3774 et
1359 3717 1595 3792 saepius
1618 3718 1849 3791 postea3

569 3809 896 3868 secundum
960 3811 1279 3864 correctam
1350 3805 1667 3882 Vulgatam
1719 3825 1848 3864 ver-

571 3900 793 3958 sionem
828 3916 953 3964 eam
987 3897 1387 3953 retractarunt
1408 3895 1596 3969 aliqui
1629 3896 1845 3970 profes-

570 4006 730 4045 sores
764 3986 1158 4050 lovanienses,
1194 3987 1254 4041 et
1276 3985 1362 4042 ita
1382 3984 1695 4042 emendata
1715 4004 1851 4059 pro-

652 4181 684 4236 1)
715 4173 798 4227 Cf.
827 4172 1047 4225 Echard
1077 4173 1141 4236 11,
1174 4178 1294 4229 124.

647 4253 685 4310 ²)
716 4245 797 4304 Cf,
828 4245 1151 4298 Hartzheim
1179 4262 1233 4313 p.
1262 4250 1360 4301 14:
1390 4243 1614 4297 Streber
1629 4243 1739 4299 KL.
1759 4244 1851 4308 11⁹,

647 4392 687 4449 ΣΥ)
718 4386 850 4439 Fuit
875 4386 967 4439 hic
996 4388 1179 4455 patria
1208 4386 1537 4450 Diestensis,
1566 4405 1607 4439 s.
1640 4386 1854 4440 theolo-

572 4460 697 4526 giae
727 4459 997 4526 magister
1023 4465 1080 4511 et
1104 4476 1304 4526 regens
1332 4459 1672 4513 scholarum.
1728 4458 1854 4511 Elo-

574 4548 755 4599 quens
780 4535 901 4583 erat
927 4530 1275 4584 ecclesiastes
1301 4531 1458 4593 ade0‚
1503 4533 1569 4583 ut
1594 4547 1730 4600 prae
1759 4546 1854 4583 au·

573 4602 825 4656 ditor-um
867 4603 1188 4671 frequentia
1216 4602 1276 4654 in
1306 4601 1513 4670 plateis
1550 4602 1661 4671 ipsi
1709 4605 1856 4654 esset

573 4675 1027 4728 concionandum
1046 4695 1057 4732 ς
1072 4689 1303 4726 munere
1318 4672 1488 4725 etiam
1504 4673 1855 4740 fungebatur

574 4746 929 4815 inquisitoris
995 4763 1096 4814 per
1152 4747 1396 4798 tractum
1449 4745 1852 4799 lovaniensem.

1901 2649 2335 2710 Praelectiones
2380 2648 2592 2708 habuit
2633 2648 2696 2705 in
2746 2646 2925 2706 variis
2977 2645 3175 2704 Italiae

1901 2740 2210 2798 academiis
2247 2739 2318 2797 de
2350 2738 2582 2796 artibus
2613 2736 2982 2795 liberalibus
3015 2739 3175 2793 Ase-

1902 2830 2076 2887 cretis
2108 2833 2233 2886 erat
2264 2827 2389 2886 Nic.
2427 2827 2499 2885 de
2534 2826 2910 2902 Schoenberg
2957 2823 3181 2883 archie-

1903 2920 2140 2994 piscopo
2192 2936 2457 2992 capuano
2510 2920 2570 2974 et
2620 2914 2925 2985 cardinali,
2978 2919 3186 2988 postea

1903 3007 2018 3082 ipsi
2051 3007 2338 3066 Clementi
2359 3005 2483 3063 VII.
2519 3006 2725 3064 Coram
2759 3005 2867 3063 hoc
2896 3007 2956 3062 et
2988 3003 3183 3078 pluri-

1904 3097 2014 3155 bus
2047 3096 2443 3155 cardinalibus
2475 3113 2609 3153 cum
2643 3113 2859 3171 magna
2888 3091 3188 3167 pontificis

1904 3186 2332 3261 approbatione
2377 3182 2654 3242 disseruit
2700 3184 2764 3240 in
2812 3181 2999 3240 hortis
3031 3181 3184 3239 vati-

1903 3275 2062 3334 canis
2095 3276 2166 3332 de
2183 3277 2508 3351 systemate
2532 3273 2915 3347 copernicano
2938 3266 3186 3352 (1533).

1905 3364 2097 3422 Etiam
2128 3364 2311 3422 Paulo
2343 3364 2447 3421 111.
2482 3362 2600 3420 fuit
2648 3382 2682 3419 a
2733 3360 2993 3429 seeretiS,
3027 3363 3089 3417 et
3119 3358 3186 3416 in

1902 3454 2085 3512 variis
2118 3452 2375 3529 negotiis
2408 3451 2483 3510 ab
2516 3450 2648 3509 aliis
2677 3448 3048 3526 principibus
3081 3448 3186 3505 ad-

1907 3543 2151 3600 hibitus.
2213 3543 2536 3615 Postquam
2582 3539 2644 3597 in
2676 3539 3046 3598 Germaniam
3089 3555 3187 3594 re·

1908 3633 2038 3698 diit,
2087 3631 2412 3706 reperimus
2458 3649 2592 3687 eum
2645 3627 3043 3705 diplomaticis
3075 3626 3185 3684 im-

1907 3721 2186 3796 plicitum
2219 3720 2494 3796 negotiiS,
2536 3718 2774 3776 demum
2807 3717 2869 3775 in
2900 3714 3187 3790 obsequio

1909 3809 2262 3869 Ferdinandi
2312 3809 2487 3885 regiS,
2540 3808 2644 3882 qui
2694 3826 2829 3865 eum
2876 3804 3189 3866 constituit

1909 3899 2321 3957 cancellarium
2341 3897 2618 3955 Austriae
2635 3895 2936 3954 orientalis
2958 3892 3011 3975 (1
3034 3905 3065 3957 5
3078 3903 3110 3957 5
3122 3891 3184 3968 2)

1908 3992 1968 4046 et
1999 3992 2490 4056 conservatorem,
2526 3987 2915 4060 protectorem
2949 4002 3053 4041 seu
3085 4002 3188 4041 su·

1910 4077 2423 4152 perintendentem
2441 4074 2849 4133 universitatis
2871 4073 2944 4131 ad
2956 4076 3187 4130 restau-

1908 4167 2093 4224 randa
2123 4166 2187 4223 in
2218 4185 2286 4224 ea
2309 4167 2484 4241 juxta
2514 4163 2790 4240 spiritum
2835 4162 3186 4221 catholicum

1910 4256 2107 4313 studia
2138 4255 2352 4314 misere
2384 4255 2655 4329 collapsa.
2688 4251 2979 4328 Impensis
3013 4251 3190 4326 regiis

1911 4344 2142 4403 curavit
2173 4345 2490 4403 editionem
2525 4342 2597 4400 N.
2631 4342 2693 4399 Τ.
2724 4343 2962 4418 syriace,
3010 4339 3187 4397 Vien-

1908 4454 2018 4492 nae
2059 4445 2224 4497 1556
2261 4438 2303 4491 t.
2342 4442 2396 4503 2,
2450 4433 2515 4489 in
2565 4451 2683 4506 qua
2721 4434 2922 4488 tamen
2971 4429 3192 4487 desunt

1910 4523 2161 4582 historia
2193 4523 2499 4581 adulterae
2530 4521 2623 4579 J0.
2647 4531 2702 4586 8,
2744 4532 2944 4582 1—11
2976 4542 2990 4590 ς
3022 4518 3189 4576 testi-

1985 4747 2023 4805 ῑ)
2038 4743 2120 4798 Cf.
2137 4744 2335 4797 Danko
2349 4743 2434 4798 do,
2452 4743 2605 4811 Sylv.
2624 4742 2970 4795 Pannonius'
2987 4740 3190 4804 Leben,

576 4817 791 4872 Habuit
817 4818 1136 4871 simultates
1148 4834 1275 4870 cum
1298 4815 1526 4869 Erasmo
1545 4821 1591 4886 (†
1604 4822 1689 4874 16.
1708 4816 1758 4869 N
1765 4833 1851 4871 ov.
1913 4811 2200 4868 Schriften
2227 4816 2345 4869 und
2375 4814 2729 4869 Bekenntniss
2759 4817 2893 4870 1871
2917 4835 2928 4873 ς
2956 4812 3067 4866 KL.
3093 4810 3190 4875 VI,

577 4893 751 4957 1549).

1913 4892 2069 4943 1767.
