3475 5364
253 382 298 433 3
313 383 356 435 2
385 385 413 436 1
1347 369 1400 424 S.
1429 370 1852 425 Bonaventura.
2787 388 2821 441 3
2832 387 2864 441 2
2875 387 2909 439 2

245 571 420 609 nem
451 571 495 611 s.
527 552 822 612 Francisci
868 557 957 611 est
987 553 1293 630 ingressus
1325 575 1374 618 a.
1411 559 1571 614 aeta·
1627 555 1970 630 praecipuas
2022 556 2229 615 habuit
2278 559 2478 632 partes
2527 555 2589 613 in
2637 555 2912 614 omnibus

247 642 348 699 tis
405 653 478 705 17
513 636 758 723 (1238).
823 642 1078 701 Parisios
1119 644 1336 703 missus
1369 639 1567 725 (1242
1625 644 1899 719 negotiis,
1934 664 2086 720 quae
2116 645 2277 704 illius
2310 644 2819 721 praeparationem
2852 647 2914 702 et

245 732 369 788 vel
418 729 612 809 1243)
643 731 909 789 triennio
955 731 1171 790 studiis
1203 751 1439 808 operam
1471 734 1570 791 de·
1626 733 1907 792 unionem
1940 752 2073 793 cum
2095 734 2316 811 graecis
2351 733 2693 801 ineundam,
2728 750 2910 808 nego-

247 819 388 889 dit,
423 825 496 878 ut
524 820 766 878 videtur
786 819 1007 898 (neque
1025 821 1184 879 enim
1204 826 1299 881 est
1316 817 1570 900 certum)
1627 821 1777 880 tium
1809 822 1974 882 illius
2007 824 2236 883 concilii
2259 823 2694 901 gravissimum,
2729 821 2913 881 attin·

247 910 394 966 sub
425 909 866 967 Alexandro
898 910 1143 969 Halensi
1174 904 1275 993 (cf,
1305 931 1362 987 p.
1398 906 1568 993 257),
1627 912 1864 987 gebant,
1898 914 2149 989 eJ‘usque
2171 911 2533 988 prudentiae,
2568 910 2914 987 diligentiae

247 999 386 1073 qui
416 1000 490 1057 de
524 1017 596 1057 eo
627 998 847 1057 dixisse
887 999 1108 1058 fertur:
1179 1000 1364 1067 ,Ecce
1395 1020 1571 1059 verus
1628 1004 1688 1057 et
1741 999 1925 1058 labori
1975 1001 2114 1059 felix
2166 1000 2381 1078 synodi
2432 1001 2627 1061 exitus
2679 1003 2773 1058 est
2801 999 2911 1057 tri-

247 1086 571 1157 Israelita,
621 1089 683 1145 in
729 1106 848 1162 quo
881 1087 1146 1147 Adamus
1186 1108 1306 1147 non
1336 1090 1573 1148 videtur
1626 1088 1920 1148 buendus.
1983 1089 2054 1148 In
2096 1091 2355 1149 sessione
2392 1099 2447 1153 3.
2490 1089 2770 1147 ultimum
2810 1088 2912 1146 ha-

248 1186 616 1251 peccasse‘.
633 1178 837 1235 Annos
854 1181 1035 1235 natus
1056 1187 1136 1239 24
1154 1177 1570 1237 baccalaureus
1626 1177 1763 1236 buit
1792 1196 2151 1238 sermonem:
2188 1178 2491 1238 laboribus
2511 1178 2788 1252 curisque
2812 1195 2910 1234 ex-

253 1266 472 1341 coepit
515 1266 902 1341 interpretari
945 1267 1301 1344 magistrum
1334 1272 1569 1326 senten·
1628 1267 1881 1326 haustus
1942 1269 2015 1326 ad
2066 1270 2324 1344 praemia
2370 1271 2613 1326 aeterna
2671 1265 2914 1324 transiit

251 1357 499 1413 tiaram
516 1354 824 1413 sodalibus
856 1355 1249 1431 successitque
1280 1357 1343 1415 in
1374 1358 1573 1416 cathe-
1626 1356 1787 1414 intra
1827 1367 1919 1418 14.
1954 1362 2016 1416 et
2054 1367 2150 1420 15.
2181 1358 2221 1416 J
2227 1358 2305 1416 ul.
2337 1365 2519 1419 1274.
2556 1354 2787 1425 Omnes,
2806 1354 2911 1429 qui

253 1443 383 1502 dra
431 1444 659 1503 Joanni
720 1444 792 1502 de
837 1444 1048 1502 Parma
1107 1445 1169 1502 in
1230 1447 1573 1504 ministrum
1627 1445 1850 1520 synodo
1882 1445 2147 1515 aderant,
2199 1464 2413 1524 magno
2458 1446 2629 1504 luctu
2659 1447 2909 1502 mortem

256 1533 620 1609 generalem
666 1532 890 1592 ordinis
936 1553 985 1591 a.
1046 1544 1201 1596 1247
1255 1536 1458 1605 electo,
1510 1536 1573 1593 in
1626 1535 1758 1608 ejus
1790 1536 2091 1609 prosecuti
2122 1539 2280 1605 sunt,
2315 1535 2559 1610 ejusque
2594 1532 2790 1593 funeri
2821 1532 2911 1590 in-

259 1623 406 1698 ipsa
476 1622 870 1682 universitate
947 1640 1243 1698 exponens
1321 1624 1571 1683 eundem
1628 1624 1887 1682 terfuere
1919 1623 2071 1683 circa
2106 1634 2228 1688 500
2283 1623 2541 1700 episcopi
2583 1626 2642 1680 et
2687 1621 2911 1680 archie-

259 1712 640 1789 magistrum
670 1715 732 1768 et
750 1729 826 1770 ss.
845 1711 1056 1770 literas
1091 1713 1233 1771 aba.
1267 1722 1567 1782 124s-55,
1628 1712 1858 1787 piscopi
1891 1731 2022 1772 cum
2058 1731 2289 1772 summo
2322 1711 2620 1789 pontifice,
2654 1711 2911 1786 impera-

260 1820 395 1875 quo
427 1819 592 1858 anno
624 1818 941 1875 suspensae
972 1800 1136 1859 fuere
1151 1803 1572 1877 praelectiones
1628 1800 1864 1859 toribus
1886 1802 2313 1861 Germanorum
2347 1805 2410 1861 et
2433 1801 2789 1860 Graecorum
2808 1818 2913 1875 per

261 1890 349 1947 ob
363 1890 718 1948 conflictum
733 1889 890 1948 inter
900 1890 1310 1949 auctoritatem
1337 1891 1572 1949 civilem
1626 1908 1916 1964 proceres,
1938 1891 1975 1949 J
1980 1891 2159 1950 acobo
2180 1890 2430 1968 Angliae
2449 1909 2586 1966 rege
2605 1889 2910 1949 omnibus-

263 1985 336 2036 et
352 1978 561 2037 sedem
590 1979 994 2053 apostolicam,
1027 1980 1292 2039 Doctoris
1312 1980 1572 2039 lauream
1627 1997 1744 2053 que
1777 1979 2211 2039 cardinalibus:
2260 1999 2444 2055 quare
2476 1981 2605 2053 ejus
2637 1978 2845 2036 funere
2878 1996 2912 2034 a

265 2071 638 2126 consecutus
671 2071 764 2125 est
794 2087 844 2125 a.
877 2076 1061 2136 1257,
1095 2087 1230 2127 cum
1255 2069 1380 2144 jam
1414 2074 1574 2129 (sset
1628 2068 1911 2126 memoria
1930 2069 2236 2128 hominum
2265 2067 2587 2145 gloriosius
2619 2085 2744 2125 non
2762 2066 2910 2142 legi-

264 2157 556 2215 minister
618 2156 909 2232 generalis
969 2157 1223 2228 ordinis;
1305 2159 1570 2217 unanimi
1627 2160 1743 2214 tur.
1806 2157 2077 2216 Pontifex
2126 2158 2190 2217 in
2239 2175 2377 2216 sess,
2428 2167 2481 2219 5.
2522 2156 2652 2231 ejus
2697 2156 2913 2214 merita

265 2247 432 2304 enim
483 2245 772 2322 suffragio
814 2245 1036 2304 electus
1070 2247 1262 2305 fuerat
1292 2268 1341 2305 a.
1384 2257 1568 2315 1257,
1629 2264 1823 2304 coram
1886 2246 2156 2321 patribus
2217 2246 2451 2314 extulit,
2514 2244 2910 2319 omnibusque

266 2336 452 2410 eique
471 2334 712 2393 muneri
730 2335 1104 2394 renunciavit
1129 2337 1332 2411 paucis
1352 2337 1570 2396 hebdo·
1627 2336 2034 2395 sacerdotibus
2085 2354 2316 2395 sacrum
2367 2353 2474 2411 pro
2537 2334 2666 2410 ejus
2717 2333 2911 2391 anima

269 2424 469 2482 madis
500 2428 644 2482 ante
675 2427 946 2487 mortem.
990 2424 1136 2499 Ejus
1175 2426 1569 2485 ministerium
1628 2424 2046 2483 celebrandum
2106 2425 2333 2483 indixit.
2414 2423 2731 2482 Conditum
2792 2423 2911 2481 fuit

269 2513 461 2571 cessit
490 2513 558 2570 in
590 2531 891 2570 summum
924 2512 1147 2573 ordinis
1181 2515 1568 2586 commodum,
1626 2531 1857 2571 sacrum
1879 2514 2009 2589 ejus
2029 2531 2248 2589 corpus
2267 2513 2331 2572 in
2350 2512 2593 2572 ecclesia
2609 2511 2907 2570 sodalium

271 2603 723 2661 incrementum
775 2605 836 2659 et
882 2603 1377 2674 reformationem,
1427 2605 1571 2663 adeo
1627 2602 1938 2678 Lugduni:
2001 2624 2034 2661 a
2093 2603 2314 2661 rabidis
2365 2601 2693 2660 calvinistis
2755 2600 2908 2658 illud

271 2698 347 2751 ut
377 2692 556 2750 velut
586 2692 740 2749 alter
771 2691 1035 2766 ejusdem
1058 2694 1373 2752 institutor
1391 2714 1425 2752 a
1446 2695 1569 2753 suis
1626 2691 1881 2751 fiammis
1912 2693 1975 2751 in
2007 2693 2247 2768 publica
2278 2692 2474 2768 platea
2504 2712 2551 2749 a.
2594 2698 2757 2753 1562
2793 2689 2912 2749 fuit

269 2782 592 2840 habeatur.
656 2780 1064 2858 Promulgavit
1113 2783 1569 2843 constitutiones
1627 2780 1919 2840 traditum
1968 2782 2184 2857 vixque
2230 2786 2410 2858 caput
2469 2798 2675 2839 eorum
2719 2778 2909 2837 furori

269 2870 654 2929 hactenusin
671 2869 945 2946 capitulis
976 2871 1351 2947 generalibus
1382 2872 1570 2931 editas
1626 2872 1916 2944 ereptum.
1951 2870 2153 2929 Sixtus
2186 2870 2283 2929 IV.
2317 2890 2365 2928 a.
2397 2878 2559 2933 1482
2584 2887 2719 2927 eum
2741 2885 2907 2927 sanc·

269 2959 468 3018 dictas
501 2966 728 3017 statuta
757 2959 1165 3036 narbonens-ia,
1201 2980 1351 3035 quae
1381 2963 1571 3020 veluti
1625 2959 1703 3016 tis
1726 2959 2026 3018 accensuit
2058 2964 2118 3018 et
2138 2959 2338 3018 Sixtus
2360 2959 2424 3019 V.
2458 2957 2750 3017 Ecclesiae
2769 2956 2907 3016 doc-

271 3047 753 3107 fundamentalia
782 3053 929 3106 sunt
958 3067 1068 3124 pro
1099 3049 1319 3108 ordine.
1362 3052 1413 3108 A
1444 3051 1566 3110 Cle·
1625 3053 1811 3130 torem
1857 3048 2178 3107 declaravit
2219 3058 2311 3111 14.
2344 3049 2514 3107 Mart.
2560 3055 2742 3114 1587,
2791 3064 2909 3120 qua

269 3143 478 3196 mente
524 3136 625 3204 IV,
673 3136 869 3195 dictus
912 3141 1005 3196 est
1057 3148 1152 3200 12.
1197 3139 1347 3200 Nov.
1400 3149 1563 3202 1265
1624 3138 1928 3196 occasione
1942 3137 2521 3211 eloquentiencomio
2536 3137 2666 3211 ejus
2688 3135 2908 3194 sancti-

268 3226 758 3302 archiepiscopus
802 3226 1169 3285 eboracensis
1217 3228 1280 3286 in
1319 3229 1566 3305 Anglia:
1624 3229 1805 3284 tatem
1837 3229 2224 3302 prosequitur
2271 3230 2333 3286 et
2375 3226 2721 3285 doctrinam.
2780 3222 2905 3281 'Ab-

268 3316 382 3373 sed
413 3335 563 3390 prae
594 3315 936 3374 humilitate
966 3334 1088 3375 non
1108 3317 1350 3391 quievit,
1385 3317 1570 3376 donec
1625 3315 1920 3374 stinemus
1979 3316 2054 3373 ab
2114 3315 2427 3374 afferendis
2488 3315 2743 3373 aliorum
2803 3331 2906 3371 en-

269 3404 543 3481 pontisex
606 3404 956 3464 electionem
1018 3410 1337 3464 revocaret.
1431 3408 1567 3482 Ipse
1623 3405 1861 3464 comiis:
1893 3422 2097 3463 omnes
2128 3404 2286 3463 enim
2315 3405 2378 3463 in
2409 3423 2475 3463 eo
2506 3402 2757 3461 laudant
2786 3400 2907 3459 vir-

268 3499 489 3553 auctor
541 3492 676 3562 suit,
728 3497 802 3551 ut
845 3493 1126 3554 salutatio
1176 3493 1436 3570 Virginis
1482 3496 1568 3554 sic
1622 3496 1826 3552 tutum
1875 3494 2265 3570 splendorem,
2312 3494 2469 3552 vitae
2514 3490 2906 3559 sanctitatem,

268 3583 432 3641 dicta
481 3582 802 3659 ,Angelus
854 3583 1127 3642 Domini‘
1179 3583 1243 3642 iu
1303 3584 1566 3643 fidelium
1623 3583 2091 3642 conversationis
2123 3581 2550 3641 affabilitatem.
2597 3578 2908 3638 Sufficiant

269 3691 455 3731 usum
487 3671 896 3732 induceretur.
947 3671 1238 3731 Defuncto
1269 3673 1566 3732 Clemente
1621 3671 1795 3731 nobis
1827 3690 2029 3747 pauca,
2064 3691 2215 3747 quae
2245 3670 2499 3747 legimus
2514 3670 2577 3727 in
2597 3667 2745 3728 actis
2766 3685 2905 3726 con-

269 3760 369 3826 lV,
389 3757 628 3839 (1268)
651 3779 786 3818 cum
808 3759 1129 3820 cardinales
1145 3762 1217 3820 de
1233 3779 1567 3821 successore
1621 3761 1746 3819 cilii
1810 3760 2219 3837 lugdunensis.
2292 3759 2498 3818 Relata
2557 3757 2716 3816 enim
2777 3757 2905 3831 ejus

269 3870 378 3926 per
409 3850 725 3908 biennium
756 3852 820 3907 et
848 3850 1006 3908 ultra
1022 3868 1148 3909 non
1163 3851 1563 3920 convenirent,
1621 3848 2551 3926 morteitaprosequiturillorum
2563 3843 2905 3923 scriptorl):

270 3938 602 4015 prudentia
646 3942 710 3997 et
753 3939 997 3998 consilio
1027 3958 1134 3999 suo
1165 3940 1319 3999 viam
1351 3940 1565 3999 ineun-
1625 3939 1807 4007 ,Fuit
1835 3939 2009 3997 homo
2029 3938 2344 3998 eminentis
2378 3936 2662 3996 scientiae
2693 3937 2755 3993 et
2784 3934 2906 3993 elo-

268 4028 379 4086 dae
413 4027 764 4087 concordiae
810 4028 1059 4098 invenit,
1106 4033 1167 4088 et
1211 4029 1299 4087 ita
1329 4028 1567 4088 demum
1622 4027 1918 4103 quentiae,
1967 4028 2061 4086 vir
2112 4026 2353 4103 quidem
2385 4025 2700 4086 sanctitate
2736 4042 2905 4099 prae-

269 4118 501 4176 electus
521 4112 1327 4200 fuitGregoriusX.(l.Sept.
1350 4112 1564 4200 1271),
1622 4117 1854 4193 cipuus,
1889 4117 2029 4185 vita,
2078 4115 2585 4176 commiseratione
2626 4132 2693 4173 ac
2722 4112 2904 4171 mori·

268 4208 376 4282 qui
426 4225 572 4265 eum
608 4214 664 4268 3.
696 4206 839 4264 Jun.
884 4215 1045 4269 1273
1095 4206 1456 4266 cardinalem
1506 4210 1567 4266 et
1622 4206 1735 4264 bus
1768 4205 2284 4265 excellentissimis
2335 4206 2664 4274 decoratus,
2696 4200 2903 4277 benig-

268 4296 626 4371 episeopum
644 4294 1020 4353 albanensem
1038 4295 1273 4354 creavit.
1295 4296 1564 4358 Nuncius
1621 4313 1752 4363 nuS,
1789 4294 2059 4364 affabilis,
2094 4295 2231 4370 pius
2282 4296 2343 4351 et
2385 4292 2738 4358 misericors,
2784 4290 2905 4348 vir-

273 4383 444 4442 illum
477 4383 721 4460 reperit,
755 4402 890 4442 cum
924 4403 1032 4460 pro
1052 4403 1211 4443 more
1232 4387 1369 4460 post
1387 4404 1565 4460 pran-
1621 4383 1860 4441 tutibus
1880 4383 2115 4460 plenus,
2140 4384 2258 4452 Deo
2279 4386 2339 4440 et
2359 4380 2705 4441 hominibus
2726 4379 2904 4437 dilec-

272 4473 437 4531 dium
454 4493 528 4532 ex
543 4476 834 4532 consueta
848 4473 1185 4533 humilitate
1205 4492 1336 4533 cum
1354 4475 1565 4532 ceteris
1622 4476 1722 4531 tus
1758 4518 1770 4529 .
1804 4517 1817 4529 .
1853 4517 1866 4541 ,
1899 4472 2106 4532 Frater
2130 4473 2345 4532 Petrus
2366 4470 2648 4530 ostiensis
2680 4468 2905 4544 episco-

271 4561 564 4622 fratribus
617 4561 855 4622 lavabat
901 4563 1287 4639 tergebatque
1336 4563 1565 4623 culinae
1620 4580 1735 4637 pus
1768 4556 1901 4642 (qui
1932 4565 2137 4635 postea
2166 4560 2287 4619 fuit
2318 4579 2470 4636 papa
2500 4559 2695 4619 dictus
2726 4558 2906 4616 Inno-

257 4652 574 4710 -utensilia
612 4651 744 4708 Mox
777 4651 1077 4736 praecepit
1106 4653 1159 4709 ei
1178 4651 1460 4753 poni-ifex,
1494 4656 1566 4710 ut
1622 4651 1855 4713 centius
1888 4646 1979 4731 V.)
2013 4649 2333 4709 celebravit
2365 4650 2601 4707 missam
2649 4650 2709 4705 et
2739 4663 2907 4721 prae-

275 4740 345 4800 ad
375 4760 448 4836 88
471 4741 539 4800 in
570 4738 810 4799 Italiam
843 4733 1089 4812 veniret,
1123 4759 1240 4816 quo
1274 4741 1404 4817 ejus
1427 4759 1564 4798 con-

255 4889 264 4898 ·
613 4897 622 4904 ,
665 4895 682 4902 -
737 4828 1098 4908 ,miiitum
1118 4829 1360 4891 0⁰n⁰¹h⁰
1392 4848 1562 4889 00⁰³·
1700 4862 1736 4929 ¹)
1766 4857 1954 4911 Labbe
2006 4860 2114 4910 act.
2165 4855 2363 4909 concil.
2410 4860 2493 4918 24,
2540 4859 2606 4910 67
2648 4851 2732 4905 ed.
2780 4866 2906 4903 ven.

273 4897 814 4998 mm
831 4915 1118 4986 babendo,
1136 4919 1344 4994 etipse
1362 4936 1567 4978 revera
1624 4933 1778 4984 1780

273 5043 280 5044 ’
469 5025 698 5086 Μ,
717 5025 1065 5076 nomenclator
1089 5028 1131 5074 11
1160 5029 1236 5074 c.d
1265 5022 2576 5074 3.11
