3475 5364
580 320 659 371 99

1340 304 1708 355 1142—1170.
1737 297 2050 367 Theologia
2077 297 2428 351 scholastica.

3079 316 3206 368 loo

577 506 710 544 cum
758 488 872 543 vita
904 493 953 543 et
986 480 1424 543 revelationibus
1464 487 1581 542 vita
1612 486 1854 560 Aynetis
1908 502 2042 542 nem
2059 483 2388 553 barbaram,
2408 484 2582 558 cujus
2598 483 2804 560 lingua
2828 484 2948 559 ipsi
2967 484 3206 561 ignota,

576 575 945 637 Blanbeclcin.
1007 574 1267 650 Uterque
1317 573 1472 632 liber
1520 592 1690 633 rarus
1741 577 1851 643 est,
1910 572 2200 648 populum
2232 576 2431 631 autem
2453 572 2846 630 inhumanum
2880 576 2941 631 et
2974 573 3040 632 in
3072 592 3204 633 om·

579 664 720 739 quia
751 663 1098 722 auctoritate
1130 663 1364 722 comitis
1385 662 1770 722 Sinzendorfii
1793 666 1855 721 et
1908 679 2041 719 nem
2063 661 2368 720 licentiam
2387 661 2662 731 effusum,
2685 662 3005 721 monachos
3021 662 3206 737 plane

576 752 823 811 consilio
876 752 965 810 Pii
1016 752 1145 810 Nic.
1192 751 1410 811 Garelli
1460 751 1854 811 bibliothecae
1909 749 2338 826 immorigeros».
2382 748 2634 808 Interim
2681 750 2947 809 monitus
2994 751 3121 809 fuit
3156 769 3202 808 s.

575 860 876 899 caesareae
920 840 1205 916 praefecti
1254 840 1372 900 fuit.
1410 840 1748 917 prohibitus
1794 843 1856 899 et
1910 838 2245 897 Bernardus
2279 859 2313 897 a
2344 839 2639 898 Guilelmo
2670 860 2704 897 a
2733 839 3099 899 Theoderico
3128 839 3205 897 de

577 931 844 1006 exempla
863 929 1434 1005 omniabibliopolae
1455 930 1619 988 fuere
1635 930 1851 999 ablata,
1910 928 2209 987 erroribus
2256 928 2572 986 Abaelardi
2619 928 2738 986 late
2761 929 2887 999 jam
2922 928 3204 991 diffusis:

576 1020 842 1078 continet
873 1018 1033 1077 enim
1063 1019 1270 1094 inepta
1300 1023 1361 1078 et
1393 1019 1625 1077 absona.
1688 1018 1854 1077 Cete-

574 1128 707 1166 rum
741 1107 1035 1167 Antonius
1059 1107 1213 1166 Weis
1244 1108 1424 1184 hujus
1446 1107 1733 1167 Pothonis
1756 1126 1853 1165 ex-

575 1197 904 1256 sistentiam
935 1197 1000 1255 in
1032 1196 1283 1255 dubium
1315 1200 1484 1256 vocat
1497 1192 1565 1278 ¹).

669 1386 700 1436 5
715 1385 767 1437 5.
802 1376 851 1432 A
882 1375 1043 1433 recto
1063 1374 1303 1433 tramite
1322 1375 1621 1434 aberravit
1640 1376 1854 1434 Petrus

576 1462 961 1522 Abaelard
982 1481 1068 1522 us
1130 1458 1535 1544 (Baj01ardus)
1586 1463 1854 1523 dialecti-

576 1571 680 1611 cus
714 1552 909 1610 dictus
941 1552 1016 1610 ob
1037 1552 1386 1627 disputandi
1409 1553 1696 1629 argutias.
1729 1553 1853 1612 Na·

575 1645 677 1699 tus
710 1641 761 1699 is
793 1643 886 1699 est
930 1641 993 1699 in
1038 1640 1256 1717 oppido
1288 1641 1476 1700 Pallet
1520 1660 1627 1700 seu
1658 1642 1853 1700 Palais

585 1742 607 1792 l
625 1742 658 1793 0
671 1741 700 1792 7
715 1741 768 1792 9.
801 1729 1075 1788 Discendi
1093 1728 1301 1789 ardore
1317 1742 1485 1790 actus
1502 1730 1743 1790 domum
1760 1751 1852 1790 re-

573 1819 757 1894 liquit
789 1821 1113 1894 paternam,
1136 1822 1197 1877 et
1216 1819 1530 1878 Roscellini
1548 1820 1741 1879 sactus
1762 1824 1854 1879 est

575 1907 929 1982 discipulus.
995 1907 1252 1966 Parisios
1294 1908 1596 1983 proiectus
1629 1909 1852 1968 Guilel-

575 2016 738 2055 mum
750 1997 822 2055 de
833 1996 1145 2072 Campellis
1154 1996 1511 2074 magistrum
1525 1997 1735 2069 audiit,
1752 1998 1852 2056 sed

575 2085 992 2144 deinaemulus
1004 2085 1850 2169 scholamMeloduni(Melun)‚

576 2178 782 2249 postea
800 2178 862 2232 et
876 2174 1121 2233 Parisiis
1152 2175 1217 2233 in
1236 2178 1437 2233 monte
1458 2194 1505 2238 s.
1525 2176 1854 2235 Genovefae

574 2263 809 2339 aperuit
840 2263 1182 2339 multosque
1221 2265 1471 2322 attraxit
1510 2264 1852 2341 discipulos.

576 2353 850 2427 Aliquam
858 2352 962 2410 diu
978 2352 1160 2411 vitam
1175 2371 1385 2427 parum
1393 2352 1704 2412 honestam
1718 2373 1852 2412 cum

576 2441 818 2503 Heloisa
836 2442 1346 2500 Monmarantiana
1377 2460 1592 2520 genere
1623 2446 1685 2501 et
1715 2461 1850 2501 eru-

575 2529 803 2588 ditione
835 2530 990 2588 clara
1020 2530 1206 2589 duxit.
1271 2531 1384 2590 Sed
1425 2531 1854 2606 poenitentiam

574 2621 827 2696 egerunt
856 2618 1029 2677 ambo
1061 2618 1240 2695 paulo
1273 2622 1427 2695 post,
1473 2619 1695 2696 illaque
1727 2639 1851 2679 mo—

576 2708 771 2778 malie,
789 2707 1002 2767 deinde
1027 2720 1046 2770 1
1072 2717 1188 2771 130
1208 2710 1496 2767 Paracleti
1512 2712 1859 2769 monasterii

577 2797 735 2858 OSB.
766 2797 1049 2856 dioecesis
1092 2798 1380 2856 trecensis
1423 2798 1577 2858 facta
1625 2801 1719 2858 est
1750 2819 1852 2859 an-

577 2885 786 2956 tistita,
820 2885 944 2962 ipse
976 2904 1113 2945 vero
1155 2887 1476 2946 monachus
1508 2906 1554 2950 s,
1588 2888 1853 2965 Dionysii

576 2994 756 3052 prope
776 2975 1049 3034 Parisios.
1080 2975 1351 3052 Magistri
1369 2996 1613 3036 munere
1632 2977 1852 3036 iterum

573 3064 937 3141 fungebatur
981 3084 1195 3141 magno
1245 3065 1669 3141 discipulorum
1713 3085 1852 3126 con·

574 3171 769 3223 cursu,
820 3152 893 3211 ad
944 3172 1200 3228 quorum
1243 3172 1447 3230 preces
1494 3155 1733 3231 scripsit
1778 3150 1852 3214 de

572 3242 873 3319 theologia
919 3242 1160 3312 librum,
1208 3242 1272 3301 in
1320 3262 1439 3320 quo
1470 3244 1669 3303 minus
1700 3245 1852 3304 bene

573 3333 641 3389 de
690 3333 910 3389 unitate
954 3338 1004 3389 et
1042 3331 1325 3390 Trinitate
1368 3334 1565 3391 divina
1616 3328 1751 3415 (seu
1784 3335 1854 3392 de

570 3421 683 3494 fide
714 3439 757 3478 s.
803 3421 1109 3479 Trinitatis
1152 3422 1247 3480 vel
1295 3422 1363 3480 de
1405 3422 1686 3481 (li-initote
1717 3440 1848 3497 spe-

573 3509 824 3581 culatur,
877 3529 1054 3585 quem
1105 3510 1367 3585 primum
1414 3510 1605 3569 edidit
1636 3512 1851 3570 Stolzle

572 3598 854 3676 Friburgi
894 3609 1048 3663 1891
1078 3619 1091 3658 τ
1124 3599 1260 3658 hinc
1280 3600 1409 3675 ejus
1429 3618 1656 3659 errores
1687 3599 1850 3659 dam·

570 3689 698 3747 nati
774 3688 938 3747 fuere
1014 3689 1077 3746 in
1138 3688 1386 3747 concilio
1446 3689 1851 3747 suessionensi

571 3797 620 3840 a.
681 3786 837 3841 1121
896 3777 1142 3852 ipseque
1194 3781 1430 3836 coactus
1492 3781 1583 3837 est
1632 3778 1850 3837 librum

571 3885 745 3924 suum
790 3866 1021 3924 flamnis
1064 3865 1314 3924 tradere.
1377 3866 1849 3943 Agitatissimam

572 3973 805 4030 semper
836 3953 1007 4013 duxit
1036 3953 1219 4012 vitam
1252 3958 1431 4029 atque
1451 3955 1848 4031 irrequietam‚

571 4063 748 4120 quam
769 4043 963 4102 fusius
982 4043 1264 4117 prosequi
1292 4061 1411 4102 nou
1431 4048 1618 4104 vacat.
1651 4044 1849 4103 Abbas

570 4151 808 4210 quoque
840 4132 1066 4190 electus
1098 4136 1189 4190 est
1217 4131 1291 4190 ad
1312 4150 1358 4191 s.
1380 4133 1611 4192 Gildam
1632 4134 1696 4191 in
1717 4134 1848 4192 Bri·

566 4222 771 4280 tannia
814 4220 1101 4280 dioecesis
1134 4220 1496 4281 Venetorum
1543 4218 1847 4306 (Vannes),

568 4331 747 4388 quam
788 4310 1143 4388 dignitatem
1189 4312 1430 4387 recepit,
1483 4316 1553 4371 ut
1583 4332 1616 4370 a
1649 4331 1849 4388 perse-

568 4401 823 4471 cutione,
886 4418 1062 4476 quam
1113 4400 1176 4459 in
1226 4401 1470 4460 Francia
1528 4404 1850 4474 metuebat,

568 4493 770 4548 tutum
816 4509 878 4549 se
924 4491 1284 4565 praestaret:
1333 4491 1437 4549 sed
1486 4508 1596 4550 nec
1628 4490 1712 4550 ibi
1745 4491 1850 4549 diu

567 4579 893 4639 consistere
925 4580 980 4638 ei
1013 4579 1204 4649 licuit,
1236 4579 1458 4655 reperit
1477 4580 1635 4638 enim
1655 4580 1849 4656 regio-

1909 1020 2168 1076 testatur
2199 1017 2358 1075 enim
2391 1016 2464 1075 de
2496 1016 2667 1075 libris
2702 1016 3017 1076 Abaelardi
3052 1018 3207 1076 Gui-

1910 1106 2153 1165 lelmus:
2205 1105 2584 1174 ,Transeunt
2632 1125 2809 1175 mare,
2844 1107 3204 1165 transiliunt

1909 1196 2071 1270 alpes
2089 1203 2135 1253 ‘.
2189 1194 2379 1263 Quare
2422 1214 2466 1253 s.
2517 1194 2726 1254 doctor
2754 1195 2928 1253 illum
2960 1195 3037 1254 ad
3070 1215 3203 1254 me·

1910 1283 2114 1343 liorem
2177 1285 2409 1359 frugem
2471 1301 2744 1343 revocare
2815 1284 2988 1343 nisus
3067 1292 3203 1344 est:

1911 1372 2276 1431 Abaelardus
2309 1391 2449 1432 vero
2481 1374 2610 1448 ipse
2633 1373 2959 1449 postulavit
2991 1374 3067 1432 ab
3101 1394 3205 1433 ar·

1910 1462 2283 1537 cbiepiscopo
2346 1463 2679 1530 senonensi,
2731 1466 2804 1521 ut
2851 1462 2914 1520 in
2962 1463 3206 1538 synodo

1909 1551 2235 1613 audiretur.
2285 1550 2379 1608 Ad
2429 1570 2555 1609 eam
2607 1550 2899 1609 invitatus
2964 1551 3085 1610 fuit
3138 1565 3204 1611 et

1910 1658 1958 1703 s,
1989 1640 2348 1710 BernarduS,
2382 1641 2486 1715 qui
2507 1643 2816 1715 praesente
2836 1660 2975 1717 rege
2995 1640 3205 1699 Ludo·

1909 1729 2038 1787 vico
2104 1728 2225 1787 Vll.
2287 1746 2514 1788 errores
2575 1728 2738 1787 illius
2797 1748 2865 1788 ex
2922 1730 3202 1804 ejusdem

1910 1817 2145 1893 scriptis
2176 1818 2455 1876 collectos
2488 1835 2596 1879 seu
2619 1818 2875 1893 capitula
2904 1818 3200 1877 haeresim

1907 1901 2093 1988 (inter
2134 1907 2244 1966 Ab.
2292 1926 2427 1982 opp.
2472 1906 2561 1965 ed.
2593 1906 2812 1966 Cousin
2844 1907 2918 1977 11,
2959 1918 3081 1971 765
3121 1905 3201 1987 a.)

1909 1995 2138 2071 synodo
2183 1990 2412 2076 (1141)
2459 1995 2821 2054 damnandas
2861 1997 3202 2073 proposuit,

1909 2103 2059 2159 quae
2092 2088 2152 2142 et
2181 2085 2319 2143 illos
2351 2084 2671 2156 damnavit,
2706 2084 2807 2144 sed
2841 2104 2976 2144 mox
2998 2086 3200 2145 Abae·

1909 2173 2112 2231 lardus
2144 2173 2219 2232 ad
2251 2192 2551 2233 summum
2601 2174 2944 2248 pontificem
2986 2176 3200 2250 appel-

1910 2262 2073 2321 lavit.
2123 2263 2260 2337 Ipse
2292 2264 2472 2321 etiam
2504 2282 2549 2325 s,
2581 2262 2787 2322 doctor
2817 2282 3056 2323 causam
3088 2263 3200 2325 de·

1908 2350 2055 2410 tulit
2097 2351 2172 2409 ad
2203 2351 2619 2411 Innocentium
2651 2352 2725 2413 11.
2775 2352 2998 2429 insigni
3051 2371 3199 2429 pro-

1908 2441 2145 2516 lixaque
2159 2440 2413 2517 epistola
2444 2437 2619 2522 (190,
2653 2440 2724 2504 cf.
2757 2459 2938 2517 supra
2969 2462 3027 2517 p.
3064 2439 3201 2517 89).

1907 2528 2277 2588 Abaelardus
2297 2532 2369 2588 ut
2389 2548 2451 2588 se
2472 2532 2762 2599 tueretur,
2787 2530 3027 2589 Romam
3049 2550 3196 2606 pro·

1907 2618 2092 2677 ficisci
2123 2618 2372 2691 statuit3
2407 2618 2509 2677 sed
2542 2618 2604 2676 in
2627 2619 2837 2678 itinere
2858 2619 3198 2679 subsistens

1910 2708 2173 2767 Cluniaci
2238 2709 2398 2784 apud
2460 2709 2706 2767 Petrum
2767 2710 3194 2780 venerabilem,

1908 2798 2090 2874 hujus
2140 2797 2404 2856 consiliis
2454 2801 2759 2873 permotus
2807 2798 2943 2869 fuit,
2996 2802 3070 2858 ut
3100 2818 3197 2857 re·

1909 2886 2328 2945 conciliaretur
2373 2905 2419 2946 s.
2452 2886 2749 2947 Bernardo
2795 2890 2856 2945 et
2902 2906 2965 2946 se
2999 2889 3196 2963 subji-

1908 2978 2068 3034 ceret
2099 2976 2443 3036 auctoritati
2474 2976 2932 3036 ecclesiasticae:
2984 2977 3195 3052 ibique

1910 3064 2110 3123 studio
2142 3067 2203 3123 et
2234 3064 2517 3140 operibus
2548 3066 2789 3140 pietatis
2809 3065 3050 3125 deditus
3071 3085 3197 3126 non

1909 3154 2100 3212 multo
2146 3159 2284 3229 post
2327 3153 2582 3213 decessit
2626 3163 2727 3217 21.
2761 3157 2899 3230 Apr.
2945 3157 3196 3234 11421).

1908 3242 1991 3301 Ex
2053 3243 2182 3318 ejus
2246 3243 2554 3319 discipulis
2617 3243 2969 3320 prodierunt
3030 3263 3194 3304 unus

1988 3435 2022 3500 ¹)
2050 3429 2132 3484 Cf.
2161 3429 2425 3502 Hertling
2450 3430 2591 3484 KL.²
2621 3436 2667 3492 1,
2691 3435 2929 3492 12—18;
2957 3431 3195 3485 Nitzsch

1908 3499 2264 3560 Realen0.1··‘.
2292 3506 2534 3562 14—:25;
2588 3502 2874 3560 Remusat.
2921 3504 3192 3560 Abelard.

1909 3571 2135 3625 Parisiis
2184 3577 2321 3628 1845
2367 3577 2407 3630 t.
2451 3579 2514 3632 2:
2561 3573 2727 3642 Hayd
2773 3574 3024 3628 Abalard
3071 3576 3191 3628 und

1907 3644 2059 3697 seine
2089 3644 2264 3697 Lehre
2290 3645 2368 3697 im
2386 3644 2714 3698 Verhssltnis
2731 3662 2830 3697 zur
2847 3645 3052 3699 Kirche
3067 3647 3191 3699 und

1907 3714 2142 3784 migma,
2174 3715 2518 3770 Ratisbonae
2537 3721 2708 3774 1863:
2739 3716 2888 3770 Bach
2910 3716 3191 3786 Dogmen·

1905 3787 2227 3854 geschichte
2273 3787 2370 3839 des
2416 3786 2779 3841 Mittelalters
2831 3788 2898 3851 11,
2941 3793 3190 3846 41—88:

1907 3857 2179 3912 Schwane
2207 3857 2650 3928 Dogmengesch.
2678 3859 2777 3912 der
2803 3858 2973 3914 mittl.
3000 3860 3057 3916 Z.
3077 3869 3104 3926 ς
3126 3867 3190 3916 6;

1907 3931 2154 3983 Deutscb
2184 3929 2241 3985 P.
2270 3929 2538 3990 Abalarcl,
2571 3930 2804 4000 Leipzig
2831 3936 2999 3986 1883:
3043 3931 3189 3985 Hist.

1905 4001 1990 4054 lit.
2033 4001 2101 4054 de
2144 4001 2201 4054 la
2230 3999 2443 4054 France
2487 4001 2609 4066 XII,
2649 4007 2915 4058 sei-152:
2969 4002 3191 4056 Deuifle

1907 4073 2072 4127 Arch.
2119 4073 2209 4125 fiir
2253 4071 2538 4125 Literatur
2583 4092 2639 4129 u,
2681 4073 2798 4128 KG.
2843 4074 2882 4137 Ι,
2906 4079 3188 4130 urz—69:

1905 4148 2189 4199 584—624
2214 4143 2274 4195 in
2300 4145 2737 4197 accuratissimis
2776 4144 3191 4212 disquisitioni·

1905 4215 2010 4268 bus
2051 4214 2258 4267 criticis
2297 4215 2366 4268 de
2407 4216 2673 4285 operibus
2711 4215 2892 4285 ipsius
2932 4231 3189 4269 suorum·

1907 4301 2017 4354 que
2070 4286 2485 4354 discipulorum
2566 4287 2730 4352 Quod
2793 4304 2926 4341 vero
2977 4287 3188 4342 attinet

1907 4361 2114 4426 partes.
2145 4374 2287 4425 quas
2311 4358 2518 4411 habuit
2557 4377 2600 4415 s,
2627 4358 2949 4413 Bernardus
2993 4358 3055 4410 in
3080 4359 3187 4412 hac

1905 4429 2305 4492 controversia,
2351 4431 2420 4483 cf.
2469 4429 2717 4484 Bonnier
2757 4430 3006 4484 Abelard
3046 4435 3104 4483 et-
3145 4449 3187 4485 s.

1905 4499 2173 4562 Bernard,
2201 4500 2428 4554 Parisiis
2456 4507 2593 4558 1862
2618 4502 2680 4554 in
2708 4506 2806 4562 12z
2834 4501 2887 4557 S.
2916 4501 3187 4558 Bernard.

1905 4571 2153 4626 Abelard
2181 4575 2238 4625 et
2264 4572 2315 4624 le
2342 4573 2733 4627 rationalisme
2762 4572 3030 4628 moderno
3057 4589 3187 4627 auc·

1906 4646 2023 4697 tore
2038 4643 2202 4702 uei..
2221 4644 2513 4698 Avenione
2531 4648 2672 4702 1880
2687 4644 2828 4705 ed.2;
2846 4644 3187 4698 Vacandard

1907 4715 2170 4776 Abelard‚
2215 4732 2278 4766 sa
2321 4714 2595 4779 doctrine,
2640 4732 2702 4768 sa
2747 4716 3013 4770 methode
3041 4720 3100 4770 et
3124 4734 3184 4768 sa

646 4791 679 4842 ¹1
711 4787 951 4868 ᾼΠςθω.
981 4786 1251 4840 deutsche
1284 4785 1383 4839 Bio
1459 4785 1848 4849 ‚xxv1‚4‘‹·s;
1905 4786 2051 4841 lutte
2104 4803 2241 4840 avec
2292 4786 2344 4840 S.
2400 4787 2666 4852 Bernard‚
2733 4786 2961 4840 Parisiis
3013 4792 3188 4844 1881:

565 4859 633 4912 de
664 4876 837 4928 priorl
867 4859 938 4914 cf.
966 4857 1035 4911 de
1064 4857 1297 4910 Lorenzi
1326 4857 1373 4909 K
1426 4900 1437 4912 .
1467 4856 1534 4920 X,
1561 4862 1681 4913 243.

1906 4856 2066 4911 Feret
2101 4859 2136 4918 Ι,
2169 4864 2478 4915 100-1032
2510 4864 2774 4915 131—53.
2845 4885 2848 4888 1
