3475 5364
671 373 786 426 531
1002 361 1369 413 1326—1350.
1399 356 1591 412 Theol,
1619 356 1792 412 schol.
1819 356 2204 411 Sententiarii.
2232 354 2470 419 centon,
2500 355 2826 409 Gerhardus
2853 359 2940 408 etc
3221 370 3348 421 532

668 561 821 600 anne
840 541 1018 599 XXII.
1039 542 1130 600 vel
1155 543 1504 602 aClemente
1528 542 1619 601 VI.
1643 539 1704 621 (†
1733 539 1946 621 1343).
2002 541 2173 601 Italia
2235 542 2397 601 circa
2455 560 2551 599 res
2603 540 2740 600 fidei
2792 538 3238 598 stabiliendas
3293 548 3354 595 et

667 629 813 689 —J
829 649 1114 689 oannes
1148 632 1579 691 Canonicus
1614 627 1945 714 (Marbres),
2003 631 2303 708 principes
2353 630 2758 707 pacificandos.
2822 630 2892 687 In
2945 627 3350 687 revocandis

668 739 709 778 s.
731 720 1063 797 theologiae
1097 720 1303 780 doctor
1325 726 1385 780 et
1417 722 1708 797 professor
1740 721 1945 780 oxoni-
2004 740 2140 780 vero
2160 720 2479 789 Minoritis,
2513 719 2619 795 qui
2634 719 2905 778 arctioris
2920 719 3116 777 vitae
3140 718 3350 791 specie

668 810 824 867 ensis
840 804 906 890 ¹),
942 810 1132 868 clarus
1166 810 1320 869 Scoti
1355 811 1703 885 discipulae,
1751 830 1946 878 ,sem-
2003 811 2380 869 domesticam
2414 809 2787 886 disciplinam
2828 807 3123 883 pertaesi
3165 806 3347 864 relic·

668 917 775 972 per
821 898 1132 957 imitator‘
1189 895 1270 981 (fl.
1319 918 1365 958 c.
1417 909 1531 963 132
1543 897 1608 982 9)
1660 918 1729 958 ex
1779 901 1949 975 cujus
2003 901 2083 958 tis
2116 899 2536 959 coenobiorum
2567 918 2813 956 suorum
2830 897 3032 972 septis
3059 896 3348 971 denega-

668 987 944 1063 operibus
982 991 1221 1046 tantum
1266 989 1619 1064 prodierunt
1649 991 1942 1062 Quaestio·
2003 994 2185 1065 taque
2215 988 2622 1064 superioribus
2642 987 2934 1064 legitimis
2953 984 3352 1043 obedientia

667 1095 767 1135 nes
809 1078 871 1135 in
904 1081 945 1137 8
976 1078 1031 1135 ll.
1072 1077 1448 1153 physicorum
1479 1081 1827 1149 Aristotelia
1876 1078 1947 1136 ad
2005 1079 2351 1137 Narbonem
2404 1095 2470 1136 ac
2520 1078 2785 1139 Biterras
2838 1076 3228 1153 migrarunt
3282 1092 3347 1130 ac

667 1169 926 1224 mentem
960 1166 1117 1225 Scoti
1150 1167 1391 1226 Parisiis
1435 1178 1593 1231 1475
1630 1168 1692 1226 in
1725 1168 1796 1238 f.;
1840 1168 1949 1226 Ve-
2006 1171 2278 1243 separata
2331 1166 2453 1225 illic
2485 1165 2779 1225 domicilia
2827 1165 3346 1227 constituerunt,

667 1255 846 1313 netiis
907 1264 1061 1317 1481
1091 1278 1104 1325 ;
1169 1266 1363 1325 1492;
1432 1266 1591 1321 1516
1649 1254 1748 1336 (m.
1812 1254 1948 1336 15);
2004 1257 2229 1315 frustra
2257 1255 2561 1315 laboravit.
2594 1256 2994 1314 Exauctorato
3021 1252 3343 1311 Michaele

674 1352 858 1406 1520.
883 1345 1371 1404 ——Robertus
1405 1346 1477 1404 de
1511 1347 1949 1405 Leicestria
2005 1345 2402 1405 CaesenateO.
2421 1345 2559 1404 Min.
2591 1344 2865 1403 ministro
2895 1341 3207 1419 generali
3244 1335 3343 1421 (cf.

667 1429 1072 1514 (Lecestrius),
1108 1435 1212 1509 qui
1243 1434 1453 1494 didicit
1483 1439 1544 1493 et
1575 1434 1779 1495 docuit
1799 1436 1947 1494 Oxo·
2006 1455 2059 1510 p.
2087 1444 2206 1499 527
2230 1431 2306 1514 a.)
2338 1435 2465 1510 ipse
2487 1434 2814 1509 apontifice
2849 1431 3341 1491 administrator

667 1522 753 1579 nii
767 1518 832 1602 (†
859 1519 1069 1599 1348),
1099 1524 1844 1600 multapraetereainedita
1858 1545 1949 1583 re·
2006 1524 2232 1584 ordinis
2284 1526 2346 1583 in
2396 1524 2571 1600 ejecti
2616 1523 2813 1582 locum
2858 1542 2907 1579 a.
2961 1530 3159 1583 1:328
3220 1519 3340 1576 fuit

666 1610 859 1685 liquit,
894 1616 965 1669 ut
996 1612 1247 1671 lecturas
1279 1632 1323 1671 s,
1359 1613 1715 1689 scripturae,
1760 1614 1948 1689 quod-
2006 1614 2371 1673 substitutus
2401 1634 2435 1672 a
2465 1613 2740 1689 pontifice
2772 1609 2832 1690 (†
2873 1605 3109 1688 1334).
3187 1608 3332 1665 Plu-

668 1699 871 1770 libeta,
906 1700 977 1759 de
1011 1706 1285 1777 computo
1330 1703 1717 1762 hebraeorum
1760 1708 1821 1762 et
1866 1704 1950 1762 la·
2005 1704 2187 1762 rimos
2209 1703 2460 1778 reliquit
2478 1704 2658 1761 etiam
2681 1718 3005 1770 sermones,
3051 1716 3331 1773 quorum

667 1789 929 1847 tinorum
992 1798 1100 1849 etc.
1165 1825 1250 1834 —
1312 1791 1605 1867 Radulp
1624 1793 1763 1851 hus
1825 1792 1948 1851 Ra·
2005 1810 2295 1851 sermones
2326 1793 2680 1871 epistolares,
2731 1789 2858 1848 scil.
2909 1789 2976 1846 in
3011 1786 3330 1863 epistolas

668 1878 1143 1953 dimptorius
1197 1875 1516 1960 (Rodulsus
1563 1878 1948 1959 Rodimpton)
2007 1882 2260 1940 Missalis
2293 1881 2492 1941 excusi
2524 1880 2691 1939 fuere
2713 1878 3097 1956 Argentinae
3134 1885 3326 1943 15ol;

667 1966 999 2026 academiae
1039 1969 1373 2029 oxoniensis
1403 1970 1608 2029 doctor
1637 1971 1950 2048 theologus
2008 1989 2307 2030 sermones
2383 1970 2732 2046 epistolares
2793 1968 2863 2025 de
2911 1967 3175 2031 sanctis,
3246 1963 3322 2020 ib.

667 2056 743 2114 ob
807 2057 1095 2115 sermonis
1170 2059 1521 2135 elegantiam
1615 2060 1950 2128 ,facundus
2013 2069 2214 2127 1502;
2261 2062 2552 2118 conciones
2582 2066 2633 2116 et
2662 2074 2974 2131 sermones,
3009 2056 3101 2114 ib.
3151 2062 3310 2114 1621

669 2146 922 2220 Apollo‘
1003 2146 1218 2216 dictus,
1299 2149 1471 2223 cujus
1550 2152 1694 2207 sunt
1770 2150 1948 2207 etism
2005 2153 2048 2207 t.
2099 2159 2134 2210 4
2181 2149 2247 2207 in
2294 2158 2349 2210 4.
2395 2183 2483 2193 -
2536 2147 2924 2207 Robertus
2978 2142 3320 2218 Eliphat-

667 2234 732 2292 in
776 2236 980 2309 plures
1028 2236 1087 2293 ll.
1123 2255 1167 2293 s.
1202 2236 1540 2312 Scripturas
1588 2243 1946 2297 commenta·
2005 2233 2273 2318 (Amas),
2306 2257 2482 2313 quem
2518 2236 2785 2312 alioquin
2805 2234 3145 2293 Lanterius
3182 2249 3313 2289 cum

666 2322 775 2393 ria,
822 2325 1197 2400 quaestiones
1245 2325 1575 2385 ordinariae
1618 2330 1726 2384 etc.
1784 2322 1866 2408 (fl.
1903 2347 1948 2385 c.
2006 2326 2136 2384 aliis
2160 2328 2317 2385 inter
2336 2326 2808 2401 Augustinianos
2837 2326 3146 2383 recenset.
3173 2321 3310 2378 Gre-

677 2408 887 2493 1350).
909 2446 993 2455 —
1015 2412 1051 2470 J
1068 2432 1102 2471 o
1118 2433 1206 2472 an
1222 2434 1259 2471 n
1277 2434 1308 2473 e
1324 2432 1352 2472 s
1375 2415 1422 2473 G
1439 2435 1525 2474 ue
1541 2435 1580 2473 n
1597 2416 1714 2473 tiu
1733 2434 1761 2474 s
1784 2417 1950 2475 Cam·
2005 2416 2238 2491 gorium
2302 2417 2738 2474 Ariminensem
2788 2413 3123 2473 audivisse.
3179 2427 3305 2467 eva·

667 2501 787 2569 ber,
822 2502 1158 2561 oxoniensis
1177 2503 1396 2573 doctor,
1418 2505 1760 2580 provinciae
1778 2524 1945 2580 prae·
2007 2505 2150 2563 sisse
2184 2505 2652 2563 eruditissimum
2687 2522 2730 2561 s,
2763 2501 3111 2578 theologiae
3148 2497 3306 2556 Pari·

667 2591 894 2666 positus
930 2587 989 2671 (†
1033 2592 1216 2667 1348)
1251 2594 1487 2668 scripsit
1515 2598 1821 2670 praeterea
1853 2614 1948 2669 qq.
2007 2594 2115 2651 siis
2167 2593 2483 2659 doctorem,
2537 2598 2598 2651 et
2645 2592 2864 2652 ibidem
2916 2594 3054 2649 tum
3125 2589 3299 2645 etiam
3391 2584 3392 2589 ’

668 2679 1016 2754 disputatas
1078 2715 1166 2725 —
1216 2681 1600 2742 Robertus
1652 2684 1951 2743 Conton
2008 2682 2221 2742 Oxonii
2257 2685 2531 2743 docuisse
2563 2686 2781 2741 narrat.
2815 2680 3187 2757 Appellatus
3218 2682 3300 2734 est

668 2767 921 2847 (Cotton,
973 2767 1280 2852 Cowthon)
1333 2771 1539 2831 doctor
1584 2773 1947 2843 sorbonicus,
2005 2793 2038 2830 a
2088 2774 2446 2832 nonnemine
2496 2774 2690 2830 doctor
2737 2770 3096 2830 invincibilis
3143 2765 3225 2848 (fl.
3258 2782 3295 2821 c

668 2858 760 2915 vir
791 2859 949 2916 acuti
983 2858 1209 2935 ingenii
1259 2865 1320 2919 et
1352 2862 1525 2920 solidi
1550 2861 1780 2937 judicii,
1816 2863 1945 2920 doc·
2014 2857 2228 2943 1340).
2307 2896 2395 2906 —-
2456 2860 2846 2919 Antonius
2908 2854 3295 2916 Aribaudi

665 2954 758 3004 tor
790 2965 1063 3005 amoenus
1113 2950 1466 3023 appellatus,
1514 2951 1949 3009 immaculatam
2010 2950 2372 3020 Valentinus,
2407 2952 2550 3027 quia
2580 2949 2888 3008 Valentiae
2922 2949 2989 3006 in
3020 2943 3296 3005 Insubria
3389 2929 3390 2982 l

666 3035 931 3113 Virginis
948 3038 1389 3113 conceptionem
1407 3044 1649 3097 strenue
1665 3040 1947 3106 defendit,
2005 3041 2201 3106 natm,
2282 3041 2594 3116 episcopus
2672 3040 2980 3113 cajetanus
3061 3033 3287 3115 (13413

668 3126 825 3200 quod
858 3125 950 3182 illi
981 3126 1256 3202 gravium
1289 3129 1801 3187 concertationum
1831 3129 1946 3187 fre·
2005 3126 2041 3194 †
2084 3130 2288 3203 1348),
2339 3130 2575 3205 legatus
2627 3129 2849 3186 missus
2895 3130 2993 3184 est
3038 3142 3178 3182 cum
3209 3119 3288 3178 Jo.

668 3217 919 3288 quentes
980 3215 1259 3290 praebuit
1304 3217 1653 3276 occasiones.
1716 3218 1948 3293 Duplex
2011 3218 2222 3275 Pisano
2267 3219 2703 3293 archiepiscopo
2749 3217 2821 3274 ad
2855 3214 3176 3273 Armeniae
3206 3228 3282 3267 re·

668 3302 729 3361 in
761 3303 1111 3380 magistrum
1146 3306 1575 3365 sententiarum
1621 3308 1952 3382 composuit
2006 3325 2156 3382 gem.
2174 3341 2259 3351 —-
2283 3307 2425 3365 Ger
2443 3309 2574 3365 har
2593 3307 2628 3364 d
2648 3326 2687 3364 u
2709 3326 2734 3364 s
2756 3306 2802 3364 Ο
2820 3306 2855 3361 d
2873 3324 2907 3363 o
2925 3304 3048 3362 nis
3087 3299 3282 3378 (Otho-

668 3410 816 3468 opus
849 3392 926 3472 (fl.
949 3412 993 3451 c.
1023 3388 1236 3474 1340).
1272 3394 1346 3452 Et
1380 3394 1440 3452 hi
1473 3414 1676 3453 omnes
1707 3379 1949 3455 natione
2006 3397 2117 3466 nis,
2186 3396 2397 3454 Gerald
2459 3391 2654 3476 Eudo)
2719 3394 2943 3454 Gallus.
3012 3391 3280 3465 magister

667 3486 836 3540 erant
883 3483 1081 3560 Angli.
2007 3484 2341 3561 theologiae
2392 3484 2756 3560 parisiensis,
2809 3483 3037 3542 electus
3082 3481 3148 3538 in
3186 3476 3279 3534 mi-

2005 3574 2261 3632 nistrum
2299 3574 2634 3649 generalem
2654 3572 2877 3631 ordinis
2895 3572 3025 3631 loco
3047 3568 3274 3628 Michae-

849 3669 985 3722 274.
1037 3660 1309 3720 Aliarum
1368 3662 1677 3721 nationum
1741 3667 1943 3721 erant:
2009 3663 2082 3720 lis
2115 3663 2399 3721 caesenae
2432 3662 2710 3720 mandato
2750 3661 3006 3721 ‚Ioannis
3038 3654 3210 3718 xm
3247 3671 3274 3709 8
3385 3713 3386 3726 2

667 3749 1158 3808 Bertrandus
1221 3750 1293 3809 de
1355 3751 1594 3809 Turre
1656 3770 1723 3809 ex
1778 3752 1943 3810 Cam·
2006 3752 2270 3826 capitulo
2287 3752 2548 3828 generali
2568 3745 3095 3831 depositi(1329)‚
3118 3761 3269 3821 quem
3385 3755 3386 3758 ’

666 3837 855 3896 bolico
912 3836 1295 3920 (Camboulit)
1353 3841 1725 3898 cadurcensis
1782 3841 1942 3899 dioe·
2003 3839 2158 3898 idem
2191 3841 2472 3916 pontifex,
2506 3842 2604 3900 cui
2634 3839 2953 3899 admodum
2975 3843 3106 3898 erat
3120 3832 3268 3896 fami·

668 3928 831 3996 cesiS,
866 3928 957 3985 vir
981 3927 1208 3998 doctus,
1245 3929 1460 3987 Doctor
1485 3930 1752 4002 famosus
1785 3931 1946 3988 salu·
2006 3930 2187 3998 liar-ie,
2221 3931 2412 4005 primo
2444 3930 2609 3988 misit
2636 3930 2700 3988 in
2722 3929 2999 3998 Siciliam,
3035 3920 3268 3986 secundo

666 4019 847 4084 tatae,
883 4036 951 4075 ex
970 4017 1240 4076 ministro
1262 4018 1596 4093 provinciae
1628 4019 1947 4094 aquitanae
2003 4019 2068 4076 in
2101 4019 2399 4095 Angliam,
2433 4020 2614 4077 tertio
2648 4018 2709 4077 in
2740 4019 3043 4088 Bosniam,
3078 4035 3139 4076 ex
3169 4029 3265 4087 qun

669 4112 1011 4180 assumptus
1042 4112 1134 4164 est
1167 4127 1216 4169 a.
1245 4117 1408 4169 1319
1445 4108 1515 4166 ad
1550 4108 1943 4185 archiepisco·
2005 4109 2296 4182 plurimos
2359 4108 2594 4184 pepulit
2653 4107 3003 4175 haereticOS,
3075 4109 3262 4182 quarto

668 4197 874 4268 patum
908 4195 1355 4266 salernitanum,
1390 4199 1449 4255 et
1482 4198 1756 4272 sequenti
1790 4218 1838 4255 a.
1873 4197 1944 4255 ad
2005 4197 2220 4254 iterum
2273 4197 2336 4254 in
2388 4197 2666 4256 Siciliam.
2738 4199 2791 4255 A
2843 4197 3141 4255 Clemente
3185 4186 3258 4246 Vl-

668 4283 1117 4353 cardinalatum,
1162 4284 1398 4344 demum
1432 4286 1505 4343 ad
1538 4287 1944 4362 episcopatum
2003 4287 2196 4344 sactus
2220 4287 2555 4360 patriarcha
2575 4287 2965 4344 antiochenus
2986 4290 3160 4361 atque
3178 4276 3259 4338 ad·

668 4372 998 4431 ostiensem.
1054 4373 1270 4432 Multas
1304 4375 1494 4433 obivit
1525 4375 1853 4453 legationes
1887 4376 1948 4434 in
2004 4375 2378 4433 ministrator
2429 4379 2758 4451 perpetuus
2806 4375 3088 4434 ecclesiae
3133 4373 3255 4429 cats-

2004 4465 2207 4522 nensis
2241 4464 2304 4523 in
2339 4464 2555 4532 Sicilia,
2589 4468 2754 4540 peste
2785 4464 3072 4540 abreptus
3092 4463 3256 4520 deces-
3380 4477 3382 4546 χ

1174 4633 1181 4636 Ἰ
2005 4554 2087 4612 sit
2102 4574 2150 4611 a.
2182 4562 2341 4618 1348
2374 4550 2723 4634 (secundum
2749 4553 2895 4612 alios
2921 4548 3131 4634 1349).
3158 4543 3250 4606 Sub

747 4639 781 4682 ¹»
810 4630 1133 4685 Secundum
1164 4634 1429 4686 Sbstrstlpa
1456 4633 1683 4686 Vldsstur
1711 4649 1827 4686 9888
1852 4632 1949 4686 CR,-
2002 4643 2132 4718 ipso
2149 4641 2385 4700 demum
2409 4643 2585 4701 finem
2603 4642 3251 4719 gcoepitdiutumgoon·

668 4703 914 4784 talanus.
966 4703 1130 4784 Alius
1169 4709 1254 4756 est
1280 4724 1311 4756 ai
1344 4705 1635 4786 Joanne
1674 4705 1947 4758 canonico
2005 4732 2292 4790 troversia
2326 4731 2399 4789 de
2473 4751 2549 4790 au
2595 4735 2788 4790 ertum
2882 4750 2995 4790 uae
3027 4730 3249 4791 ordinem

668 4775 989 4839 Orvietano,
1035 4793 1134 4842 qm
1164 4781 1319 4829 v'tam
1348 4781 1576 4844 scripsit
1599 4797 1641 4831 s.
1670 4780 1819 4830 Petri
1845 4779 1946 4831 Pa·
2431 4751 2470 4807 p
2553 4752 2589 4808 p
2792 4776 2806 4801 '
2841 4751 2878 4806 q

666 4851 826 4900 rentii
850 4850 914 4901 M
954 4859 998 4912 (†
1029 4850 1201 4913 1199),
1246 4865 1279 4900 a«
1320 4846 1706 4915 Papebrozzhio
1734 4848 1944 4900 editam
2003 4820 2146 4880 ”deo
2180 4823 2558 4879 turbaverat:
2595 4821 3245 4912 iPSiVero0¹P1'0bl'amf'·

669 4916 726 4969 in
756 4920 908 4970 Actis
936 4919 1027 4971 SS.
1057 4925 1142 4974 21.
1172 4918 1303 4986 Maj,
1332 4937 1385 4988 p.
1413 4923 1642 4975 soe-97.
2004 4910 2164 4984 quod
2183 4910 2408 4969 ordinis
2431 4909 2809 4986 disciplinam
2837 4913 2900 4969 et
2918 4907 3246 4987 pauperum
