3475 5364
380 372 498 426 821

375 544 822 619 propugnacula
880 545 1303 620 insipientibus
1350 546 1657 604 conatibus

374 633 603 707 obiecta
636 627 688 714 (1
720 651 808 708 ep.
850 630 1014 713 15).*ι
1079 634 1234 693 Hinc
1274 634 1657 693 desciscenti-

1106 358 1362 415 Andreas
1389 359 1664 425 Rhodius,
1695 364 1888 416 Ambr.
1918 359 2262 414 'rraversari.

2875 379 2999 432 822

1718 543 1803 626 (1.
1837 546 1961 604 Cor.
2023 555 2114 611 12,
2153 540 2262 625 25)
2311 546 2570 620 reperies
2619 546 2776 621 apud
2818 548 3005 605 Mansi

1714 635 1916 705 XXIX,
1954 644 2334 704 468-·-481;
2368 634 2768 712 fragmentum
2789 655 2858 693 ex
2875 635 3000 694 dia-

374 721 489 779 bus
522 722 792 796 patribus
824 722 898 780 ab
930 723 1197 798 Eugenio
1229 724 1325 782 IV.
1374 726 1659 782 continuo
1714 725 1849 801 logo
1862 723 2148 782 adversus
2161 723 2424 782 Marcum
2443 724 2798 800 Eugenium,
2822 743 3001 799 quem

375 828 437 867 se
468 810 542 868 ab
574 811 647 869 iis
680 813 1015 888 segregavit
1045 816 1106 870 et
1137 813 1208 870 ad
1230 813 1572 888 pontificem
1595 831 1658 872 se
1714 812 1952 872 fortiter
1984 814 2212 872 solebat
2228 813 2496 871 refellere
2528 813 2590 870 in
2625 832 2782 872 conc.
2814 814 3000 873 ferra·

375 899 643 958 contulit.
708 900 983 959 Delectus
1029 920 1168 961 vero
1214 906 1309 960 est
1358 921 1489 961 cum
1525 902 1657 962 aliis
1712 903 1898 961 riensi
1930 905 1991 959 et
2020 901 2347 970 florentino,
2401 901 2555 977 apud
2608 902 2807 980 Migne
2839 904 2901 960 P.
2936 904 2999 960 G.

374 988 685 1065 theologie,
719 990 824 1065 qui
857 1008 991 1049 cum
1024 991 1257 1050 Graecis
1302 992 1366 1049 in
1413 991 1657 1051 concilio
1714 991 1820 1060 CL,
1859 1000 2002 1055 862.

373 1077 688 1137 florentino
717 1079 1118 1138 intellectuale
1148 1080 1331 1138 iniret
1362 1085 1657 1139 certamen

374 1166 446 1225 de
519 1167 814 1226 doctrinae
890 1168 1186 1244 capitibus
1261 1171 1655 1228 controversis

1806 1178 1948 1231 410.
1984 1169 2192 1239 Neque
2225 1167 2619 1243 praetermitti
2650 1167 2826 1226 debet
2846 1169 2999 1227 Am·

373 1255 709 1331 primasque
726 1261 920 1333 partes
935 1259 1146 1316 habuit
1166 1259 1226 1316 in
1248 1258 1655 1335 disputatione
1711 1258 1751 1315 b
1766 1276 1797 1316 r
1810 1276 1844 1316 o
1862 1276 1888 1315 s
1905 1258 1926 1315 i
1941 1278 1984 1317 u
2004 1277 2030 1316 s
2092 1257 2137 1314 Τ
2151 1277 2182 1316 r
2195 1277 2230 1315 a
2243 1277 2281 1317 v
2298 1276 2329 1315 e
2346 1276 2376 1314 r
2391 1275 2418 1315 s
2435 1277 2469 1315 a
2482 1258 2548 1315 ri
2611 1257 2674 1315 Ο.
2722 1257 2997 1316 Camald..

373 1345 445 1405 de
477 1347 849 1422 processione
882 1347 1142 1423 Spiritus
1191 1366 1234 1405 S.
1269 1367 1337 1406 ex
1373 1348 1538 1416 Filio,
1587 1352 1658 1406 ut
1712 1346 1819 1421 qni
1850 1365 1919 1406 ex
1952 1347 2190 1405 Porticu
2221 1346 2440 1422 oppido
2471 1364 2590 1404 non
2622 1347 2831 1420 procul
2862 1347 2996 1404 Flo-

372 1453 441 1492 ex
474 1435 620 1493 actis
654 1434 844 1510 liquet
858 1431 922 1515 ¹).
959 1435 1252 1504 Quamdiu
1285 1441 1483 1495 autem
1517 1456 1652 1496 con-

373 1525 511 1582 cilio
542 1525 948 1598 supervixerit,
999 1544 1120 1584 non
1151 1529 1399 1584 constat.
1437 1560 1519 1569 —-
1553 1527 1655 1584 So-

373 1614 531 1672 cium
576 1614 639 1671 in
684 1614 793 1672 hac
825 1633 1028 1691 pugna
1070 1615 1281 1673 habuit
1327 1617 1499 1691 plane
1530 1616 1654 1674 ido-

375 1720 550 1760 neum
582 1702 959 1761 Andream
1005 1705 1291 1763 Graecum
1324 1724 1444 1764 non
1476 1707 1656 1782 gente

374 1792 583 1862 solum,
620 1793 720 1850 sed
741 1796 801 1849 et
817 1792 1206 1851 schismaticis
1224 1797 1421 1852 ortum
1444 1813 1655 1869 paren-

372 1880 552 1939 tibus.
585 1880 799 1940 Literis
832 1881 1109 1940 humanis
1142 1887 1204 1940 et
1234 1882 1454 1941 divinis
1486 1902 1654 1959 egre-

371 1969 467 2045 gie
480 1969 801 2028 institutus
813 1969 1079 2048 linguam
1107 1971 1390 2030 addidicit
1404 1972 1655 2031 latinam

371 2058 654 2134 lectisque
714 2064 954 2134 patrum
998 2061 1317 2135 utriusque
1366 2061 1655 2119 Ecclesiae

372 2148 652 2221 operibus
686 2148 935 2207 veritate
967 2149 1173 2226 agnita
1204 2150 1460 2208 schisma
1485 2150 1652 2225 abju-

371 2237 710 2312 ravitatque
725 2238 986 2296 ordinem
1006 2243 1100 2297 est
1131 2239 1440 2316 ingressus
1476 2226 1653 2297 Prae-

370 2325 717 2389 dicatorum.
779 2327 927 2385 Tum
973 2346 1111 2386 vero
1161 2327 1234 2386 ad
1267 2328 1465 2386 sedem
1498 2329 1653 2386 Rho-

372 2414 601 2474 diorum
624 2433 729 2474 seu
749 2417 1137 2475 colossensem
1155 2420 1462 2492 promotus
1483 2417 1656 2475 affuit

371 2504 636 2562 conciliis
653 2505 1096 2574 constantiensi,
1115 2505 1446 2575 basileensi,
1465 2509 1526 2564 et
1546 2506 1654 2564 hoc

372 2592 445 2651 ob
478 2592 757 2668 spiritum
779 2594 1169 2670 oppositionis
1191 2596 1418 2664 relicte,
1443 2595 1651 2654 floren·

371 2682 512 2741 tino.
577 2684 776 2743 Comes
809 2684 987 2760 legati
1032 2686 1340 2760 apostolici
1371 2687 1442 2743 ad
1477 2686 1649 2744 Grae·

369 2790 574 2830 corum
621 2773 818 2831 aulam
863 2764 1117 2831 multum
1162 2794 1268 2850 pro
1310 2774 1656 2833 adducenda

369 2862 682 2920 concordia
730 2862 1038 2920 laboravit.
1103 2864 1154 2921 A
1203 2864 1446 2922 Juliano
1497 2863 1651 2924 card.

367 2950 527 3008 inter
572 2969 671 3011 sex
717 2950 851 3010 illos
885 2957 1158 3027 receptus
1206 2956 1298 3011 est
1327 2953 1649 3030 theologos.

370 3039 474 3112 qui
515 3039 760 3098 totidem
811 3040 1035 3116 graecis
1086 3041 1313 3116 objecta
1359 3060 1470 3100 sna
1515 3061 1652 3118 pro-

368 3129 728 3203 ponentibus
775 3130 1216 3203 responderent,
1266 3131 1402 3189 hinc
1447 3131 1650 3206 plures

368 3218 582 3276 habuit
611 3217 1049 3294 disputationes
1081 3219 1280 3278 doctas
1323 3225 1385 3278 et
1416 3220 1648 3289 solidaS‚

367 3325 519 3380 quae
561 3307 719 3365 inter
762 3307 1027 3382 ejusdem
1074 3309 1307 3367 concilii
1337 3310 1468 3366 acta
1499 3308 1648 3367 refe·

367 3399 601 3454 runtur.
666 3398 809 3455 Post
853 3396 1168 3455 concilium
1219 3398 1436 3456 missus
1469 3398 1587 3455 suit
1618 3417 1652 3455 a

367 3484 643 3558 pontifice
676 3485 740 3542 in
770 3486 1025 3560 Cyprum
1059 3486 1320 3545 insulam
1353 3487 1458 3561 qui
1479 3487 1648 3545 unio-

366 3591 499 3632 nem
531 3579 904 3650 promoveret
935 3576 995 3632 et
1025 3574 1225 3634 devios
1247 3576 1436 3633 adhuc
1456 3578 1515 3633 et
1530 3575 1647 3633 dis-

368 3662 627 3721 sidentes
688 3663 763 3721 ad
824 3664 1055 3740 frugem
1116 3668 1436 3733 revocaret,
1489 3664 1649 3739 quod

367 3754 610 3811 strenue
621 3755 1070 3828 persecutusest
1080 3756 1141 3810 et
1151 3754 1409 3828 perfecit.
1431 3752 1647 3822 Quam-

366 3840 469 3898 diu
501 3841 693 3899 adhuc
726 3841 1137 3916 supervixerit,
1172 3843 1344 3901 nobis
1366 3861 1488 3901 non
1508 3860 1647 3900 con·

366 3934 489 3989 stat
497 3928 566 4001 2).
584 3930 850 3999 Quatnor
859 3931 910 4006 ej
919 3947 989 3988 us
1001 3933 1354 3990 assertiones
1367 3932 1647 3991 adversus

366 4018 613 4077 Graecos
658 4020 911 4078 inseruit
942 4020 1192 4078 Bzovius
1225 4020 1543 4079 annalibus
1574 4021 1647 4078 ad

364 4127 411 4164 a.
453 4117 617 4171 1438
653 4112 684 4181 ἓ
721 4119 787 4178 83
836 4109 1161 4167 orationem
1208 4128 1346 4169 vero
1392 4111 1455 4168 in
1488 4128 1644 4169 conc.

364 4195 678 4255 basileensi
711 4198 974 4255 habitam
1006 4199 1243 4256 nomine
1265 4199 1560 4274 pontificis
1583 4200 1646 4258 in

362 4287 623 4345 textum:
686 4286 818 4345 Non
866 4290 942 4345 ait
1002 4289 1247 4346 schisma
1294 4290 1354 4345 in
1405 4303 1647 4363 corpore

439 4430 472 4483 ¹)
503 4422 584 4477 Cf.
614 4422 811 4487 Quetis
835 4424 872 4485 I,
903 4428 1022 4480 799.
1054 4422 1326 4492 Egregiae
1381 4423 1643 4492 disputa-

361 4495 544 4547 tiones
582 4495 757 4547 habes
795 4494 856 4545 in
897 4494 1039 4547 actis
1067 4511 1222 4546 conc.
1278 4494 1439 4548 Alius
1482 4498 1567 4549 est
1612 4513 1644 4547 a

1710 1436 1908 1495 rentia
1936 1435 2178 1511 prodiit.
2212 1436 2282 1493 In
2315 1436 2507 1494 literis
2528 1434 2996 1493 humanioribus

1711 1526 1937 1602 graecis
1954 1524 2302 1601 praesertim
2316 1525 2605 1601 magistro
2623 1524 3000 1583 Emmanuele

1712 1611 2121 1695 Chrysolora1)
2184 1613 2420 1691 egregie
2482 1615 2608 1672 erat
2663 1614 2998 1672 institutus,

1711 1704 1868 1762 Puer
1885 1724 1934 1762 a.
1963 1713 2036 1766 14
2053 1703 2360 1780 ingressus
2376 1707 2468 1761 est
2484 1702 2747 1761 ordinem
2772 1698 2827 1784 (l
2846 1713 2878 1764 4
2891 1698 2999 1784 00)

1712 1793 1776 1850 in
1806 1811 1992 1869 eoque
2023 1792 2166 1851 adeo
2196 1792 2466 1861 eminuit,
2488 1793 2560 1849 ut
2578 1792 2803 1850 electus
2818 1791 3001 1849 fuerit.

1711 1902 1759 1939 a.
1802 1891 1959 1945 1431
2001 1882 2064 1939 in
2097 1881 2372 1939 abbatem
2402 1882 2751 1956 generalem.
2787 1881 3001 1957 Magna

1713 1970 2112 2029 sollicitudine
2145 1970 2307 2028 illius
2340 1975 2674 2029 restaurare
2705 1970 2873 2028 nisus
2907 1979 2999 2028 est

1712 2060 2011 2136 spiritum.
2043 2060 2135 2117 Ab
2155 2059 2425 2136 Eugenio
2445 2058 2540 2116 IV.
2577 2058 2647 2116 ad
2683 2058 2996 2117 concilium

1709 2149 2042 2207 basileense
2092 2157 2253 2211 1435
2319 2149 2540 2206 missus
2606 2151 2846 2206 strenue
2891 2167 2999 2222 pro

1711 2238 1987 2313 pontifice
2049 2237 2237 2295 stetit.
2330 2237 2588 2296 Concilio
2653 2236 2995 2296 Ferrariam.

1711 2326 1853 2385 dein
1875 2327 2236 2385 Florentiam
2253 2327 2542 2385 translato
2565 2325 2807 2402 linguae
2828 2344 2997 2402 grae·

1711 2434 1810 2474 cae
1872 2415 2090 2491 peritia
2150 2417 2221 2473 ad
2286 2414 2628 2474 concordiae
2690 2414 2996 2490 negotium

1711 2506 1971 2563 multum
2034 2504 2300 2563 contulit.
2382 2503 2609 2562 Habuit
2672 2503 2995 2562 orationem

1709 2612 1915 2671 graece
1964 2612 2156 2653 coram
2217 2593 2570 2668 imperatore
2622 2593 2993 2651 Graecorum.

1711 2684 1816 2757 qui
1850 2684 2042 2742 fassus
2074 2687 2183 2752 est,
2219 2682 2544 2741 latinorum
2564 2681 2860 2741 neminem
2882 2682 2995 2740 lin-

1710 2792 1886 2850 guam
1920 2791 2188 2849 graecam
2222 2772 2365 2830 adeo
2399 2772 2609 2831 callere
2641 2774 2713 2829 ut
2743 2772 2994 2829 Ambro-

1709 2863 1879 2921 sium.
1899 2863 2015 2936 Ipsi
2031 2859 2190 2943 (cum
2204 2856 2577 2941 Bessarione)
2592 2860 2994 2920 concreditum

1709 2951 1826 3009 fuit
1842 2969 2063 3009 munus
2079 2950 2386 3026 redigendi
2403 2950 2646 3008 unionis
2662 2950 2994 3007 formulam.

1789 3144 1822 3210 ¹)
1852 3138 1895 3191 E
1918 3158 1967 3192 ιιι
1988 3140 2285 3192 manuel
2312 3138 2812 3206 Chrysoloras
2839 3138 2996 3191 illus-

1710 3212 1813 3263 tris
1864 3212 2126 3273 Graecus,
2172 3210 2268 3263 cui
2313 3209 2478 3263 Italia,
2521 3227 2750 3279 graecas
2803 3210 2997 3262 literas

1706 3282 2002 3335 restitutas
2042 3283 2156 3335 fere
2197 3282 2381 3336 debet.
2435 3280 2577 3334 Eum
2622 3282 2869 3335 Joa-nnes
2899 3280 2996 3333 Pa·

1706 3352 2000 3421 laeologus
2026 3353 2279 3422 legatum
2316 3352 2576 3406 Venetiae
2617 3352 2774 3405 misit
2800 3352 2871 3405 ad
2900 3369 2994 3404 au-

1706 3423 1909 3476 xilium
1960 3424 2383 3493 implorandum
2436 3423 2705 3476 adversus
2768 3423 2994 3476 Ture-as.

1707 3494 1933 3548 Patavii
1960 3494 2139 3547 literis
2163 3494 2362 3548 latinis
2384 3511 2613 3563 operam
2632 3494 2804 3555 dedit,
2822 3494 2995 3545 histo-

1706 3566 1823 3619 riae
1844 3565 2096 3619 naturali
2113 3570 2169 3618 et
2187 3566 2441 3620 mathesi.
2475 3565 2725 3618 Venetiis
2742 3565 2931 3633 primu
2940 3584 2991 3616 m

1705 3638 1897 3691 literas
1924 3653 2154 3706 graecas
2182 3636 2395 3699 docuit,
2423 3635 2628 3690 deinde
2656 3635 2992 3695 Florentiae,

1706 3726 1820 3776 quo
1848 3725 1898 3762 a.
1928 3712 2066 3763 1396
2094 3710 2359 3761 evocatus
2400 3708 2513 3760 fuit
2540 3723 2747 3775 magno
2776 3707 2992 3760 audito-

1704 3797 1830 3833 rum
1862 3796 2091 3833 suorum
2123 3780 2399 3849 profectu.
2458 3777 2726 3831 Interfuit
2751 3777 2992 3831 concilio

1705 3850 2110 3905 constantiensi
2186 3853 2359 3918 atque
2425 3850 2787 3903 constantiae
2850 3849 2995 3903 obiit

1708 3927 1789 3977 15.
1841 3926 1977 3991 Apr.
2032 3928 2186 3977 1415.
2239 3922 2555 3991 Liturgiam
2611 3921 2866 3991 Gregorii
2919 3921 2992 3975 M.

1705 4011 1903 4047 ‹rraece
1932 3994 2105 4047 vertit
2132 3997 2190 4047 et
2215 3994 2283 4047 de
2312 3993 2668 4063 processione
2686 3992 2934 4062 Spiritus
2950 4010 2992 4047 s.

1703 4038 2041 4135 disputavit.
2086 4065 2293 4133 Magna
2321 4069 2442 4118 erat
2468 4066 2590 4134 ejus
2616 4064 2911 4118 celebritas
2939 4066 2996 4117 et

1704 4139 1857 4190 fama
1873 4155 1974 4207 per
1993 4136 2314 4190 nniversam
2338 4136 2572 4190 ltaliam.
2602 4135 2739 4203 Ejus
2762 4135 2993 4204 scripto-

1702 4226 1831 4262 rum
1860 4213 2084 4262 exstant
2124 4211 2347 4261 tantum
2392 4218 2503 4261 tres
2531 4212 2774 4276 epistolae
2801 4208 2993 4277 Migne

1703 4280 1885 4344 CLVI,
1915 4286 2143 4344 23—450,
2169 4280 2231 4333 in
2249 4297 2493 4348 quarum
2524 4285 2570 4335 1.
2599 4280 2668 4332 ad
2691 4279 2992 4348 imperato-

1702 4368 1819 4405 rem
1865 4352 2348 4421 comparationem
2392 4350 2649 4404 instituit
2692 4352 2893 4404 veteris
2939 4354 2994 4402 et

1702 4440 1885 4477 novae
1914 4424 2139 4477 Romae.
2194 4423 2275 4474 Ibi
2322 4422 2492 4475 etiam
2523 4422 2736 4491 reperis
2764 4422 2885 4490 ejus
2915 4420 2992 4473 vi-

1703 4498 1819 4547 tam
1847 4513 1902 4563 p.
1930 4500 2106 4551 9—:23
2152 4498 2210 4548 et
2237 4494 2476 4547 Fabricii
2508 4492 2776 4547 notitiam
2804 4493 2992 4547 litera-

361 4565 393 4617 J
412 4581 645 4618 oanne
673 4564 1016 4634 RagusiO,
1045 4565 1113 4618 de
1143 4582 1252 4633 que
1281 4583 1410 4619 mox
1439 4584 1492 4635 p.
1520 4572 1643 4623 832.
1700 4565 1862 4629 riam,
1894 4566 1993 4634 qui
2024 4568 2187 4619 notat
2212 4565 2408 4618 eodem
2451 4567 2566 4619 fere
2600 4569 2852 4635 tempore
2879 4567 2991 4617 tres

437 4641 476 4699 ’ἓν
506 4635 588 4691 Cf.
617 4635 818 4702 Quetif
841 4636 878 4699 l,
906 4640 1006 4693 801
1027 4654 1123 4691 ss.:
1157 4638 1571 4705 Hergenrother
1584 4638 1644 4690 in

1703 4637 1907 4690 vixisse
1987 4638 2158 4705 hujus
2216 4637 2491 4689 nominis:
2555 4636 2656 4688 Ma
2680 4637 2989 4697 nueleui,

363 4706 556 4761 Photii
582 4708 937 4778 mystagogia
958 4726 1012 4777 p.
1043 4713 1144 4764 146
1168 4726 1234 4762 ss,
1264 4708 1366 4776 qui
1386 4710 1509 4778 ejus
1529 4726 1645 4762 ora·
1700 4709 1730 4760 J
1750 4726 1781 4762 o
1800 4726 1832 4761 a
1850 4726 1884 4760 n
1905 4727 1940 4760 n
1960 4724 1988 4761 e
2005 4727 2059 4760 m
2123 4713 2181 4761 et
2244 4708 2288 4761 D
2307 4724 2335 4761 e
2353 4728 2407 4761 ιιι
2426 4726 2453 4759 e
2473 4707 2569 4760 tri
2589 4727 2625 4759 u
2644 4726 2716 4760 m.
2782 4707 2863 4760 Cf.
2928 4706 2990 4759 R.

364 4780 576 4832 tionem
605 4780 890 4833 Feri-ariae
911 4780 973 4831 in
995 4797 1122 4833 sess.
1146 4785 1194 4835 7.
1222 4780 1475 4833 habitam
1508 4781 1646 4834 mul·
1704 4779 2014 4833 Sabbadini
2046 4778 2313 4832 L‘ultimo
2360 4779 2667 4833 ventennio
2696 4777 2845 4830 della¹
2876 4780 2991 4829 vita

362 4856 483 4903 tum
512 4851 736 4907 laudat:
792 4851 986 4905 Hefele
1028 4850 1508 4921 Conciliengesch.
1549 4856 1586 4905 t.
1615 4857 1643 4907 7
1704 4850 1762 4903 di
1794 4850 1865 4903 M.
1886 4850 2163 4904 Crisolara
2193 4850 2251 4903 in
2270 4849 2534 4904 Giornale
2563 4848 2812 4918 ligurino
2836 4847 2991 4899 XVll

361 4929 386 4985 ἓ
413 4926 545 4983 81ος
576 4922 636 4976 Ο.
666 4922 894 4976 Schmid
925 4922 1034 4977 KL.
1067 4924 1101 4986 Ι,
1132 4927 1252 4978 835).

1707 4926 1906 4991 «ism»,
1934 4926 2231 4977 ssi—336.
