3475 5364
376 402 384 408 ἡ
496 347 616 400 783
731 295 1103 387 1401-1425.
1132 328 1444 398 Theologia
1471 330 1740 398 practica.
1782 332 1870 383 Fr.
1899 329 1967 382 de
1996 329 2185 385 Retza.
2214 330 2300 384 .]0.
2331 330 2399 382 de
2428 330 2876 392 Marieiiwerder,
2994 348 3116 401 734

491 535 598 576 son
630 535 759 574 ame
790 515 1070 596 Lugduni
1113 525 1297 586 1515,
1333 516 1419 575 ed.
1452 515 1654 574 altera.
1688 548 1775 557 —-
1834 514 2148 573 admodum
2202 515 2350 574 bene
2398 517 2649 574 meritus
2701 516 2772 574 de
2820 535 2972 575 nova
3016 516 3120 575 illa

491 607 685 664 Fran
705 606 964 663 ciscus
1027 604 1100 663 de
1147 605 1373 663 Retza
1435 623 1504 662 ex
1556 605 1775 680 oppido
1833 604 2081 663 dioecesi
2138 615 2233 667 19.
2283 604 2442 680 Sept.
2488 616 2667 666 1417.
2732 605 3120 665 concinnavit

491 697 632 753 Retz
693 694 968 753 Austriae
1045 693 1337 752 inferioris
1425 693 1487 751 Ο.
1554 694 1774 763 Praed„
1832 695 2073 752 annales
2086 695 2789 769 capitulipmnesaniemis
2816 704 3116 764 Ι391·98,

491 784 698 853 Teut0,
744 782 994 858 insignis
1043 782 1282 857 pietatis
1331 783 1425 840 vir
1469 791 1530 840 et
1561 782 1775 842 ardens
1832 801 1899 843 ex
1933 783 2151 858 quibus
2182 783 2386 856 aliqua
2408 783 2682 860 vulgavit
2718 783 2896 861 Voigt
2927 784 3118 842 Codex

489 873 545 931 b.
582 872 795 930 Mariae
841 870 906 929 V.
955 865 1230 952 cultor¹)‚
1279 871 1341 929 in
1386 872 1777 931 universitate
1834 872 1977 948 dipl.
2028 871 2309 930 Prussiae'
2338 872 2404 941 V,
2440 883 2696 936 55—57
2747 873 2860 932 sub
2905 873 3116 931 titulo:

489 961 801 1020 viennensi
834 979 1020 1018 annos
1056 961 1256 1035 plures
1300 961 1519 1030 docuit,
1568 974 1630 1018 et.
1661 962 1778 1020 suit
1836 962 2041 1040 Einiye
2072 959 2456 1020 Nachrichteu
2502 962 2653 1020 fiber
2701 962 3120 1022 verschiedene

489 1050 746 1109 vicarius
790 1049 1083 1127 generalis
1128 1055 1528 1109 conventuum
1561 1050 1777 1109 Teuto-
1833 1050 2467 1128 Veranderungenund
2481 1051 2957 1128 Begebenheiten
2971 1052 3118 1110 betr.

487 1140 622 1198 niae
667 1140 1116 1197 reformatorum
1165 1135 1225 1216 (†
1259 1136 1468 1220 1421).
1530 1139 1776 1215 Compo-
1832 1140 1936 1199 das
1974 1140 2346 1217 Domkapitel
2380 1159 2452 1198 zu
2472 1140 2955 1210 Marienwerder;
2992 1141 3117 1215 ple-

490 1229 616 1288 suit
650 1228 1064 1286 Gemestarium
1093 1230 1384 1302 vitiorum,
1430 1228 1775 1288 Norimber·
1832 1230 1971 1288 nius
2034 1229 2312 1288 Strehlke
2373 1230 2434 1288 in
2488 1230 2580 1288 SS.
2635 1249 2746 1287 rer.
2799 1231 2998 1289 Pruss.
3052 1230 3117 1288 V.

489 1338 597 1396 gae
636 1318 887 1381 1470111
910 1317 981 1386 f.;
1025 1327 1209 1387 1476,
1244 1320 1305 1375 et
1333 1318 1453 1376 tria
1471 1318 1779 1376 volumina
1837 1329 2161 1382 431—34.
2225 1318 2360 1378 Alia
2390 1322 2740 1378 manserunt
2771 1319 3014 1388 inedita,
3049 1323 3120 1377 ut

493 1401 769 1488 (inedita)
791 1424 972 1481 super
991 1405 1161 1464 Salve
1181 1407 1418 1482 Regina.
1444 1407 1586 1466 ...J
1603 1426 1636 1466 o
1655 1425 1775 1465 an·
1834 1407 2123 1484 expositio
2172 1407 2427 1484 symboli
2472 1409 2894 1484 apostolorum,
2946 1409 3119 1484 cujus

491 1514 622 1555 nes
683 1494 756 1553 de
817 1496 1421 1554 Marienwerder
1481 1516 1537 1557 n.
1607 1505 1773 1559 1343
1834 1497 2042 1573 Hipler
2071 1496 2311 1555 exhibet
2360 1497 2660 1572 epitomen
2709 1515 2799 1573 op.
2836 1497 2991 1555 infra
3021 1498 3117 1557 cit.

490 1587 712 1661 Pragae
743 1585 807 1642 in
838 1584 1231 1643 universitate
1253 1584 1530 1662 pragensi
1553 1586 1778 1644 artium
1833 1606 1888 1662 p.
1926 1595 2200 1649 20-36,

488 1674 776 1751 magister
808 1667 1057 1753 (1369),
1093 1674 1394 1732 facultatis
1425 1675 1645 1733 artium
1677 1674 1778 1732 de-

491 1779 674 1823 canus
709 1760 860 1841 (137
875 1757 954 1843 4).
1015 1763 1398 1821 Aristotelem
1431 1764 1651 1822 ibidem
1685 1768 1775 1822 est

491 1854 919 1927 interpretatus
975 1847 1220 1933 (1369),
1283 1852 1419 1910 dein
1469 1853 1777 1911 ordinatus
1836 1875 1883 1914 a.
1942 1864 2105 1916 1340
2159 1852 2252 1911 vel
2307 1864 2489 1924 1346,
2556 1854 2887 1911 secundum
2935 1854 3118 1929 Fages

491 1940 779 2000 sacerdos.
815 1940 937 1999 Sub
971 1941 1226 1999 Henrico
1260 1942 1413 2017 Oyta
1444 1942 1779 2019 theologiae
1845 1953 2027 2011 1350,
2055 1944 2230 2017 juxta
2259 1946 2391 2001 acta
2422 1942 2521 2004 SS.
2541 1960 2589 1998 a.
2633 1952 2792 2006 1357
2829 1943 2892 2000 in
2925 1944 3117 2001 lucem

490 2048 728 2106 operam
744 2027 927 2098 dedit,
948 2029 1007 2088 in
1021 2031 1777 2105 quapromernitlauream,
1836 2032 2052 2101 editus,
2087 2032 2300 2090 aetatis
2333 2049 2476 2089 suae
2497 2051 2545 2090 a.
2575 2042 2671 2092 19.
2705 2031 3051 2090 institutum
3073 2053 3117 2089 S.

489 2119 704 2178 deinde
737 2123 798 2177 et
819 2118 1183 2195 theologiam
1202 2118 1422 2178 docuit.
1460 2120 1620 2178 Ortis
1642 2140 1777 2197 gra·
1840 2121 2130 2179 Dominici
2179 2121 2483 2197 amplexus
2514 2124 2602 2178 est
2649 2124 2712 2178 et
2743 2125 2880 2196 post
2912 2139 3117 2179 sexen-

489 2209 664 2267 vibus
694 2207 892 2266 turbis
924 2208 1084 2265 inter
1104 2208 1430 2283 discipulos
1463 2228 1779 2286 germanos
1834 2211 2002 2268 nium
2036 2209 2404 2268 dialecticam
2436 2215 2497 2267 et
2530 2210 2816 2283 reliquam
2853 2210 3117 2284 philoso-

489 2297 1777 2374 etbohemosingressusestord.teutonicum
1837 2300 2037 2373 phiam
2084 2299 2314 2356 tradere
2362 2299 2572 2373 coepit.
2650 2299 2738 2355 Ad
2774 2298 3117 2357 discendam

490 2382 735 2467 (1387),
771 2404 904 2444 mox
937 2386 1254 2445 canonic-us
1287 2387 1480 2446 sactus
1502 2393 1597 2446 est
1617 2387 1775 2461 capi·
1838 2392 2042 2464 postea
2074 2387 2427 2464 theologiam
2445 2387 2833 2446 Barcinonem
2867 2383 3115 2469 (1380),

488 2477 605 2535 tuli
637 2476 915 2534 dioecesis
949 2494 1297 2550 pomesanae
1329 2477 1578 2552 ejusque
1610 2477 1776 2535 deca·
1837 2482 1962 2535 tum
2012 2478 2263 2535 Ilerdam
2316 2472 2542 2557 (1382)
2595 2477 2813 2535 missus
2859 2476 3116 2536 doctoris

490 2585 604 2625 nus
669 2561 915 2645 (1388).
1001 2567 1049 2622 A
1114 2564 1586 2624 confessionibus
1651 2568 1781 2623 erat
1840 2567 2094 2624 lauream
2129 2566 2459 2640 promeruit
2493 2561 2736 2645 (1384).
2789 2566 3113 2625 Valentiam

1926 1773 2070 1827 394.
2106 1765 2158 1822 S.
2194 1764 2641 1823 Vincentius
2672 1761 3117 1844 Ferreriusl)

491 2655 819 2714 Dorotheae
853 2656 923 2712 de
957 2654 1262 2712 Montavia
1295 2653 1546 2713 feminae
1579 2656 1778 2714 admo·
1836 2659 2144 2715 revocatus
2191 2673 2463 2732 magnam
2506 2655 2996 2714 existimationem
3033 2655 3116 2714 ibi

489 2746 632 2804 dum
664 2745 796 2820 piae
830 2744 1200 2801 charismatis
1224 2745 1499 2818 supernis
1533 2745 1776 2807 illustri,
1838 2745 2110 2820 collegit3
2145 2749 2358 2821 rogatu
2391 2745 2663 2820 episcopi,
2698 2746 3115 2804 canonicorum

490 2853 644 2909 quae
719 2834 1014 2891 reclusam
1091 2834 1266 2890 etiarn
1345 2832 1519 2891 duxit
1595 2834 1778 2890 vitam
1837 2838 1898 2892 et
1929 2835 2316 2910 magistratus
2349 2833 2706 2909 theologiam
2727 2838 2859 2892 tum
2880 2853 3116 2893 concer-

493 2919 553 3003 (†
594 2917 804 3002 1394).
839 2921 919 2978 Ex
956 2922 1088 2996 ejus
1122 2921 1432 2996 colloquiis
1466 2922 1774 2980 concinna·
1835 2922 2107 2981 tatoriam
2143 2932 2270 2981 tum
2288 2922 2476 2981 divini
2495 2923 2710 2981 codicis
2731 2922 3116 2998 interpretem

492 3012 581 3070 vit
612 3010 942 3069 breviorem
978 3010 1157 3067 vitam
1183 3010 1375 3085 ipsius
1395 3030 1614 3087 magna
1633 3029 1775 3069 unc·
1838 3031 1935 3069 sex
1969 3012 2142 3071 annis
2173 3012 2387 3082 docuit,
2440 3031 2505 3069 ac
2540 3030 2645 3086 per
2691 3012 2845 3070 idem
2878 3016 3117 3087 tempus

489 3101 654 3159 tione
685 3100 748 3157 et
777 3098 1001 3175 pietate
1034 3098 1440 3174 conscriptam,
1476 3119 1628 3174 quae
1661 3100 1778 3174 piis

1840 3120 2066 3160 sacrum
2102 3105 2391 3159 oratorem
2426 3102 2549 3178 egit
2593 3102 2825 3177 ingenti
2856 3101 3117 3176 discipu-

490 3189 764 3247 fidelibus
798 3189 861 3246 in
894 3188 1120 3246 deliciis
1143 3188 1276 3258 fuit,
1312 3190 1400 3247 ed.
1422 3190 1496 3246 ab
1520 3190 1779 3248 Adriano
1838 3191 2028 3249 lorum
2065 3190 2520 3264 auditorumque
2536 3207 2825 3248 concursu
2870 3192 3117 3249 cinctus.

490 3280 562 3337 de
624 3277 808 3335 Linde
869 3278 1029 3353 typis
1090 3278 1446 3366 monasterii.
1496 3279 1779 3337 clivensis

502 3376 685 3436 17023
703 3367 964 3425 Dantisci
991 3376 1175 3434 1745;
1194 3366 1257 3424 in
1278 3369 1404 3425 Act.
1425 3367 1521 3430 SS.
1539 3377 1636 3431 30.
1653 3367 1778 3426 Oct.

491 3457 631 3515 xm
666 3477 717 3531 p.
755 3465 1135 3526 499—5603
1193 3459 1370 3514 vitam
1402 3458 1781 3532 prolixiorem

1843 3279 2211 3337 Adhaerebat
2225 3281 2356 3336 tum
2379 3279 2666 3337 Clementi
2687 3280 2814 3337 VII.
2836 3280 3121 3338 adversus

1840 3368 2142 3426 Urbanum
2162 3366 2262 3431 Vl.
2294 3368 2435 3426 Cum
2457 3385 2596 3425 vero
2621 3369 2832 3427 Petrus
2854 3367 3119 3426 IV.-Ara-

1840 3458 2048 3533 goniae
2082 3476 2181 3514 rex
2214 3475 2427 3532 anceps
2461 3457 2743 3526 haereret,
2780 3459 2950 3533 cujus
2982 3477 3119 3533 par-

491 3547 551 3604 ll.
586 3545 695 3605 VlI
727 3540 946 3627 (adhuc
964 3544 1304 3622 edendam);
1339 3545 1579 3605 demum
1609 3549 1780 3621 septi-
1839 3549 1931 3604 tes
1965 3550 2334 3621 sequeretur,
2385 3546 2623 3620 scripsit
2668 3546 2806 3605 stilo
2842 3547 3028 3605 vivaci
3060 3550 3121 3604 et

489 3638 677 3694 lilium
712 3653 816 3693 seu
838 3634 1021 3693 vitam
1041 3635 1242 3709 potius
1273 3636 1603 3711 mysticam,
1622 3636 1778 3710 quod
1839 3635 2144 3709 eloquenti
2166 3640 2240 3696 tr.
2260 3636 2329 3692 de
2344 3636 2616 3694 moderno
2637 3636 2922 3694 Ecclesiae
2944 3637 3119 3693 schis-

490 3729 754 3784 recenter
815 3724 1038 3800 prodiit
1098 3741 1238 3782 cura
1299 3723 1390 3781 Fr.
1445 3725 1654 3801 Hipler
1717 3726 1778 3782 in
1839 3732 2009 3797 mate,
2042 3725 2104 3782 in
2137 3743 2255 3798 quo
2289 3724 2522 3783 fortiter
2552 3728 2761 3783 tuetur
2793 3725 3120 3800 legitimam

490 3814 795 3875 Analectis
849 3813 1247 3872 bollandianis
1321 3824 1502 3877 1883.
1559 3813 1777 3881 II—V,
1840 3814 2156 3872 Clementis
2175 3813 2298 3871 VII.
2320 3816 2524 3871 contra
2542 3813 2841 3873 Urbanum
2863 3813 2955 3871 VI.
2975 3815 3121 3872 elec·

489 3908 550 3963 et
582 3903 826 3962 seorsim
863 3902 1159 3961 Bruxellis
1204 3911 1382 3965 1885.
1437 3902 1504 3959 111
1541 3902 1778 3961 utilita·
1836 3903 2080 3960 tionem.
2102 3903 2333 3960 Prodiit
2352 3903 2860 3978 primuminteger
2875 3907 2935 3961 et
2949 3922 3121 3962 accu-

487 3998 609 4052 tem
645 3991 848 4067 populi
871 3992 1115 4067 scripsit
1134 3991 1336 4068 lingua
1368 3992 1564 4066 patria
1596 3992 1779 4049 vitam
1838 3996 1961 4049 rate
1989 4011 2110 4049 cur.
2140 3992 2367 4050 Albano
2390 3991 2658 4061 Sorbelli‚
2695 3992 2907 4051 Romae
2938 4003 3122 4056 1900.

489 4083 622 4158 piae
655 4081 819 4138 illius
851 4080 1119 4147 feminae,
1156 4100 1308 4155 quae
1339 4081 1566 4155 prodiit
1595 4090 1774 4149 1492,
1841 4082 2088 4139 Interim
2138 4080 2452 4139 cardinalis
2487 4080 2700 4139 Petrus
2735 4082 2961 4139 Lunius
2996 4082 3123 4140 Cle-

491 4171 659 4245 cujus
691 4187 878 4227 unum
899 4170 1047 4227 forte
1065 4169 1466 4228 exstatadhuc
1482 4170 1779 4244 exemplar
1844 4204 1993 4211 -—-

491 4259 808 4334 Petropoli,
843 4278 876 4315 a
909 4259 1038 4316 Max
1071 4258 1344 4333 I'oeppen
1367 4259 1584 4316 iterum
1603 4258 1690 4317 ed
1714 4259 1778 4316 in
1839 4251 2136 4306 Ermlauds
2168 4252 2265 4311 ΙΙΙ·
2294 4253 2349 4304 et
2375 4251 2527 4321 Allg.

493 4350 611 4407 Ser.
646 4367 755 4407 rer.
808 4348 1004 4405 Pruss.
1039 4348 1092 4404 11
1131 4346 1354 4427 (1863)
1418 4358 1623 4409 197-
1631 4356 1775 4416 348,

2556 4251 2608 4304 d.
2637 4250 2779 4319 Biog
2782 4269 2824 4306 r.
2854 4251 2968 4314 XX,
2997 4255 3123 4307 381-

1837 4328 1972 4380 383:
2023 4324 2258 4378 Jocham
2302 4322 2415 4376 KL.
2460 4271 2783 4385 1819,1713;
2837 4322 2905 4376 de
2952 4322 3124 4376 variis

1839 4394 2189 4449 editionibus
2240 4394 2392 4448 viti-e
2448 4396 2497 4447 b.
2551 4364 2866 4448 1⁹)orotheae
2930 4392 3124 4448 Pott-

491 4437 644 4496 liber
692 4438 831 4513 pius
883 4440 943 4495 et
992 4438 1167 4512 plane
1200 4432 1448 4517 utilis2).
1516 4438 1781 4496 Decessit
1840 4467 2092 4535 hagssp
2123 4471 2303 4522 1275*-

1914 4538 2118 4618 JJ)Fjus
2164 4538 2340 4591 frater
2386 4536 2790 4591 Bonifacius
2828 4537 2889 4590 Ο.
2934 4537 3123 4591 Carth.

572 4616 606 4658 11
636 4609 716 4662 cf.
763 4608 955 4676 Nyder
994 4608 1055 4660 in
1099 4606 1442 4662 Formicario
1485 4608 1521 4662 1.
1561 4613 1596 4663 4
1640 4626 1686 4663 c.
1715 4614 1777 4664 7·
1842 4609 1994 4678 prior
2021 4620 2067 4675 (1
2095 4614 2180 4666 29.
2211 4612 2347 4677 Apr.
2378 4614 2535 4664 14171
2567 4612 2787 4677 praeter
2813 4608 2927 4662 alia
2954 4607 3123 4661 Sacra

493 4680 914 4821 Qqetblfulh775z
945 4679 1306 4743 Aschbachl
1333 4684 1504 4735 421-
1515 4686 1599 4736 4.

597 4771 605 4813 l
811 4770 829 4805 1

495 4826 722 4887 werden
753 4823 1112 4892 Braunsberg
1142 4828 1281 4879 1866
1353 4829 1481 4879 ,166

1838 4681 2139 4748 utriusque
2187 4680 2428 4734 foederis
2468 4676 2655 4733 Biblia
2695 4680 2753 4732 in
2781 4679 3123 4733 lemosiuum

904 4751 1012 4804 ler
1053 4751 1278 4804 Meister
1303 4752 1429 4806 Joh.
1461 4769 1510 4805 v.
1541 4751 1779 4805 Matien—
1837 4768 2152 4805 sermonem
2182 4751 2496 4809 transtulit.
2540 4767 2684 4820 quae
2713 4752 2894 4805 versio
2925 4752 2965 4801 1
2975 4751 3124 4804 alen-

1497 4829 1691 4880 «2292st
1717 4823 1778 4875 111
1839 4823 1953 4876 tiae
1981 4826 2119 4880 1478
2148 4823 2300 4893 typis
2318 4822 2473 4876 edita
2495 4823 2622 4876 fuit.
2651 4823 2731 4877 cf.
2750 4823 2819 4875 N.
2839 4822 3125 4877 Antonius

491 4898 699 4949 Ztschr.
729 4896 766 4950 f.
790 4896 842 4949 d.
873 4896 1074 4951 Gesch.
1116 4895 1234 4948 und
1267 4897 1311 4947 A
1341 4895 1778 4949 tertumskunde
1838 4895 1873 4947 l.
1903 4895 1970 4949 X.
1996 4912 2038 4949 c.
2068 4900 2118 4949 3.
2148 4913 2199 4946 n.
2229 4899 2332 4950 114
2359 4899 2553 4947 annot.
