3475 5364
482 359 559 410 913
581 360 597 408 1
935 343 1306 395 1451—1475.
1336 338 1584 391 Historia
1612 338 1804 392 eccles.
1833 336 2098 408 Doering‚
2131 337 2379 400 Flavius,
2408 336 2640 392 Dat-her.
2969 352 3097 406 932

481 527 591 585 Sed
641 532 846 601 postea
898 525 1034 584 huic
1085 526 1313 584 muneri
1361 525 1569 583 cedens
1616 525 1756 583 reli·
1812 544 1949 582 rum
1999 524 2073 582 ab
2118 525 2402 583 inclinato
2452 541 2698 581 romano
2743 523 2989 598 imperio
3036 526 3095 580 et

482 635 669 692 quum
703 617 861 673 vitae
881 634 1022 673 suae
1043 615 1106 672 in
1123 615 1442 691 kyritzensi
1461 619 1758 673 conventu
1816 614 1997 671 Roma
2029 632 2134 688 per
2166 613 2468 672 Alaricum
2516 634 2550 671 a
2590 611 2719 671 Chr.
2757 623 2882 674 410
2920 620 3096 687 capta

483 705 779 782 transegit
810 708 871 762 et
902 704 1066 774 obiit,
1115 708 1185 762 ut
1231 723 1463 780 sperare
1503 703 1660 773 licet,
1695 704 1760 761 in
1816 722 2004 778 usque
2032 703 2112 760 ad
2147 724 2195 760 a.
2228 712 2390 765 1440
2414 702 2653 760 decades
2671 709 2789 759 tres
2809 701 2869 759 ll.
2893 700 3094 769 XXXI;

482 814 623 870 pace
636 794 918 852 cumsede
932 788 1759 874 apostolica(24.Jul.14es).
1816 791 2104 851 decadum
2136 791 2394 850 duarum
2424 791 2693 865 priorum
2726 790 2801 848 ad
2834 810 2884 847 a.
2927 801 3092 853 1400

482 884 727 941 Praeter
758 883 1162 956 Defensorium
1194 883 1323 945 Nic.
1358 882 1588 958 Lyrani
1620 900 1759 940 con·
1817 882 2113 956 epitomen
2175 881 2504 957 composuit
2566 882 2793 939 Aeneas
2856 879 3094 947 Silvius.

481 977 580 1030 tra
609 972 866 1031 Paulum
888 972 1270 1048 burgensem,
1324 972 1396 1030 de
1428 991 1546 1047 quo
1580 990 1762 1046 supra
1816 989 1966 1044 quae
1996 971 2157 1028 inter
2187 971 2317 1045 ejus
2368 986 2549 1046 opera
2580 969 2818 1045 prodiit.
2881 969 3096 1027 Procul

483 1062 713 1138 egimus
776 1082 831 1137 p.
887 1071 1031 1127 813,
1096 1061 1520 1120 commentaria
1581 1079 1762 1137 super
1817 1059 2081 1118 Blondus
2100 1060 2531 1135 abeloquentia
2544 1058 3097 1134 priscasuit,neque

484 1151 698 1208 isaiam
734 1148 909 1231 (opus
941 1145 1191 1229 grande)
1240 1155 1300 1208 et
1331 1150 1395 1207 in
1427 1151 1488 1208 11.
1523 1153 1760 1207 senten·
1818 1150 1965 1207 satis
1996 1148 2317 1225 diligenter
2349 1167 2503 1223 quae
2537 1148 2777 1224 scripsit
2796 1146 3095 1207 examina-

483 1240 724 1308 tiarum,
758 1258 1052 1298 sermones
1083 1235 1361 1320 (inedita)
1384 1244 1510 1309 etc„
1533 1244 1593 1297 et
1612 1257 1762 1314 opus
1819 1238 1936 1296 vit:
1982 1257 2099 1298 non
2151 1257 2332 1313 quam
2362 1255 2520 1305 vera,
2556 1238 2655 1296 sed
2690 1256 2874 1313 quam
2906 1237 3096 1294 multa

484 1329 706 1387 malum
770 1348 838 1386 ex
902 1328 1164 1387 Marsil'o
1214 1329 1414 1387 Ficino
1477 1330 1760 1386 haustum
1818 1328 2122 1397 scriberet,
2157 1346 2362 1386 curam
2395 1327 2607 1385 habuit
2623 1324 2684 1402 ¹).
2740 1325 3099 1384 Prodierunt

481 1426 683 1477 comm
705 1420 1032 1490 primatum
1076 1436 1268 1497 papae
1317 1416 1448 1500 (seu
1488 1417 1761 1477 confuta·
1817 1418 1946 1491 ejus
1978 1435 2155 1491 opera
2198 1416 2467 1475 Basileae
2508 1426 2662 1478 1531
2694 1437 2709 1487 ;
2763 1424 2927 1477 1559
2961 1414 3025 1471 in
3059 1416 3095 1471 f.

484 1508 708 1565 tionem
743 1508 1036 1582 primatus
1056 1504 1272 1587 papae)
1306 1529 1340 1566 a
1368 1507 1759 1583 protestanti-

484 1596 597 1655 bus
631 1600 953 1671 praeeunte
999 1597 1194 1655 Flac-io
1240 1596 1475 1673 Illyrico
1523 1597 1762 1670 saepius
1910 1603 2054 1656 452.
2105 1594 2559 1653 Gebhardus
2606 1593 2905 1652 Dacher
2951 1592 3099 1650 Con-

485 1684 714 1743 editum
765 1683 969 1765 (etiam
1020 1686 1131 1743 sub
1192 1686 1429 1743 nomine
1493 1686 1761 1761 Gregorii
1819 1684 2168 1742 stantiensis
2217 1678 2278 1761 (†
2337 1677 2528 1764 1572)
2582 1684 2645 1739 in
2696 1701 2807 1741 sua
2854 1682 3101 1740 historia

487 1771 956 1853 Heimburg)‚
992 1776 1370 1834 continuavit
1386 1775 1572 1833 forma
1586 1774 1759 1833 diarii
1820 1781 2153 1851 maynatum
2230 1773 2296 1829 in
2357 1772 2784 1831 constantiensi
2852 1771 3100 1829 concilio

486 1863 791 1921 chronicon
870 1864 1211 1923 Theodorici
1290 1864 1391 1921 En
1409 1864 1641 1939 gelhu
1661 1864 1761 1921 sii
1818 1862 2025 1938 primis
2058 1880 2215 1920 conc.
2249 1861 2419 1921 annis
2449 1861 2665 1941 (1414.
2696 1870 2881 1931 1415,
2910 1860 3099 1918 Mansi

490 1955 582 2025 (cs.
616 1972 672 2028 p.
708 1949 861 2032 836)
898 1952 971 2010 ab
998 1973 1047 2010 a.
1078 1963 1548 2016 1420—1464..
1583 1972 1762 2028 quam
1820 1951 1948 2009 coll.
2001 1970 2156 2010 conc.
2196 1959 2294 2021 28,
2333 1959 2670 2020 625—543
2718 1950 2791 2009 de
2824 1948 3019 2007 Hardt
3050 1949 3101 2007 V

487 2041 995 2100 continuationem
1027 2042 1280 2111 exhibet,
1334 2042 1436 2100 sed
1465 2043 1761 2112 mendose,
1820 2061 1874 2117 p.
1913 2050 1947 2103 2
2001 2060 2134 2117 pag.
2194 2036 2472 2119 10—50)
2526 2044 2788 2098 recenset
2830 2057 2947 2107 eos,
2995 2040 3101 2114 qui

489 2131 741 2189 Menken
792 2131 886 2189 SS.
938 2150 1050 2192 rer.
1102 2132 1294 2190 Germ.
1346 2130 1449 2191 111.
1527 2142 1762 2199 1—643

490 2220 690 2278 Riedel
743 2218 930 2279 Oodex
981 2220 1221 2295 diplom.
1273 2219 1601 2279 brandenb.
1666 2220 1764 2282 IV.

489 2314 529 2366 t.
580 2321 624 2371 1.
655 2328 785 2385 pag.
824 2310 1143 2373 209456.
1177 2310 1261 2368 Ea
1291 2310 1489 2386 magni
1523 2314 1616 2367 est
1639 2328 1765 2368 mo·

490 2399 676 2457 menti
712 2417 815 2473 pro
849 2398 1020 2457 bellis
1053 2399 1356 2457 husiticis:
1409 2399 1511 2457 sed
1561 2398 1623 2455 in
1673 2398 1764 2465 iis,

1822 2130 1912 2187 illi
1959 2131 2182 2206 synodo
2226 2128 2570 2187 interfuere.
2602 2162 2691 2172 —-
2721 2129 2805 2187 De
2853 2127 3101 2186 concilio

1822 2220 2120 2278 basileensi
2149 2238 2286 2294 prae
2304 2218 2514 2293 primis
2543 2218 2661 2277 duo
2695 2218 2808 2275 viri
2841 2217 3102 2275 celebres

1823 2309 2104 2379 referunt,
2140 2308 2246 2382 qui
2278 2306 2483 2365 eodem
2523 2308 2706 2365 etiam
2740 2328 2788 2365 a.
2825 2310 2971 2364 sunt
3003 2306 3102 2364 de·

1822 2397 2043 2456 functi:
2109 2396 2427 2455 Thomas
2490 2396 2970 2455 Ebendorfer
3031 2395 3103 2452 de

490 2506 643 2562 quae
673 2488 978 2563 pertinent
999 2488 1071 2545 ad
1091 2489 1406 2547 concilium
1440 2488 1768 2546 basileense
1820 2486 2153 2545 Haselbach
2229 2489 2290 2543 et
2365 2486 2417 2542 A
2433 2504 2464 2544 e
2484 2504 2524 2542 n
2546 2505 2577 2543 e
2597 2505 2632 2543 a
2646 2504 2673 2543 s
2738 2485 2774 2542 S
2796 2504 2835 2559 y
2855 2486 2878 2541 l
2898 2504 2934 2542 v
2957 2485 2975 2541 i
2999 2504 3041 2542 u
3062 2503 3102 2541 S.

411 2632 417 2641 ,
490 2580 552 2634 et
584 2595 725 2635 rom.
762 2577 1068 2651 pontifices
1090 2577 1463 2653 celebresque
1496 2577 1767 2635 cardina-

491 2665 596 2738 les,
647 2666 914 2742 partium
962 2667 1161 2725 studio
1210 2666 1564 2743 inquinatur
1611 2685 1767 2724 mor-

492 2755 743 2830 dacique
789 2756 929 2814 stilo
975 2761 1066 2814 est
1111 2757 1462 2831 conscripta.
1527 2756 1594 2813 ln
1631 2759 1766 2814 con-

492 2845 627 2903 cilio
673 2845 1087 2918 disputaverat
1135 2845 1208 2903 de
1260 2850 1368 2902 art.
1421 2855 1476 2906 4.
1523 2845 1768 2903 Husita-

490 2952 626 2991 rum
660 2938 840 3008 atque
873 2935 936 2990 in
966 2934 1371 3009 propositione
1417 2934 1571 2991 circa
1603 2933 1768 2991 husi-

493 3027 691 3080 tarum
740 3026 848 3079 art.
897 3021 967 3079 de
1019 3023 1340 3082 donatione
1390 3022 1764 3081 Constantini

493 3111 671 3186 hujus
716 3111 1150 3187 genuinitatem
1193 3115 1404 3170 tuetur
1449 3117 1629 3187 atque
1667 3112 1769 3186 jus

493 3199 756 3258 vindicat
786 3200 1080 3259 Ecclesiae
1094 3200 1430 3276 possidendi
1451 3202 1603 3259 bona
1617 3204 1767 3259 tem·

494 3289 738 3364 poralia.
793 3290 937 3366 Ejus
970 3291 1112 3348 liber
1132 3291 1549 3365 perplexorum
1582 3290 1769 3348 Eccle-

494 3381 615 3436 siae
644 3378 840 3454 periit.
875 3379 1266 3438 Adversarius
1287 3382 1416 3438 erat
1437 3398 1554 3437 non
1578 3380 1771 3438 solum

494 3468 693 3527 curiae
738 3486 1035 3539 romanae,
1085 3470 1184 3526 sed
1232 3472 1294 3526 et
1324 3468 1450 3528 Nic.
1499 3468 1570 3527 de
1602 3469 1770 3526 Cusa.

492 3590 581 3600 —
644 3557 860 3633 Aliqua
920 3559 1104 3617 etiam
1164 3558 1553 3634 reperiuntur
1613 3557 1771 3632 apud

493 3647 870 3706 Blondum
915 3647 1268 3706 Flavium
1314 3647 1769 3715 foroliviensem,

495 3736 598 3810 qui
642 3735 715 3794 ab
761 3737 1028 3813 Eugenio
1073 3737 1171 3796 IV.
1221 3737 1291 3794 ad
1341 3736 1510 3794 Pium
1562 3735 1629 3796 Il.
1676 3754 1767 3792 ro·

492 3826 685 3884 manis
736 3826 1117 3901 pontificibus
1163 3847 1197 3883 a
1247 3825 1484 3884 secretis
1529 3829 1654 3882 erat
1689 3821 1771 3905 (n.

507 3924 699 3985 13883
732 3911 768 3978 †
803 3925 857 3976 4.
891 3916 1030 3973 Jun.
1074 3911 1286 3992 1463).
1321 3909 1773 3993 Scripsit1)Ro·

493 4022 619 4060 mae
650 4004 1067 4077 triumphantis}
1115 4004 1176 4084 (i.
1212 4023 1258 4062 e.
1291 3998 1534 4082 veteris)
1583 4004 1637 4060 le.
1672 4003 1741 4060 X
1748 4021 1778 4072 ,·

497 4091 717 4150 Romae
747 4093 1089 4168 illustratae,
1123 4093 1321 4168 qualis
1357 4093 1480 4150 scil.
1503 4092 1620 4150 fuit
1640 4097 1773 4167 post

495 4185 586 4238 tot
619 4179 1058 4240 devastationes
1093 4200 1201 4239 suo
1243 4186 1524 4256 tempore,
1559 4182 1621 4239 11.
1655 4181 1773 4250 ΙῙΙ;

496 4270 675 4328 Italia
706 4271 956 4330 lustrata
1002 4271 1125 4330 sive
1169 4271 1477 4329 illustrata
1527 4289 1633 4345 per
1683 4289 1774 4327 re-

495 4359 701 4435 giones
736 4379 842 4419 seu
873 4360 1207 4436 provincias
1240 4359 1460 4436 XV1113
1494 4359 1773 4418 historia-

499 4568 552 4618 p.
581 4553 716 4612 382;
743 4549 1018 4620 hist.·pol.
1047 4549 1131 4603 Bl.
1160 4555 1318 4607 1894.
1348 4553 1467 4613 114,
1496 4553 1774 4605 ‹324-29:

498 4621 789 4676 Gebhardt
825 4620 896 4674 Μ.
926 4620 1176 4690 Doering
1214 4621 1344 4673 hist.
1383 4620 1593 4674 Ztschr.
1636 4619 1775 4682 LIX,

497 4696 1028 4818 (1888),-ι248-293,
1054 4693 1250 4762 etjam
1280 4694 1450 4745 antea
1489 4692 1547 4744 in
1580 4690 1630 4744 N
1636 4734 1647 4747 .
1677 4693 1777 4743 Ar·

496 4765 623 4818 chiv
680 4767 696 4780 '
733 4767 751 4817 1
780 4769 977 4834 (1887).
1000 4769 1261 4820 517·530;
1291 4763 1510 4817 Krause
1531 4762 1776 4833 Allgem.

497 4838 550 4890 d.
582 4836 682 4892 ssio
756 4877 767 4889 .
797 4836 912 4899 XX,
940 4839 1241 4892 664-666.

579 4916 611 4968 ’ξι
641 4855 1017 4964 ΟῗΡοῑὺὴᾶεῦ
1042 4927 1096 4978 p.
1128 4911 1244 4965 160.

1825 2576 1931 2633 Ille
1993 2580 2169 2634 natus
2230 2578 2318 2632 est
2367 2574 2430 2631 in
2493 2574 2710 2649 oppido
2773 2573 3104 2633 Haselbach

1824 2665 2105 2724 Austriae
2168 2663 2465 2723 inferioris
2536 2674 2630 2726 10.
2694 2664 2849 2740 Aug.
2919 2671 3102 2727 1387.

1826 2755 2053 2813 Studiis
2105 2773 2347 2829 operam
2396 2753 2561 2811 dedit
2605 2754 2669 2811 in
2715 2753 3105 2811 universitate

1826 2845 2131 2903 viennensi
2148 2843 2221 2900 ab
2235 2864 2284 2901 a.
2309 2853 2331 2904 1
2348 2852 2425 2905 40
2436 2853 2490 2904 5.
2510 2842 2746 2900 Artium
2756 2842 3105 2901 licentiatus

1826 2934 2020 2992 factus
2053 2927 2278 3012 (1412)
2328 2931 2496 2989 varia
2540 2930 2885 2989 Aristotelis
2931 2949 3109 3007 opera

1826 3029 1915 3080 est
1945 3023 2399 3106 interpretatae,
2433 3039 2654 3078 munus
2686 3020 2894 3078 decani
2928 3020 3107 3095 hujus

1825 3111 2131 3170 facultatis
2177 3115 2239 3168 et
2284 3109 2529 3168 rectoris
2577 3109 2907 3167 academiae
2939 3109 3106 3169 obiit.

1826 3199 1918 3259 Ad
1950 3199 2309 3275 theologiam
2355 3216 2676 3258 conversus
2724 3220 2774 3259 a.
2815 3207 3000 3261 1419.
3045 3198 3107 3256 in

1826 3289 2117 3348 facultate
2149 3287 2480 3364 theologica
2512 3305 2718 3346 cursor
2738 3287 2995 3346 biblicus
3016 3291 3107 3344 est

1829 3378 2133 3447 admissae,
2146 3374 2689 3457 sententiasjpostea
2700 3376 2847 3453 legit-
2860 3372 2919 3456 (1
2937 3387 2968 3437 4
2981 3385 3014 3438 2
3025 3372 3108 3455 0).

1829 3468 2026 3527 sactus
2075 3466 2488 3525 baccalaureus
2537 3465 2826 3524 formatus
2860 3459 3106 3546 (1421).

1831 3557 2066 3615 demum
2089 3551 2313 3638 (1428)
2349 3554 2683 3632 theologiae
2721 3554 2927 3612 doctor
2940 3572 3104 3613 crea·

1828 3650 1929 3704 tus
1962 3664 2092 3705 mox
2113 3644 2418 3703 facultatis
2434 3644 2722 3702 decanum
2741 3644 2897 3720 egit;
2919 3645 3109 3701 factus

1830 3741 1919 3793 est
1951 3753 2188 3809 quoque
2220 3732 2535 3792 canonicus
2570 3733 2644 3790 ad
2675 3752 2717 3790 s.
2744 3733 3109 3808 Stephanum

1830 3829 1889 3881 et
1920 3823 2263 3899 capellanus
2309 3823 2537 3880 aulicus
2584 3840 2926 3895 munusque
2959 3822 3111 3880 vice-

1911 4051 1946 4118 ¹)
1976 4047 2231 4114 Aequius
2272 4047 2463 4098 tamen
2497 4043 2725 4115 judicat
2763 4043 3110 4104 Tiraboschi,

1832 4119 1932 4187 qui
1960 4119 2056 4174 Vl.
2082 4137 2136 4188 p.
2163 4122 2213 4173 2.
2243 4118 2279 4170 l.
2306 4121 2356 4172 3.
2384 4134 2429 4172 c.
2459 4121 2483 4172 1
2517 4137 2570 4171 n.
2597 4122 2629 4172 2
2654 4134 2724 4169 se.
2751 4119 3012 4169 accurate
3040 4114 3110 4168 de

1832 4207 1898 4244 eo
1926 4189 2167 4243 disserit.
2196 4195 2270 4243 Or
2295 4187 2356 4240 in
2386 4189 2536 4242 tutte
2577 4189 2774 4255 queste
2802 4203 2987 4257 opere.
3030 4186 3112 4239 in·

1832 4259 2358 4387 3311‘33‘33333525
2363 4274 2823 4398 θὲἇῗὲἒὲοῑὲῑὲ
2828 4256 3114 4398 ‘35¹²fossssss

1835 4404 2140 4458 medesimo
2170 4419 2286 4455 una
2311 4401 2567 4472 singolar
2592 4349 2878 4470 dilpgenza
2894 4401 2987 4456 nel
3001 4418 3114 4454 rac·

1833 4476 2083 4546 cogliera
2109 4475 2182 4527 da
2209 4472 2352 4527 tutti
2392 4474 2474 4541 gli
2518 4473 2706 4526 autori
2751 4477 2969 4540 quanto
2997 4472 3115 4542 gio·

1835 4564 1935 4600 var
1961 4549 2169 4615 poteva
2214 4546 2271 4598 al
2316 4562 2418 4598 suo
2464 4547 2718 4604 intento;
2770 4544 2839 4598 ed
2881 4544 3114 4598 essendo

1834 4636 1955 4672 esso
1983 4618 2034 4670 le
2062 4618 2259 4688 prime,
2301 4618 2403 4670 che
2444 4616 2507 4669 in
2548 4616 2628 4669 tal
2669 4632 2875 4686 genere
2901 4615 2948 4668 si
2976 4614 3117 4685 pub·

1837 4690 2151 4752 blieasserO,
2180 4705 2294 4742 nou
2336 4691 2453 4757 pub
2492 4686 2736 4757 negarsi,
2778 4686 2879 4741 che
2921 4703 3035 4740 non
3062 4685 3115 4739 ci

1835 4761 2005 4815 diano
2031 4761 2245 4831 grande
2273 4759 2401 4813 idea
2429 4759 2520 4812 del
2550 4762 2708 4812 vasto
2744 4774 2940 4825 sapere
2969 4772 2997 4809 e
3025 4757 3117 4810 del

1835 4833 2029 4886 contin
2039 4849 2109 4886 uo
2129 4832 2318 4886 studio
2336 4829 2431 4884 del
2445 4831 2566 4884 loro
2582 4833 2813 4884 Antore.
2844 4829 2926 4883 Cf.
2944 4828 3115 4882 etiam

1836 4907 1943 4974 Ap.
1971 4904 2118 4958 Zeno
2148 4903 2291 4956 Diss.
2320 4901 2480 4957 Voss.
2510 4902 2551 4965 Ι,
2578 4907 2699 4958 229.
