3475 5364
1846 1604 1964 1688 vl

839 1765 1416 1939 Theologi
1495 1665 2089 1900 annorum
2190 1763 3000 1899 1251—1275.

1302 2138 1374 2234 1.ι
1433 2137 1925 2259 Theologia
1992 2136 2527 2257 dogmatica.

709 2385 781 2437 17
805 2385 847 2431 1.
881 2374 1018 2432 Jam
1067 2374 1140 2433 ad
1189 2374 1674 2450 gloriosissimam
1727 2375 1894 2433 theo·
1920 2373 1925 2413 l
1951 2376 2120 2439 titur,
2140 2374 2287 2434 utin
2304 2374 2599 2433 academia
2613 2377 2759 2433 tunc
2778 2372 3244 2433 conditaliteras

611 2465 802 2541 logiae
819 2463 1194 2522 scholasticae
1212 2464 1522 2539 periodum
1543 2464 1891 2527 accedimus,
1922 2476 1923 2487 ¹
1952 2465 2326 2523 humaniores
2357 2468 2536 2539 atque
2568 2463 3007 2539 philosophiam
3037 2462 3239 2521 addis·

615 2552 678 2611 in
700 2572 819 2627 qua
837 2553 1139 2610 fulserunt
1159 2553 1276 2612 duo
1296 2553 1706 2611 illustrissima
1723 2552 1892 2611 illius
1920 2528 1923 2563 Ῑ
1951 2560 2125 2621 cerer,
2178 2553 2515 2628 ibidemque
2566 2573 2613 2610 a.
2654 2561 2821 2616 1243
2873 2552 3145 2610 ordinem
3190 2570 3237 2609 s.

611 2641 945 2706 luminaria,
969 2660 1013 2700 s.
1036 2642 1333 2701 Thomas
1363 2640 1651 2718 Aquinas,
1686 2642 1893 2703 doctor
1920 2602 1924 2726 ἱ
1954 2642 2246 2702 Dominici
2278 2647 2368 2702 est
2399 2643 2719 2719 ingressus·
2784 2641 2973 2701 Victis
3007 2641 3241 2701 heroica

615 2733 1021 2808 ,angelicuS,‘
1101 2736 1163 2789 et
1239 2750 1281 2790 s.
1340 2733 1893 2791 Bonaventura
1920 2735 1923 2790 Ι
1952 2732 2287 2792 constantia
2317 2736 2631 2808 parentum
2674 2736 2734 2790 et
2766 2733 3233 2808 consanguineo·

610 2821 815 2879 doctor
863 2821 1304 2896 ,seraphicus‘.
1369 2821 1497 2889 Quo
1543 2825 1744 2880 autem
1786 2842 1888 2881 no·
1920 2819 1923 2852 ¹
1953 2843 2083 2881 rum
2140 2821 2467 2886 blanditiis,
2532 2821 3001 2890 seductionibus,
3055 2821 3234 2879 minis

612 2911 792 2969 liores
839 2916 998 2977 sunt,
1047 2929 1115 2969 eo
1161 2910 1543 2986 paucioribus
1595 2912 1893 2970 contentis
1921 2911 1924 2948 ³
1951 2916 2130 2987 atque
2182 2912 2407 2986 iniquis
2462 2908 2722 2970 consiliis
2766 2930 2875 2987 per
2917 2911 3237 2968 fenestram

611 3018 741 3058 esse
775 2999 929 3057 licet.
973 2999 1055 3056 Ex
1089 3000 1312 3058 illustri
1345 3000 1410 3058 in
1442 3019 1626 3076 regno
1661 3000 1894 3059 Siciliae
1921 2981 1925 3030 ⁸
1951 3001 2120 3071 arcia,
2154 3001 2218 3059 in
2240 3020 2358 3075 qua
2379 3018 2485 3075 per
2507 3019 2732 3059 annum
2753 3000 2947 3058 veluti
2968 3000 3235 3075 captivus

611 3088 895 3147 comitum
929 3089 1148 3162 Aquini
1191 3093 1368 3166 gente
1401 3088 1692 3165 originem
1726 3073 1924 3148 duxit'
1952 3089 2352 3159 detinebatur,
2376 3109 2411 3147 a
2431 3108 2626 3148 sorore
2647 3087 2934 3148 dimissus
2956 3093 3138 3164 atque
3157 3089 3237 3146 ita

610 3172 988 3256 Thomas1)
1023 3183 1371 3252 patremque
1392 3178 1602 3236 habuit
1633 3179 1891 3238 Landul·
1922 3223 1923 3250 ,
1953 3179 2291 3238 libertatem
2324 3183 2554 3247 nactuS,
2600 3178 2845 3236 Romam
2876 3178 3031 3237 abiit
3062 3181 3235 3253 atque

612 3267 797 3342 phum
830 3267 1054 3341 Aquini
1094 3267 1386 3325 comitem.
1449 3268 1642 3326 Natus
1675 3272 1769 3326 est
1800 3269 1893 3327 vel
1922 3305 1923 3320 η
1951 3289 1983 3326 a
2015 3288 2067 3326 v.
2100 3268 2329 3327 Joanne
2350 3267 2673 3326 Teutonico
2705 3267 2932 3326 ordinis
2954 3268 3235 3344 magistro

612 3356 724 3414 sub
759 3354 999 3414 initium
1033 3377 1081 3414 a.
1123 3365 1306 3425 1225,
1342 3358 1516 3431 juxta
1544 3357 1688 3416 alios
1728 3367 1889 3420 1226
1920 3365 1924 3404 l
1952 3358 2208 3416 Parisios
2260 3357 2538 3433 primum,
2591 3375 2725 3415 mox
2779 3357 3084 3416 Coloniam
3130 3355 3236 3414 sub

611 3446 703 3503 vel
723 3453 839 3507 122
853 3453 884 3506 7
900 3445 963 3503 in
975 3465 1104 3504 arce
1114 3447 1300 3504 Rocca
1311 3447 1894 3521 seccaetquinquen-
1920 3423 1924 3492 l
1952 3447 2197 3506 Alherto
2230 3446 2443 3523 Magno
2476 3445 2843 3504 erudiendus
2865 3445 2987 3505 fuit
3007 3445 3233 3505 ductus.

610 3535 704 3592 nis
727 3536 903 3610 juxta
934 3554 1155 3593 morem
1188 3539 1530 3612 magnatum
1565 3537 1694 3610 ejus
1725 3537 1894 3613 regni
1922 3535 1923 3552 ¹
1953 3537 2093 3595 Cum
2147 3555 2285 3594 vero
2330 3535 2614 3594 Albertus
2659 3535 2733 3593 ad
2777 3534 3063 3612 legendas
3108 3553 3234 3593 sen·

612 3624 910 3682 monachis
971 3624 1389 3690 casinensibus,
1469 3624 1691 3698 quibus
1760 3630 1892 3683 tum
1920 3599 1924 3702 J
1950 3626 2172 3683 tentiae
2205 3625 2469 3683 Parisios
2515 3623 2941 3694 destinaretur,
2992 3624 3237 3683 Thomas

609 3717 879 3789 praeerat
894 3713 1280 3788 Landulphus
1316 3715 1445 3788 ejus
1466 3719 1736 3788 patruus,
1772 3718 1888 3772 tra·
1920 3745 1924 3784 t
1943 3713 2187 3788 juvenis
2251 3732 2385 3772 cum
2447 3732 2516 3772 eo
2580 3713 2727 3773 illuc
2775 3717 2869 3772 est
2919 3713 3232 3790 profectus.

611 3802 774 3861 ditus
818 3805 909 3860 est
955 3803 1181 3878 pietate
1227 3807 1288 3861 et
1333 3802 1540 3878 primis
1571 3804 1767 3861 literis
1801 3803 1888 3861 in·
1950 3803 2145 3861 Finito
2172 3821 2349 3862 cursu
2372 3802 2562 3872 amhn,
2584 3801 2873 3878 magister
2892 3806 2955 3861 et
2974 3803 3232 3878 discipu·

611 3891 968 3950 formandus.
1035 3891 1324 3951 Decennis
1373 3891 1688 3968 Neapolim
1751 3893 1889 3951 mit·
1951 3893 2064 3962 lua,
2100 3891 2401 3951 Coloniam
2430 3892 2656 3951 reversi
2687 3896 2850 3962 sunt,
2892 3891 3234 3967 ibidemque

1920 3959 1923 4028 l
1951 3982 2204 4039 Thomas
2237 3981 2350 4041 sub
2373 3982 2619 4040 Alberto
2630 3981 2807 4057 juxta
2826 3982 2993 4058 leges
3014 3980 3233 4039 ordinis

692 4103 726 4152 ι]
755 4098 832 4150 Ex
859 4097 1192 4161 innumeris,
1220 4097 1318 4164 qui
1349 4099 1418 4150 de
1445 4115 1486 4151 Β,
1517 4097 1732 4151 Thoma
1750 4098 1895 4166 ejus,
1920 4043 1925 4180 ἶ
1950 4071 2023 4129 de
2044 4071 2135 4140 iis,
2159 4071 2314 4146 quie
2337 4070 2557 4128 studiis
2578 4070 2963 4146 generalibus
2982 4075 3233 4129 reverte-

612 4185 722 4235 que
751 4168 1018 4237 operibus
1046 4170 1396 4237 scripserunt
1434 4170 1503 4223 ef.
1573 4186 1666 4223 rae
1695 4170 1895 4239 primis
1920 4195 1925 4262 ι
1953 4161 2187 4230 bantur,
2244 4160 2700 4235 philosophiam,
2754 4160 3125 4235 Scripturam
3172 4178 3230 4224 s.,

613 4239 1211 4322 Questffif12271-348z
1249 4239 1479 4293 Werner
1554 4241 1750 4322 homes
1780 4258 1893 4322 *⁷031
1921 4293 1925 4338 l
1952 4249 2284 4308 sententias
2318 4249 2516 4324 coepit
2535 4249 2919 4324 interpretari
2940 4267 3010 4307 ac
3026 4249 3231 4326 legere.

610 4315 823 4392 Aqum,
876 4330 955 4394 ¹¹¹.
988 4328 1103 4380 ‘1¹¹⁰
1154 4329 1322 4380 ⁰p⁹r⁰
1375 4312 1749 4394 praegmpffl.
1772 4315 1897 4382 ‘²8¹³
1921 4367 1925 4416 ῃ
1951 4341 2123 4397 Anno
2164 4347 2510 4402 1251—52
2548 4337 2722 4397 illum
2744 4337 2995 4396 Parisiis
3016 4337 3232 4414 reperi·

610 4386 781 4436 etiam
809 4383 878 4437 de
907 4399 1030 4452 ejus
1057 4386 1365 4451 systemate
1382 4389 1440 4436 et
1460 4384 1754 4437 thomismi
1788 4401 1892 4438 iro·
2225 4428 2236 4440 .
2861 4427 2872 4438 .

609 4456 870 4522 sequitur
913 4455 1246 4514 histonam:
1299 4456 1368 4508 de
1409 4455 1621 4509 Rubeis
1661 4455 1722 4508 in
1802 4456 1894 4510 iss.
1921 4433 1925 4486 l
1952 4447 2101 4498 mua,
2136 4427 2242 4487 ubi
2273 4428 2692 4487 baccalaureus
2739 4428 3059 4486 lectionem
3106 4445 3233 4486 sen·

610 4526 760 4578 infra
809 4526 1084 4583 citandis:
1138 4526 1367 4580 'rouron
1413 4526 1518 4580 vie
1564 4527 1632 4580 de
1674 4527 1727 4582 S.
1772 4507 2272 4590 Th‚,!tentiarum
2320 4521 2410 4576 est
2454 4534 2774 4594 aggressus
2820 4536 3038 4593 magno
3070 4515 3231 4575 audi·

611 4597 842 4650 Parisiis
871 4602 1036 4656 1737:
1066 4601 1209 4652 Acta.
1231 4598 1320 4652 SS.
1342 4599 1414 4652 ad
1437 4604 1484 4655 7.
1505 4599 1701 4656 Mam:
1730 4575 2149 4665 Feretltorum
2212 4607 2430 4682 plausu
2492 4610 2556 4664 et,
2617 4606 2837 4664 fructu,
2902 4605 3228 4682 Magigterii

608 4669 1270 4726 42-
1335 4742 1891 4805 6-
2498 4696 2574 4754 01>
2624 4693 2850 4764 turbas

611 4812 922 4868 Willmann
960 4813 1158 4868 Gesch.
1187 4814 1284 4867 des
1313 4812 1643 4867 idealismus
1673 4814 1740 4878 ll,
1766 4819 1893 4870 442-
1949 4785 2310 4844 academicos
2359 4788 2420 4843 et
2466 4784 2773 4861 religiosos
2805 4783 3226 4884 exeitfflfffltur’

608 4889 729 4941 514.
1920 4871 1925 4934 l
1951 4875 2187 4951 assequi
2225 4894 2346 4933 non
2378 4875 2596 4950 potuit.
2629 4873 2784 4932 Hinc
2814 4875 2877 4932 in
2898 4874 3130 4931 Itaham
3160 4870 3228 4930 ad
