3475 5364
373 369 488 422 107
504 367 534 419 7
1155 352 1271 405 Jac.
1302 349 1584 419 Sprenger
1611 352 1669 402 et
1687 348 1861 403 Henr.
1890 348 2195 403 institoris.
2822 368 2843 418 1
2860 370 2894 421 0
2908 367 2937 421 7
2947 366 2989 422 3

363 535 697 595 Jacobus
731 536 1130 612 Sprenger
1173 539 1233 594 et
1263 535 1649 595 Henricus
1706 535 1898 611 logiae
1958 535 2246 612 magister
2303 536 2363 594 et
2411 532 2786 617 professor¹)‚
2850 554 2985 594 cum

363 625 808 695 Institoris,
872 643 1125 699 quorum
1175 624 1275 683 ille
1325 625 1487 700 prior
1535 624 1652 684 fuit
1706 622 1926 683 Jacobo
1972 624 2271 700 Sprenger
2312 624 2636 700 inquisitor
2694 625 2985 702 generalis

364 717 691 773 conventus
723 713 1078 773 coloniensis
1108 710 1335 795 (1475)
1371 716 1432 773 et
1461 714 1650 791 gradu
1706 713 2061 772 auctoritate
2077 712 2409 772 Innocentii
2424 713 2583 773 VIII.
2599 732 2707 789 per
2721 713 2981 773 dioceses

366 802 694 879 magisterii
745 803 809 861 in
842 802 949 860 illa
978 804 1274 862 academia
1303 803 1647 880 insignitus.
1705 802 2991 878 quinqueecclesiarummetropolitanarum,

364 893 415 950 A
449 892 613 951 Sixto
645 891 742 950 lv.
775 891 1125 968 designatus
1173 895 1267 951 est
1311 910 1446 950 cum
1479 893 1646 951 Ger·
1706 891 1811 966 qui
1831 891 1935 949 diu
1969 891 2427 968 salisburgensis
2458 892 2735 951 eeclesiae
2754 882 2985 950 lectoris

364 981 543 1040 ardo
574 981 647 1040 de
678 981 907 1039 Elten
939 980 1033 1055 (cf.
1052 1001 1108 1057 p.
1135 977 1325 1065 1026)
1357 981 1650 1059 generalis
1706 979 1967 1039 officium
1997 981 2197 1057 gessit.
2230 981 2376 1040 Inde
2403 985 2651 1040 vocatus
2683 985 2775 1039 est
2808 1000 2983 1039 ama-

366 1070 689 1145 inquisitor
737 1069 874 1129 fidei
923 1089 1031 1145 per
1078 1071 1280 1146 plures
1313 1070 1649 1130 Germaniae
1706 1068 1897 1145 gistro
1942 1070 2172 1128 ordinis
2215 1069 2517 1129 Joachimo
2550 1070 2840 1129 Tui-riano
2871 1069 2984 1128 Ve-

365 1158 718 1233 provincias.
792 1159 938 1219 Cum
997 1160 1203 1219 eodem
1263 1161 1388 1237 egit
1449 1163 1651 1219 contra
1706 1158 1898 1217 netias
1947 1179 1996 1220 a.
2038 1167 2221 1227 1495,
2274 1158 2379 1234 qui
2429 1159 2699 1235 publicas
2743 1159 2986 1218 haberet

367 1248 659 1307 ,Ioannem
692 1248 764 1306 de
800 1247 1080 1307 Wesalia:
1129 1248 1231 1309 sed
1264 1268 1405 1325 prae
1438 1248 1649 1325 primis
1703 1246 1778 1305 de
1812 1266 1976 1306 sacro
2009 1248 2178 1306 cultu
2209 1250 2270 1305 et
2300 1248 2644 1307 adoratione
2678 1247 2982 1306 eucharis-

368 1354 539 1414 sagas
583 1340 676 1395 est
718 1354 1037 1413 aggressus
1076 1341 1257 1413 atque
1294 1357 1429 1397 cum
1466 1339 1645 1397 Henr.
1704 1336 1825 1395 tiae
1857 1336 2322 1396 concertationes
2372 1337 2447 1396 ob
2493 1338 2900 1413 quaestionem
2952 1356 2986 1394 a

366 1425 663 1485 Institoris
695 1427 960 1485 malleum
1005 1428 1394 1500 maleficorum
1424 1426 1646 1486 malefi·
1703 1426 2064 1500 quibusdam
2099 1426 2405 1502 agitatam,
2438 1445 2585 1485 num
2611 1425 2984 1496 eucharistia,

371 1515 459 1573 cia
489 1518 552 1573 et
581 1533 785 1574 eorum
817 1516 1106 1575 haeresim
1138 1520 1211 1576 ut
1230 1517 1510 1575 frameam
1541 1535 1645 1592 po·
1704 1532 1839 1573 cum
1872 1516 1935 1573 in
1952 1515 2231 1573 sacrificio
2251 1517 2462 1574 missae
2482 1516 2750 1574 elevatur
2768 1519 2831 1573 et
2849 1533 2983 1590 pro-

365 1604 760 1662 tentissimam
793 1608 1194 1664 conterentem
1225 1606 1507 1674 condidit,
1540 1605 1645 1681 qui
1703 1604 1953 1679 ponitur
1982 1603 2077 1662 vel
2110 1604 2181 1662 ad
2214 1604 2475 1663 infirmos
2507 1604 2789 1671 defertur,
2844 1603 2983 1662 ado·
3051 1631 3054 1635 v

365 1692 486 1752 fuit
497 1693 689 1751 veluti
702 1711 909 1752 norma
923 1712 1030 1769 pro
1046 1695 1323 1770 gerendis
1337 1696 1647 1754 moderan-
1703 1694 1891 1751 randa
1920 1693 2001 1751 sit
2029 1693 2141 1752 sub
2157 1693 2511 1762 conditione,
2523 1693 2575 1752 si
2594 1712 2730 1752 vere
2751 1694 2828 1751 sit
2847 1711 2984 1752 con-

371 1781 581 1856 disque
611 1782 805 1841 causis
835 1782 1119 1842 adversus
1140 1802 1312 1861 sagas
1343 1802 1646 1861 magnam·
1706 1787 1931 1840 secrata
1976 1779 2248 1864 hostia2).
2311 1782 2528 1841 Contra
2588 1783 2738 1841 hanc
2799 1783 2984 1859 gemi-

370 1889 486 1945 que
534 1874 742 1929 nactus
791 1874 884 1929 est
928 1874 1360 1941 auctoritatem,
1408 1892 1541 1932 cum
1574 1873 1648 1931 ab
1704 1890 1963 1946 namque
1996 1871 2333 1947 opinionem
2366 1874 2676 1947 Augustae
2696 1871 2762 1930 V.
2796 1872 2982 1930 susci-

370 1962 500 2018 octo
532 1960 963 2035 professoribus
1006 1961 1310 2021 facultatis
1353 1962 1645 2038 theologi·
1704 1964 1891 2018 tatam
1954 1960 2197 2035 scripsit
2240 1961 2546 2019 Tractatus
2592 1961 2785 2019 varios
2848 1979 2982 2018 cum

368 2067 467 2107 cae
499 2049 847 2108 coloniensis
879 2050 1060 2109 fuerit
1074 2052 1436 2126 approbatus
1469 2056 1647 2126 atque
1705 2049 2079 2108 sermonibus
2111 2050 2387 2125 plurimis
2421 2045 2559 2132 (25)
2608 2057 2811 2108 contra
2841 2068 2982 2126 qua·

370 2138 718 2212 saepissime
780 2138 998 2209 editus,
1063 2141 1271 2200 saltem
1323 2141 1528 2199 novies
1573 2140 1647 2198 ad
1704 2145 1838 2197 tuor
1868 2157 2096 2198 errores
2115 2139 2435 2197 novissime
2450 2142 2681 2198 exortos
2698 2135 2984 2197 adversus

369 2247 418 2285 a.
459 2237 645 2296 1496,
681 2244 725 2285 s.
759 2228 796 2284 l.
830 2231 891 2286 et
924 2247 974 2286 a.
1006 2229 1342 2304 aliquotieS,
1377 2229 1647 2289 Coloniae
1704 2226 2142 2287 divinissimum
2206 2228 2595 2286 eucharistiae
2655 2246 2984 2287 sacramen-

378 2325 576 2385 14873
667 2324 862 2385 14893
950 2327 1149 2385 1494:
1224 2319 1647 2395 Norimbergae
1704 2320 1852 2375 tum.
1889 2317 2310 2392 Norimbergae
2352 2327 2549 2385 14963
2583 2317 2677 2378 Tr.
2712 2317 2987 2375 adversm

379 2413 577 2474 14943
636 2413 801 2468 1496
856 2409 964 2464 etc.
1044 2407 1296 2483 Propter
1339 2427 1474 2467 eum
1526 2413 1643 2466 tam
1705 2424 1931 2464 errores
1992 2406 2067 2464 D.
2120 2407 2266 2465 Ant.
2317 2407 2530 2464 Roselli
2578 2406 2850 2464 Patavini
2912 2406 2985 2463 de

368 2496 638 2553 auctores
702 2513 879 2569 quam
942 2512 1090 2571 opus
1142 2496 1389 2556 fuerunt
1435 2498 1647 2555 acriter
1704 2495 1970 2569 plenaria
1988 2498 2282 2570 potestate
2303 2495 2600 2570 pontificis
2624 2490 2982 2573 (of.p.‘.›55')‚

369 2582 725 2658 impugnati,
761 2583 898 2642 hinc
929 2585 1152 2659 prodiit
1182 2586 1455 2646 Coloniae
1481 2597 1637 2649 1511
1707 2584 1968 2642 Venetiis
2007 2593 2203 2651 1499;
2251 2585 2493 2642 Sanctae
2524 2603 2666 2643 rom·
2700 2584 2985 2644 Ecclssssiae

369 2691 503 2732 cum
553 2672 852 2749 apologia3
915 2673 1005 2733 ed.
1059 2675 1426 2735 Francosurti
1483 2685 1643 2740 1582
1701 2674 1840 2746 fidei
1870 2674 2218 2749 defensionis
2247 2675 2474 2750 clypeus
2504 2673 2789 2733 adversus
2824 2672 2982 2731 Wal-

369 2762 635 2837 adjectus
667 2769 757 2820 est
786 2768 829 2819 t.
852 2772 924 2833 2.,
959 2782 1077 2839 quo
1098 2765 1481 2824 continentur
1509 2777 1554 2825 l.
1574 2767 1645 2823 Μ.
1706 2763 1978 2822 densium
1999 2766 2059 2822 et
2077 2763 2453 2822 Picardorum
2485 2764 2772 2822 haeresim
2792 2767 2985 2822 certas

368 2852 542 2912 Bern.
593 2851 866 2910 Basini
909 2853 1172 2912 canonici
1222 2873 1644 2931 caesaraugus·
1706 2852 2052 2911 Germaniae
2113 2852 2547 2927 Bohemiaeque
2597 2853 2871 2910 nationes
2921 2852 2984 2910 in

367 2940 495 2998 tani
544 2956 734 3015 opusc.
780 2942 849 2998 de
898 2943 1123 3001 artibus
1174 2946 1407 3021 mayicis
1438 2963 1543 3002 seu
1576 2944 1648 3001 de
1705 2941 1909 3000 odium
1941 2941 2084 3000 cleri
2115 2960 2181 3000 ac
2199 2942 2639 3000 enervationem
2670 2942 2984 3018 potestatis

369 3047 678 3105 magorum
707 3030 1041 3100 maleficiis;
1095 3041 1146 3093 2.
1182 3032 1304 3095 Ulr.
1351 3034 1647 3091 Molito·
1704 3031 2131 3089 ecclesiasticae
2145 3031 2989 3107 virulentacontagionespar·

369 3118 477 3176 ris
509 3118 581 3176 de
612 3119 956 3178 Constantia
986 3121 1357 3179 decretorum
1391 3122 1648 3181 doctoris
1706 3120 1817 3178 sim
1848 3119 2208 3178 inficientem
2256 3121 2316 3177 in
2364 3119 2613 3178 formam
2646 3138 2982 3178 sermonum

371 3206 505 3264 dial.
537 3208 606 3265 de
634 3208 951 3283 pythonicis
981 3211 1320 3269 mulieribus
1333 3231 1362 3283 ;
1416 3220 1469 3270 3.
1505 3211 1644 3270 Hie·
1703 3209 1997 3279 redactus,
2034 3208 2321 3268 Olomucii
2357 3227 2398 3266 s,
2433 3229 2482 3266 a.
2514 3212 2575 3267 et
2614 3220 2799 3278 1501,
2833 3227 2986 3283 opus

371 3313 497 3353 ron.
561 3296 806 3372 Mengi
868 3297 1312 3358 Vitelliauensis
1378 3300 1439 3358 Ο.
1505 3301 1645 3357 Min.
1707 3299 2085 3356 rarissimum
2118 3295 2217 3378 (m.
2248 3294 2413 3377 120).
2447 3298 2584 3356 Jam
2607 3302 2783 3356 antea
2802 3298 2984 3373 scrip-

371 3384 544 3442 Conv.
599 3379 662 3465 (†
722 3382 911 3467 161⁰)
968 3388 1260 3464 flaqellum
1305 3391 1644 3447 daemonum
1706 3385 2986 3462 serat10.Aug.1482epistolam(secundum

371 3473 495 3531 Sive
527 3474 864 3540 exorcismi:
922 3486 977 3537 4.
1011 3476 1104 3536 J0.
1149 3477 1221 3536 de
1273 3478 1648 3537 Gersonio
1704 3475 1861 3533 Hain
1907 3477 2046 3550 Rep.
2097 3475 2373 3551 bibliogr.
2420 3474 2495 3544 11,
2536 3487 2595 3536 1ν
2636 3495 2691 3533 n.
2735 3484 2902 3538 9235
2939 3493 2983 3535 a.

367 3563 437 3620 de
481 3563 819 3638 probatione
866 3567 1184 3640 spirituum
1195 3588 1221 3642 ,·
1285 3577 1338 3629 5.
1395 3568 1648 3626 Thomas
1704 3560 2080 3644 impressam)
2129 3566 2333 3622 contra
2363 3563 2655 3638 quendam
2690 3563 2984 3622 conciliis·

369 3651 716 3710 Murneri
769 3653 833 3712 Ο.
883 3655 1023 3713 Min.
1074 3657 1142 3714 de
1181 3658 1488 3732 pythonico
1518 3675 1646 3715 con-
1704 3657 1824 3712 tam
1859 3653 2109 3727 archiep.
2158 3671 2544 3730 graneensem
2591 3656 2651 3710 et
2700 3652 2986 3712 adversus

368 3748 596 3816 tractu;
646 3751 701 3800 6.
733 3743 850 3801 Fel.
885 3745 1237 3803 Malleoli
1276 3747 1320 3819 j.
1354 3765 1411 3804 u.
1445 3746 1645 3804 docto·
1705 3743 2046 3801 citationem
2080 3745 2142 3800 et
2173 3742 2446 3799 libellum
2477 3741 2771 3812 infamiae,
2807 3760 2984 3817 quem

368 3828 451 3888 ris
504 3828 600 3908 (cf.
651 3849 831 3906 supra
862 3852 917 3907 p.
953 3843 1030 3895 97
1043 3831 1106 3910 3)
1154 3837 1227 3891 tr.
1278 3836 1320 3892 1.
1365 3839 1428 3893 et
1470 3836 1543 3893 11.
1577 3835 1647 3892 de
1705 3836 1909 3891 contra
1942 3831 2175 3890 Sixtum
2207 3831 2303 3892 IV.
2337 3827 2599 3912 ediditss).
2636 3831 2827 3889 Vitam
2850 3850 2985 3906 pro-

367 3919 707 3978 exorcismis
754 3939 860 3979 seu
907 3921 1400 3997 adjurationibus,
1449 3927 1510 3981 et
1542 3924 1644 3985 111.
1704 3922 1949 3979 duxisse
2010 3920 2249 3978 videtur
2309 3920 2379 3978 H.
2445 3920 2745 3978 Institoris
2810 3920 2883 3978 ad
2935 3939 2983 3977 a.

367 4007 439 4067 de
470 4008 823 4068 credulitate
853 4010 1238 4070 daemonibus
1284 4012 1646 4081 adhibenda;
1714 4021 1897 4073 15⁰0.

375 4104 427 4158 Τ.
447 4098 651 4156 Barth.
682 4098 756 4157 de
790 4099 1028 4173 Spina
1061 4101 1124 4158 Ο.
1145 4102 1236 4158 Pr.
1259 4121 1313 4176 q.
1346 4104 1417 4159 de
1445 4104 1643 4178 striyi·
2945 4173 2949 4178 ,

370 4186 493 4260 bus,
513 4189 694 4260 atque
713 4187 777 4247 in
798 4188 836 4246 J
840 4207 888 4247 o.
911 4190 1322 4249 Ponziuibium
1358 4193 1427 4248 de
1456 4194 1650 4250 lamiis
1787 4202 1821 4268 ¹)
1851 4196 2017 4251 Alius
2043 4214 2077 4250 a.
2115 4199 2147 4250 J
2165 4215 2196 4250 o
2213 4214 2247 4250 a
2264 4190 2402 4251 nn’e
2444 4199 2521 4250 In
2539 4215 2564 4250 s
2581 4197 2637 4251 ti
2655 4199 2727 4250 to
2744 4214 2771 4249 r
2798 4197 2986 4260 (Kras-

368 4274 641 4351 apologia
670 4277 1056 4353 quadruplex.
1121 4278 1370 4337 Nonnisi
1419 4300 1523 4355 per
1554 4299 1647 4338 ca·
1710 4274 1848 4340 mer)
1901 4267 1963 4322 0·
1999 4267 2203 4334 Carth„
2256 4270 2325 4323 ‘10
2378 4285 2492 4337 <1¹1⁰
2542 4285 2716 4338 supra
2765 4269 2986 4338 egimus

370 4363 660 4422 lumniam
680 4364 1104 4426 adscribuntur
1123 4367 1262 4426 huic
1282 4370 1446 4443 operi
1467 4370 1646 4470 rigor,
1705 4345 1941 4470 &QZ-3
1965 4341 2048 4465 ἐξ
2066 4339 2835 4474 ῃῖῖῇζᾏὴὲἓξξίοῇῗὲῗέἓγῑζ
2865 4340 2986 4466 gg}

371 4453 489 4511 imo
520 4452 688 4512 furor
718 4457 778 4512 et
810 4474 1080 4516 excessus
1113 4461 1316 4516 contra
1336 4476 1521 4534 sagae,
1544 4477 1646 4533 qui
1707 4483 1885 4537 nonik
1914 4483 2049 4552 ang,
2077 4483 2130 4536 (1,
2160 4483 2348 4553 Biogr,
2375 4483 2477 4538 XV
2482 4484 2549 4546 11,
2577 4487 2647 4539 —29
2676 4500 2716 4535 s.

360 4543 490 4617 jam
521 4545 697 4601 antea
717 4544 1075 4604 horrendum
1101 4546 1163 4604 in
1184 4547 1422 4605 modum
1447 4548 1648 4623 vigue-
1777 4559 1820 4622 ²)
1850 4555 1931 4608 Cf.
1959 4554 2028 4607 de
2055 4555 2343 4609 occasione
2369 4555 2545 4624 hujus
2571 4554 2986 4608 controversiae

369 4634 507 4690 rant
527 4649 722 4690 coram
741 4634 1145 4693 tribunalibus
1161 4635 1435 4711 politic-ie,
1463 4637 1648 4712 scrip·
1707 4625 1907 4690 Quetif
1928 4625 1969 4688 1,
1995 4629 2117 4682 896-

366 4725 498 4780 tum
531 4722 689 4780 enim
721 4725 926 4799 potius
971 4728 1062 4783 est
1091 4723 1166 4782 ad
1211 4723 1345 4783 illos
1378 4742 1648 4783 excessus
1706 4695 2987 4838 rope?{ifoggffiazdlirgffszgo‘ssfflzffessfgsdeffiss

368 4811 776 4871 moderandos·
810 4846 898 4856 ““·
930 4813 986 4871 Η
1005 4832 1036 4872 0
1058 4833 1098 4871 Π
1120 4813 1188 4871 Ti
1213 4832 1243 4872 ⁰
1261 4832 1303 4871 u
1323 4830 1350 4872 3
1398 4811 1427 4868 Ῑ
1448 4833 1486 4871 ¹²
1509 4832 1536 4871 ⁸
1557 4816 1584 4871 t
1602 4814 1649 4871 i·
1707 4840 1769 4895 O.
1785 4839 2454 4908 Praed.archiepiscopus
2464 4837 2717 4893 titularis
2732 4837 2987 4890 Graneae

372 4901 528 4958 tori
549 4918 576 4958 s
625 4898 991 4982 (Kraemers)
1027 4903 1371 4966 Germanus,
1406 4923 1448 4964 s,
1480 4903 1646 4962 theo·
1711 4927 1888 4980 prope
1918 4909 2257 4976 Salonicam‚
2286 4910 2376 4964 vir
2402 4910 2705 4964 vehemens
2732 4910 2790 4960 et
2813 4907 2987 4960 ambi-
