3475 5364
178 394 205 443 5
216 394 245 443 4
255 394 283 443 5
840 376 871 428 J
878 392 1089 430 oannes
1118 375 1368 439 BaceniS,
1399 375 1586 430 Guido
1614 376 1683 429 de
1713 377 2078 447 Perpiniano.
2644 393 2766 447 546

175 562 573 636 compendium
599 562 976 620 historiarum
992 562 1289 636 etjurium
1318 581 1431 636 pro
1490 564 1730 633 familia,
1768 561 2247 621 parisiensis
2283 581 2316 618 a
2347 561 2685 619 studiorum
2717 567 2777 621 et

174 651 474 723 defen-*ione
537 653 761 709 ordinis
820 652 867 709 b.
931 652 1165 709 Mariae
1238 649 1301 709 V.
1362 652 1434 709 'de
1489 653 1819 730 magisterii
1880 653 2025 720 loco,
2090 650 2439 725 simpliciter
2493 650 2694 708 Carm
2715 671 2774 709 e·

177 748 340 796 monte
370 740 655 809 carmelo,
691 741 752 797 in
784 741 1021 815 speculo
1055 740 1175 797 ord.
1212 758 1433 798 carme-
1490 742 1640 800 lita
1690 763 1724 799 a
1773 741 2137 817 professione
2187 739 2401 808 dictus,
2456 739 2599 812 ,qui
2649 759 2774 798 om-

174 829 627 893 litani.Venetiis
653 838 846 899 15o7;
882 830 1237 904 Antverpiae
1268 840 1430 891 1680
1487 831 1655 889 nium
1672 828 1719 910 ¹)
1754 830 2277 889 studialiterarum
2310 828 2562 902 adeptus
2597 833 2776 904 atque

175 922 209 973 t.
237 919 274 975 1.
335 918 523 985 Quam
557 919 811 993 plurima
841 922 984 977 sunt
1014 918 1259 986 inedita,
1295 938 1432 976 nam
1490 925 1830 978 sanctorum
1862 920 2128 977 imitator
2157 919 2350 976 factus
2371 919 2573 993 plures
2593 919 2774 976 libros

176 1007 336 1075 ,feeit
365 1009 623 1082 optimas
645 1008 915 1083 postillae
947 1026 1123 1083 super
1154 1007 1433 1081 epistolas
1491 1008 1565 1068 ad
1595 1009 1734 1067 fidei
1763 1009 2120 1067 christianae
2153 1006 2557 1064 defensionem
2590 1008 2774 1083 inspi-

179 1097 326 1153 Pauli
373 1102 431 1153 et
483 1116 662 1172 super
708 1097 1047 1174 Evangelia,
1095 1096 1435 1171 specialiter
1488 1103 1664 1157 rante
1701 1098 1948 1157 Domino
1968 1092 2338 1171 conscripsit,
2363 1115 2498 1153 nam
2519 1102 2776 1170 quatuor

176 1203 332 1259 super
380 1187 825 1251 Matthaeum;‘
891 1190 964 1244 tr.
1028 1185 1179 1243 varii
1230 1189 1435 1244 contra
1490 1187 1905 1262 evangelista8‚
1941 1186 2045 1261 qni
2077 1184 2395 1260 aliquando
2442 1184 2774 1261 discrepare

176 1273 424 1337 Judaeos,
461 1275 883 1333 commentaria
923 1276 985 1332 in
1021 1274 1431 1351 Augustinum
1493 1277 1789 1346 videntur,
1857 1276 2114 1334 multum
2178 1275 2411 1350 egregie
2473 1274 2536 1331 in
2587 1293 2772 1333 unum

176 1362 235 1419 de
262 1362 548 1422 Trinitate
579 1369 639 1422 et
672 1364 742 1420 de
777 1364 1015 1423 civitate
1049 1364 1182 1432 Dei3
1217 1364 1281 1421 in
1315 1366 1434 1421 An·
1490 1366 1742 1429 collexit.
1780 1365 1910 1423 ideo
1942 1363 2289 1422 intitulatur
2316 1364 2578 1434 Quatuor
2596 1383 2775 1421 unum

179 1452 403 1510 selmum
449 1453 523 1511 de
567 1454 970 1512 incarnatione
1016 1458 1076 1511 et
1123 1453 1238 1511 Cur
1275 1453 1433 1510 Deus
1492 1452 1572 1538 (h.
1606 1475 1652 1514 e.
1687 1455 1997 1513 concordia
2028 1451 2368 1528 evangelica
2410 1451 2473 1509 in
2509 1466 2544 1513 4
2594 1472 2772 1512 evan-

180 1541 343 1609 homo,
393 1542 456 1600 in
509 1544 789 1617 pleraque
836 1542 1177 1601 Aristotelis
1228 1561 1431 1617 opera3
1489 1545 1761 1621 gelistas,
1800 1544 2073 1603 Coloniae
2127 1551 2286 1604 1631
2329 1561 2402 1598 m.
2439 1551 2553 1609 303
2607 1552 2769 1606 1655

181 1629 239 1686 de
275 1630 577 1689 beatorum
622 1632 853 1689 visione
901 1634 1104 1690 contra
1143 1630 1430 1688 Joannem
1491 1654 1626 1693 cum
1658 1635 1917 1702 Summa,
1969 1632 2041 1689 de
2091 1650 2212 1706 qua
2258 1625 2433 1704 mox),
2480 1631 2634 1689 liber
2682 1632 2776 1690 est

181 1718 363 1789 xxm
425 1719 498 1778 de
558 1720 938 1795 conceptione
986 1720 1207 1778 Mariae
1257 1720 1319 1777 11.
1377 1732 1432 1783 4.
1492 1723 1693 1799 magni
1726 1722 1946 1780 valoris
1979 1724 2040 1779 et
2070 1720 2456 1778 necessitatis.
2498 1719 2775 1779 Continet

181 1827 333 1880 quam
365 1809 801 1868 immaculatam
830 1809 1013 1867 fuisse
1031 1812 1258 1877 tuetur,
1281 1809 1435 1866 sicut
1490 1813 1651 1870 enim
1671 1811 1822 1869 bene
1846 1821 1925 1876 24
1947 1812 2250 1868 sexternos
2280 1818 2358 1870 60
2396 1814 2772 1883 punctorum.

182 1896 335 1953 ctiam
379 1898 439 1954 in
475 1899 702 1974 prolixo
734 1898 1110 1973 quodlibeto;
1151 1897 1438 1956 disseruit
1492 1902 1643 1959 Item
1705 1900 1894 1958 edidit
1957 1919 2147 1957 unum
2209 1898 2775 1957 Commentatorium

183 1983 240 2042 de
267 1987 435 2045 variis
486 1988 831 2064 theologiae,
876 1988 1032 2062 juris
1077 1987 1345 2045 canonici
1376 1992 1436 2045 et
1494 1985 2000 2072 (correctorium)·
2028 2006 2205 2062 super
2239 1987 2537 2045 decretum
2571 1988 2774 2064 magni

187 2075 558 2151 philosophiae
595 2078 962 2153 argumentis
984 2081 1092 2135 etc.
1125 2075 1194 2134 In
1222 2094 1434 2151 quaes·
1492 2078 1709 2138 valoris
1728 2082 1790 2137 et
1805 2077 2188 2137 excellentiae
2206 2070 2545 2157 (ineditum,
2577 2078 2774 2152 inquo

183 2162 417 2222 tionibus
479 2166 893 2240 philosophicis
965 2171 1026 2225 et
1085 2165 1433 2241 theologicis
1493 2169 1615 2226 scil.
1651 2168 2038 2227 auctoritates
2057 2166 2128 2223 N.
2150 2168 2212 2223 et
2229 2164 2296 2222 V.
2315 2164 2376 2221 T.
2398 2183 2464 2222 ac
2485 2164 2600 2235 SS„
2623 2184 2772 2240 quas

188 2251 433 2311 dissentit
467 2275 500 2313 a
531 2274 573 2313 s.
613 2252 884 2335 rhoma2)
933 2255 1239 2331 magisque
1274 2272 1433 2312 acce·
1492 2258 1812 2315 Gratianus
1842 2257 1906 2314 in
1939 2274 2048 2314 suo
2082 2254 2316 2312 decreto
2364 2253 2596 2330 allegat,
2650 2256 2774 2313 suis

188 2340 262 2397 dit
303 2343 371 2399 ad
418 2344 699 2404 Scotistas
764 2349 824 2401 et
873 2344 1317 2411 NominalistaS,
1369 2361 1436 2400 ac
1491 2347 1635 2404 locis
1685 2346 1963 2404 inscribit
2011 2347 2073 2402 et
2131 2342 2291 2401 unde
2347 2347 2586 2418 accepta
2634 2344 2771 2411 sint,

191 2429 1437 2508 singularumopinionumestpatronus.Sua
1490 2435 1745 2494 fideliter
1804 2430 2090 2513 denotat).
2169 2434 2323 2490 Item
2382 2431 2526 2490 fecit
2585 2452 2774 2490 unum

189 2516 424 2579 doctrina
443 2525 503 2579 et
522 2522 880 2581 auctoritate
912 2541 1129 2580 novam
1159 2522 1434 2579 fundavit
1491 2529 1663 2583 tract.
1697 2527 1903 2583 contra
1934 2523 2260 2581 haereticos
2311 2540 2574 2580 summae
2606 2522 2773 2579 utili-

194 2607 416 2667 scholam
437 2615 497 2669 et
527 2611 898 2669 comitiorum
931 2610 1300 2688 generalium
1333 2610 1433 2668 de·
1488 2615 1629 2671 tatis
1693 2613 1829 2671 fidei
1893 2612 2265 2678 christianae,
2340 2611 2446 2667 ubi
2509 2611 2776 2669 nominat.

193 2701 326 2754 creto
354 2700 577 2759 sodales
593 2701 934 2777 obligantur
952 2703 1081 2777 ejus
1103 2701 1433 2759 doctrinam
1491 2699 1768 2784 (subinde
1830 2722 1952 2760 non
2002 2702 2149 2760 satis
2212 2697 2506 2779 accurate)
2572 2720 2775 2759 omnes

194 2789 362 2845 tenere
390 2793 448 2847 et
480 2791 706 2860 sectari,
741 2809 877 2848 nam
898 2791 986 2848 ita
1006 2790 1434 2866 praescribitur
1492 2799 1676 2851 sectas
1710 2792 2146 2850 haereticorum
2179 2810 2213 2847 a
2244 2790 2533 2864 principio
2565 2791 2775 2848 mundi

198 2874 246 2930 in
271 2879 512 2952 capitulo
561 2899 690 2953 gen.
725 2879 937 2938 Romae
982 2890 1176 2942 1704:
1243 2878 1431 2946 ,Dili-
1490 2900 1681 2956 usque
1713 2880 1785 2938 ad
1805 2883 2045 2955 tempus
2077 2897 2354 2955 praesens
2388 2881 2449 2936 et
2482 2879 2779 2953 improbat

194 2965 369 3036 genter
396 2968 673 3026 studeant
706 2968 974 3027 doctores
994 2969 1188 3027 nostri
1206 2967 1432 3026 ordinis
1492 2970 1832 3045 (aliquoties
1876 2988 2085 3044 parum
2132 2963 2426 3044 feliciter),
2478 2967 2582 3042 qui
2614 2968 2650 3024 l.
2683 2968 2775 3025 in·

195 3054 671 3116 determinationes
719 3057 1032 3126 sustinere,
1084 3057 1250 3132 sequi
1299 3075 1432 3114 sen·
1488 3060 1776 3118 titulatur
1818 3058 1854 3114 l.
1901 3059 1970 3116 de
2018 3057 2347 3115 haeresibus
2395 3053 2660 3137 (Summa
2704 3057 2775 3115 de

194 3143 376 3202 tentias
407 3151 462 3204 et
500 3147 774 3222 allegare,
809 3144 1157 3223 praesertim
1190 3145 1281 3204 .ἶο.
1304 3147 1431 3203 Ba·
1490 3148 1835 3206 haeresibus
1886 3150 1945 3205 et
1997 3166 2199 3205 earum
2245 3145 2773 3214 confutationibuS,

198 3231 364 3290 conii
405 3235 651 3294 doctoris
684 3235 930 3294 resoluti
964 3230 1429 3313 nuncupati2):‘
1489 3238 1732 3295 Parisiis
1791 3245 1992 3305 15283
2040 3235 2313 3294 Coloniae
2350 3244 2551 3304 16313
2606 3245 2771 3298 1655

200 3318 281 3375 sed
306 3321 446 3382 haud
477 3324 693 3382 efficaci
727 3343 1036 3383 successu:
1100 3323 1433 3398 praevaluit
1490 3328 1554 3384 in
1587 3323 1672 3407 f.).
1737 3326 1888 3382 Item
1920 3325 2062 3382 fecit
2110 3325 2295 3382 alium
2338 3323 2773 3399 perpulcherri-

201 3408 396 3470 enimin
410 3413 854 3472 Carmelitarum
881 3413 1095 3472 scholis
1113 3413 1433 3471 3.Thomae
1491 3435 1651 3473 mum
1685 3418 1779 3480 tr„
1829 3414 1934 3488 qui
1981 3413 2334 3471 intitulatur
2366 3413 2402 3468 l.
2452 3411 2522 3469 de
2557 3413 2771 3486 perfec-

200 3494 434 3560 doctrino„
470 3503 692 3560 Nactus
726 3506 815 3560 est
836 3504 1064 3577 aliquot
1083 3502 1429 3577 discipulos.
1488 3505 1653 3562 tione
1716 3504 1872 3561 vitae
1952 3499 2271 3583 (ineditum
2351 3500 2424 3559 ad
2487 3500 2773 3559 Joannem

204 3585 283 3655 qui
308 3590 417 3663 ejus
448 3592 775 3650 doctrinam
826 3592 1132 3650 illustrare
1182 3596 1241 3649 et
1273 3609 1427 3648 com·
1490 3590 1714 3672 xxa),
1779 3592 1886 3650 ubi
1945 3594 2164 3650 tractat
2224 3610 2299 3648 an
2346 3589 2616 3647 Christus
2668 3587 2772 3668 (et)

204 3676 431 3738 mandare
451 3682 567 3739 nisi
588 3684 751 3750 sunt,
782 3681 869 3739 ita
886 3680 1206 3756 Dionysius
1228 3680 1433 3738 Blasco
1488 3681 1743 3755 apostoli
1777 3680 2094 3739 habuerint
2125 3679 2448 3755 proprium,
2497 3683 2557 3735 et
2588 3678 2670 3735 sic
2703 3678 2774 3736 de

209 3759 570 3839 (cLNomencl.
591 3769 704 3839 11²,
732 3764 817 3850 5).
852 3770 1121 3828 Elisaeus
1153 3790 1186 3826 a
1208 3769 1431 3837 (larcia,
1494 3771 1627 3829 aliis
1648 3770 1917 3828 consiliis
1937 3768 2316 3846 evangelicis,
2348 3775 2407 3826 et
2427 3786 2501 3825 an
2523 3768 2773 3842 praelati

210 3851 327 3910 etin
353 3860 542 3930 primis
572 3859 696 3917 Jos.
721 3858 996 3936 Zagaglia
1031 3855 1131 3938 (ib.
1165 3877 1219 3933 p.
1259 3853 1432 3937 654),
1490 3860 1723 3935 possint
1749 3859 1998 3934 'aliquid
2065 3857 2277 3916 habere
2339 3857 2400 3915 in
2453 3858 2771 3921 communi,

209 3937 309 3998 Did.
334 3945 394 4004 de
422 3949 660 4007 Castilla
694 3945 799 4028 (ib.
834 3968 887 4023 p.
925 3942 1076 4027 976)
1111 3951 1219 4005 etc.
1492 3950 1594 4023 qui
1621 3950 1656 4007 1.
1681 3952 1773 4007 cst
1791 3948 1960 4006 valde
1983 3948 2169 4005 utilis.
2207 3947 2357 4004 Item
2390 3946 2533 4004 fecit
2552 3946 2774 4020 scripta

307 4087 311 4092 .
1491 4039 1719 4096 diversa
1752 4056 1928 4112 super
1961 4036 2308 4104 sententiae,
2343 4039 2405 4094 et
2435 4035 2629 4092 multa
2660 4036 2775 4092 alia

280 4127 396 4183 2³31.
441 4127 614 4184 Aliud
680 4126 918 4184 illustre
980 4126 1159 4200 hujus
1211 4124 1436 4183 ordinis
1495 4146 1645 4201 quae
1678 4126 1887 4184 omitto
1908 4125 2219 4183 brevitatis
2250 4143 2442 4183 causa.
2484 4125 2773 4182 Hicenim

218 4201 351 4267 decus
379 4214 485 4272 fuit
513 4216 758 4274 Guido
792 4214 865 4273 de
899 4214 1371 4289 Perpiniano
1403 4235 1436 4271 a
1495 4235 1603 4274 suo
1655 4219 1920 4291 tempore
1970 4214 2395 4274 famosissimus
2449 4207 2566 4271 fuit
2597 4232 2776 4288 super

218 4289 308 4352 ¹000
331 4304 652 4374 nativitatis,
688 4305 868 4361 Terr
890 4322 1027 4361 ena
1078 4299 1368 4384 (Terreni)
1404 4323 1436 4360 a
1495 4324 1697 4363 omnes
1730 4304 2043 4379 magistros
2065 4304 2434 4378 parisienseS,
2457 4303 2573 4359 imo
2597 4321 2776 4377 super

1492 4412 1713 4456 omnes,
1736 4393 1842 4467 qui
1858 4396 2005 4450 tunc
2032 4394 2094 4450 in
2116 4394 2270 4450 clero
2305 4392 2584 4450 universo
2603 4392 2770 4448 flore-

246 4505 301 4574 ⁸¹)
322 4504 723 4563 Dissensionum
752 4510 946 4577 capita
971 4513 1223 4562 recenset
1251 4511 1436 4577 Aquae
1493 4484 1652 4540 bant.
1716 4482 1828 4540 Hic
1860 4481 2014 4539 enim
2048 4482 2109 4539 in
2141 4482 2398 4557 priorem
2443 4480 2772 4557 generalem

226 4583 307 4623 ΗΠΒ
339 4577 387 4632 in
425 4582 504 4636 ed.
533 4599 625 4651 op.
673 4579 957 4650 Capreoli,
990 4580 1238 4634 Venetiis
1279 4583 1436 4636 1588.

229 4638 289 4704 [V.
325 4653 556 4716 142—53,
603 4669 850 4720 quorum
891 4658 1170 4706 summam
1209 4651 1439 4705 exhibet

228 4707 400 4775 Werner
436 4724 529 4778 der
565 4725 620 4777 h.
661 4723 909 4777 Thomas
936 4740 991 4780 v.
1018 4725 1083 4775 A.
1113 4723 1207 4786 Ill,
1235 4727 1341 4778 :245
1366 4739 1436 4775 88.
1574 4728 1608 4779 Ι)
1642 4723 1725 4775 lta
1751 4723 1810 4773 in
1838 4720 2004 4773 catal.
2033 4737 2206 4790 supra
2233 4720 2324 4773 cit.
2368 4720 2449 4773 Cf.
2481 4720 2772 4773 Villiers

279 4789 306 4865 ἦ)
327 4791 390 4844 Cf.
428 4795 659 4864 Engelb.
696 4812 729 4845 a
772 4813 812 4848 s,
843 4794 1135 4848 Francisca
1183 4793 1242 4846 in
1275 4793 1439 4846 Brevi
1496 4796 1532 4855 Ι,
1561 4796 1836 4850 581-88;
1878 4791 2156 4846 Sta-uonik
2184 4792 2229 4843 Κ
2242 4792 2292 4845 L.
2326 4791 2416 4857 V',
2447 4797 2613 4849 13:38:
2651 4791 2773 4845 Nic.

229 4867 323 4911 5‘2'1'10
343 4865 577 4920 omnium
604 4866 780 4935 capit.
807 4882 935 4935 gen.
963 4866 1024 4920 in
1045 4866 1178 4919 Ord.
1210 4867 1257 4918 b.
1278 4864 1349 4918 M.
1370 4865 1435 4916 V.
1492 4864 1777 4922 Antonius
1809 4864 1943 4916 bibl.
1971 4863 2118 4931 hisp.
2147 4866 2258 4915 vet.
2277 4862 2425 4918 hoc.
2443 4868 2474 4917 Ξ)
2493 4881 2546 4913 n.
2564 4867 2667 4918 252
2686 4880 2772 4918 ss.:

229 4921 275 4977 ‘1ss
294 4928 446 4990 Monte
472 4939 674 5001 Canu„
702 4937 913 4990 Romae
940 4940 1077 4995 1765
1106 4955 1157 5006 p.
1188 4941 1273 4992 91.
1497 4934 1822 5004 Raynaldus
1852 4935 2058 4986 Annal.
2084 4934 2156 4986 ad
2185 4951 2234 4987 a.
2265 4937 2399 4988 1332
2428 4952 2481 4986 n.
2509 4938 2594 4988 28.

384 5035 565 5093 Hortor,
607 5035 955 5081 Nomenclator
993 5035 1037 5081 11
1075 5035 1134 5080 ed
1174 5035 1222 5081 3.
2386 5025 2454 5076 18
