3475 5364
340 366 506 421 1049
858 348 1110 402 Historia
1137 348 1423 404 ordinum.
1449 348 1912 419 Schnakenburg‚
1940 348 2190 404 Joannes
2217 348 2423 407 Busch.
2784 369 2949 422 1050

423 544 569 598 502.
603 534 860 593 Plurimi
905 536 974 593 de
1004 537 1486 594 monasteriorum
1517 553 1612 594 or·
1670 535 2073 606 deshemense,
2159 535 2258 595 sed
2312 536 2438 612 jam
2506 545 2672 599 1459
2723 537 2951 596 electus

334 624 651 700 diuumque
667 625 914 683 historia
928 619 974 704 ¹)
992 624 1157 683 fuere
1187 623 1442 684 solliciti.
1478 625 1613 682 An·
1670 627 1764 682 est
1821 624 1987 700 prior
2046 627 2373 684 conventus
2421 625 2704 684 sultensis
2763 644 2955 702 prope

333 716 361 771 t
375 732 408 771 o
424 730 466 771 n
481 713 506 770 i
523 733 563 771 u
580 731 608 771 s
658 713 694 771 S
711 732 741 772 c
758 713 797 771 h
814 733 852 772 n
869 733 904 771 a
920 731 950 772 c
963 713 1004 771 k
1019 732 1103 772 en
1119 713 1157 769 b
1173 732 1215 771 u
1230 733 1260 771 r
1274 732 1314 789 g
1346 712 1502 771 OSB.
1550 713 1616 771 in
1670 713 2055 773 Hildesheim.
2117 714 2381 773 Decessit
2439 714 2666 773 meritis
2715 714 2942 790 plenus,

331 802 695 861 monasterio
784 802 1129 878 corbejensi‚

1235 802 1633 877 Westphalus.
1670 803 1894 879 optime
1926 803 2177 862 meritus
2209 802 2282 862 de
2315 804 2644 862 innumeris
2692 822 2947 863 conven-

333 889 394 972 (†
411 902 436 954 1
454 901 531 954 47
543 886 627 974 6),
650 892 724 949 ab
748 911 798 951 a.
818 902 888 955 81
907 902 1027 954 5—
1046 901 1161 953 147
1177 902 1202 954 1
1240 894 1379 967 post
1395 890 1615 966 primos
1668 892 1848 961 tibus,
1883 891 1976 952 vir
2004 911 2142 953 vere
2164 892 2524 967 apostolicus
2557 910 2602 950 c.
2634 902 2816 955 1480.
2849 892 2944 951 In·-

333 984 607 1039 auctores
667 980 1062 1056 interpolavit
1120 983 1183 1039 et
1243 979 1616 1039 continuavit
1669 980 1932 1040 defessos
1948 1000 2085 1040 suos
2104 981 2350 1052 labores,
2382 982 2617 1052 itinera,
2640 999 2949 1041 successus

337 1071 579 1129 annales
612 1070 972 1146 corbejen-ses,
1010 1088 1159 1146 quos
1192 1070 1464 1146 vulgavit
1482 1069 1613 1133 chr.

336 1159 539 1221 Franc.
573 1159 811 1218 Paulini
840 1159 904 1217 in
934 1177 1132 1218 rerum
1154 1160 1214 1218 et
1234 1158 1414 1234 antiq.
1431 1177 1611 1235 germ.

335 1251 710 1325 syntagmate
755 1247 1126 1307 Francosurti
1155 1256 1330 1311 1698
1365 1268 1420 1324 p.
1458 1256 1612 1310 369·

337 1346 495 1408 420;
529 1337 866 1396 Leibnitius
900 1337 964 1395 in
997 1336 1093 1394 SS.
1125 1356 1235 1395 rer.
1268 1336 1512 1395 brunsv.
1535 1335 1611 1407 11,

336 1434 592 1490 296-3
613 1436 701 1487 19.
733 1425 990 1484 Transiit
1020 1445 1068 1483 a.
1111 1436 1268 1488 1471
1327 1426 1402 1483 ob
1434 1425 1612 1484 disci·-

1669 1073 1731 1128 et
1761 1069 2145 1130 difficultates
2183 1070 2455 1146 ingentes
2487 1070 2736 1129 candide
2773 1090 2941 1130 enar·

1670 1162 1765 1217 rat
1793 1159 1857 1217 in
1891 1179 1982 1234 op.
2015 1161 2084 1218 de
2114 1161 2521 1233 reformatione
2570 1163 2946 1219 monasterio·

1667 1267 1802 1307 rum
1817 1249 2182 1325 quorundam
2200 1250 2508 1320 Summae,
2540 1268 2691 1324 opus
2719 1249 2945 1325 pretio-

1669 1337 1973 1396 sissimum
2016 1356 2124 1413 pro
2170 1338 2505 1415 cognitione
2551 1340 2744 1396 status
2790 1337 2950 1396 vitae

1669 1426 1983 1503 religiosae
2016 1427 2179 1486 illius
2210 1426 2512 1503 temporie,
2563 1426 2723 1502 quod
2755 1426 2947 1485 edidit

333 1515 558 1590 plinam
590 1515 864 1590 Corbejae
909 1515 1108 1573 minus
1137 1515 1287 1573 bene
1320 1517 1611 1573 servatam
1659 1516 1838 1590 juxta
1867 1515 2029 1574 codd.
2049 1516 2246 1575 minus
2265 1516 2453 1575 bonos
2468 1535 2662 1592 neque
2679 1516 2947 1592 integros

333 1604 405 1664 ad.
439 1603 838 1663 illustrissimi
883 1604 1141 1663 nominis
1187 1604 1613 1662 monasterium
1666 1605 2000 1664 Leibnitius
2034 1606 2242 1680 Script.
2274 1625 2386 1664 rer.
2419 1605 2663 1663 brunsv.
2684 1604 2760 1674 11,
2786 1615 2946 1667 476-

333 1693 749 1752 hersfeldense.
799 1693 1000 1751 Fidem
1047 1696 1108 1752 et
1151 1692 1506 1752 industriam
1549 1693 1612 1750 in
1673 1703 1830 1764 5063
1869 1702 2388 1758 806—25-970
2413 1713 2549 1753 cum
2568 1694 2957 1769 supplemen÷

335 1782 664 1841 scribendis
691 1782 1005 1841 annalibus
1050 1781 1271 1841 eruditi
1318 1799 1610 1841 commen—

335 1872 497 1930 dant.
530 1904 616 1916 -
649 1872 992 1930 Joannes
1037 1872 1284 1930 Busch
1329 1889 1456 1930 can.
1489 1890 1610 1947 reg.

334 1979 378 2019 e.
411 1963 565 2037 Aug.
597 1961 928 2019 zwollensis
978 1979 1034 2021 n.
1068 1978 1115 2018 c.
1159 1970 1607 2030 1399—'1400,

332 2068 583 2127 magnus
616 2052 746 2108 erat
777 2067 882 2124 per
914 2049 1242 2119 Saxoniam,
1289 2049 1609 2120 Missniam,

330 2139 732 2216 Thuringiam‚
765 2138 1188 2213 Westphaliam
1231 2139 1404 2197 annis
1435 2138 1607 2213 quin·

332 2228 618 2304 quaginta
658 2228 816 2286 vitae
859 2226 1191 2302 spiritualis
1235 2227 1522 2304 magister
1551 2230 1612 2286 et

333 2317 490 2376 vitae
508 2316 821 2392 religiosae
842 2320 1219 2375 restaurator.
1251 2316 1610 2375 Adolescens

331 2405 430 2464 vix
461 2408 640 2464 natus
690 2425 740 2464 a.
785 2404 1204 2481 septemdecim
1252 2404 1476 2463 mundo
1507 2425 1609 2464 va-

334 2494 545 2553 ledixit
567 2497 748 2569 atque
765 2494 829 2552 in
855 2495 1101 2554 canonia
1121 2494 1612 2553 windeshemensi

335 2584 454 2643 Deo
486 2602 548 2642 se
580 2583 801 2643 dicavit
821 2578 1067 2666 (1419).
1102 2583 1352 2642 Strenue
1372 2602 1606 2659 promo·

333 2672 420 2732 vit
448 2672 930 2734 reformationem
978 2674 1137 2733 vitae
1167 2672 1483 2750 religiosae.
1509 2693 1607 2731 va—

331 2763 436 2822 riis
469 2763 534 2822 in
565 2763 952 2822 conventibus
972 2762 1321 2821 muneribus
1353 2762 1609 2839 fungens

330 2852 501 2911 modo
545 2852 892 2927 subprioris,
946 2851 1119 2910 medo
1170 2851 1403 2927 prioriS,
1438 2852 1609 2911 modo

329 2941 667 3016 praepositi.
722 2941 794 2999 In
826 2941 1074 2999 canonia
1102 2942 1155 2999 N
1160 2940 1399 2999 euwerk
1429 2959 1610 3016 prope

329 3029 559 3100 Halam,
604 3029 1117 3089 archidiaconatus
1164 3029 1453 3106 dignitate
1492 3030 1612 3088 fuit

329 3124 561 3190 auctus,
608 3120 768 3178 unde
813 3122 875 3177 et
921 3119 1081 3177 inter
1110 3118 1312 3178 fideles
1342 3138 1606 3194 quaqua-

330 3226 540 3267 versus
571 3208 759 3267 vitam
791 3226 926 3267 vere
958 3207 1340 3266 christianam
1358 3207 1607 3267 induxit.

1667 1782 1748 1841 tis
1780 1787 1842 1841 et
1871 1783 2414 1853 emendationibu83
2466 1783 2787 1841 Chronicon
2818 1803 2944 1842 can.

1669 1891 1782 1950 rey.
1820 1872 1884 1930 O.
1925 1873 1986 1932 S.
2008 1875 2161 1950 Any.
2193 1872 2440 1947 capituli
2470 1872 2940 1930 windeshemen·

1667 1961 1748 2019 sis
1809 1979 1943 2021 cum
2006 1962 2277 2021 chronico
2325 1962 2546 2021 montis
2596 1979 2640 2019 s.
2691 1962 2946 2037 Agnetis

1669 2053 1908 2110 auctore
1983 2051 2085 2109 Th„
2164 2071 2199 2110 a
2256 2051 2516 2127 Kempis‚
2587 2050 2949 2126 Antverpiae

1673 2148 1832 2203 1621
1905 2140 1969 2198 in
2033 2148 2067 2201 8
2146 2140 2234 2198 ed.
2299 2140 2488 2202 Herio.
2551 2139 2943 2215 Rosweyd,

1666 2231 1992 2304 utrumque
2007 2229 2229 2288 editum
2247 2231 2514 2288 accurate
2528 2248 2562 2287 a
2577 2228 2697 2286 Car.
2712 2229 2758 2286 G
2770 2247 2851 2286 ru
2864 2229 2899 2285 b
2911 2246 2949 2286 e

1667 2318 1839 2376 Halle
1877 2326 2043 2381 1886
2092 2338 2225 2377 cum
2270 2318 2445 2377 docta
2488 2316 2942 2376 introductione.

1667 2406 1907 2466 Constat
1935 2406 2250 2466 chronicon
2265 2408 2325 2464 ll.
2347 2416 2401 2475 2,
2431 2425 2685 2481 quorum
2714 2405 2951 2482 primus

1666 2495 1795 2571 agit
1825 2496 1898 2555 de
1927 2496 2073 2557 viris
2102 2496 2442 2555 illustribus
2471 2512 2573 2554 seu
2595 2495 2665 2552 de
2685 2496 2947 2554 auctori-

1666 2585 1780 2643 bus
1799 2590 1860 2643 et
1879 2585 2227 2660 parentibus
2242 2585 2424 2660 hujus
2441 2584 2940 2661 congregationis3

1665 2673 1816 2733 alter
1844 2673 2193 2733 inscribitur
2237 2674 2309 2733 de
2353 2673 2582 2751 origine
2612 2672 2951 2734 devotionis

1663 2763 1978 2823 modernae
2008 2767 2070 2822 et
2097 2764 2296 2839 ipsum
2345 2763 2660 2823 chronicon
2690 2763 2941 2821 exhibet.

1666 2853 1996 2929 Subjicitur
2035 2872 2125 2928 ep.
2171 2853 2264 2915 J0.
2299 2854 2413 2912 Vos
2461 2853 2532 2911 de
2562 2853 2844 2910 Huesden
2875 2853 2949 2910 de

1665 2945 1783 3000 vita
1815 2949 1865 3000 et
1884 2944 2159 3016 passione
2189 2942 2251 3001 J.
2276 2943 2511 3014 Christi,
2548 2961 2725 3016 quam
2746 2941 2946 3000 Busch.

1665 3032 1850 3090 latine
1881 3031 2157 3091 reddidit.
2221 3032 2545 3091 Chronicon
2577 3031 2685 3089 hoc
2714 3034 2808 3089 est
2838 3030 2947 3088 ad-

1664 3119 1905 3179 modum
1939 3121 2284 3196 pretiosum,
2331 3121 2473 3197 quia
2512 3120 2942 3190 authenticum,

1665 3212 2023 3280 accuratum,
2057 3210 2389 3280 candidum,
2411 3209 2522 3268 etsi
2542 3209 2727 3267 forma
2745 3209 2951 3267 minus

330 3298 382 3354 A
414 3296 569 3355 card.
604 3298 832 3356 cusano
882 3297 1080 3373 legato
1127 3297 1450 3372 apostolico
1501 3316 1609 3372 pro
1666 3298 1748 3355 sit
1776 3298 1972 3356 nitida
1989 3302 2050 3357 et
2068 3302 2251 3375 grata.
2289 3298 2569 3367 Quamvis
2585 3315 2724 3356 vero
2741 3297 2949 3357 Grube·

326 3385 744 3444 reformatione
763 3381 1222 3466 promovendass)
1245 3404 1352 3461 per
1367 3386 1608 3444 Germa·
1664 3406 1942 3463 magnam
1991 3386 2349 3462 impenderit
2395 3387 2762 3464 diligentiam
2782 3382 2825 3466 ¹)
2877 3387 2944 3445 in

326 3475 486 3533 niam
502 3475 824 3535 institutus
849 3477 939 3534 est
955 3475 1232 3534 visitator
1248 3474 1608 3550 apostolicus
1665 3492 1776 3534 sua
1795 3476 2056 3534 curanda
2074 3475 2347 3546 editione,
2362 3478 2566 3534 tamen
2584 3495 2637 3533 v.
2653 3476 2701 3532 B
2718 3493 2749 3533 e
2766 3493 2796 3532 c
2809 3475 2850 3533 k
2865 3494 2896 3534 e
2913 3495 2942 3533 r

328 3568 728 3625 conventuum
760 3564 1176 3624 canonicorum
1195 3567 1258 3623 et
1275 3563 1605 3623 canonissa-
1664 3565 1889 3640 reperit
1934 3563 2192 3624 codicem
2239 3565 2431 3641 magis
2479 3563 2845 3640 originalem,
2911 3583 2942 3622 e

326 3673 457 3711 rum
493 3653 862 3731 regularium
900 3673 1005 3729 per
1035 3654 1223 3713 varias
1253 3653 1607 3729 provincias
1664 3673 1783 3728 qno
1832 3653 2247 3729 supplementa
2295 3656 2356 3712 et
2402 3653 2734 3714 additiones
2784 3652 2947 3711 haud

326 3743 499 3801 Anno
554 3752 719 3806 1455
768 3743 1093 3820 resignavit
1134 3742 1607 3818 praeposituram
1664 3743 1825 3801 leves
1857 3742 2149 3802 derivavit
2178 3742 2242 3801 in
2270 3742 2595 3818 Bijdragen
2643 3760 2714 3800 en
2746 3741 2941 3800 Mede·

324 3831 626 3907 rediitque
670 3832 735 3890 in
782 3849 960 3890 suum
1003 3834 1429 3891 monasterium
1459 3832 1607 3890 win-
1664 3831 1978 3907 deelingen
2037 3831 2333 3891 societatis
2380 3831 2697 3892 historicae
2756 3830 2943 3889 ultra-

1655 3921 1915 3996 jectinae
1953 3929 2136 3984 1887.
2167 3921 2235 3990 x,
2274 3929 2638 3984 376—445.
2670 3913 2951 3980 Kleinere

1658 4011 2003 4088 qeschriften
2033 4010 2121 4070 ed.
2155 4010 2536 4069 Wfistenhoff
2561 4010 2716 4069 Gent
2757 4018 2941 4081 18903

1666 4099 1950 4174 quaedam
1965 4103 2137 4159 antea
2145 4099 2375 4158 inedita
2385 4100 2626 4160 Schulze
2641 4100 2706 4158 in
2718 4099 2947 4158 Ztschr.

412 4062 423 4095 ¹
476 4054 557 4108 De
585 4055 882 4109 Ambrosio
909 4054 1179 4108 Massaria
1220 4071 1318 4110 seu
1357 4055 1426 4109 de
1466 4055 1608 4110 Cora

328 4127 394 4180 Ο.
465 4170 478 4183 .
505 4129 593 4180 Au
642 4169 653 4181 .
681 4126 834 4180 infra
858 4127 1159 4193 loquemur
1184 4146 1239 4196 p.

400 4201 440 4268 2)
468 4197 610 4251 Para.
634 4198 739 4254 elle
780 4215 909 4251 cum
936 4197 1042 4250 hac
1069 4198 1470 4252 reformatione
1484 4216 1608 4269 pro·
1663 4189 1701 4247 f.
1732 4189 2183 4265 Kirchengesch.
2214 4189 2294 4247 XI
2339 4184 2583 4270 (1890),
2634 4199 2941 4253 577-619.

325 4269 563 4323 cedebat
576 4269 902 4323 reformatio
918 4267 982 4322 in
996 4269 1438 4338 congrttgatione
1449 4270 1607 4323 burs·
1665 4312 1749 4321 --.
1782 4279 1828 4336 P
1842 4298 1875 4337 θ
1889 4281 1918 4337 t
1931 4297 1963 4335 r
1976 4298 2017 4338 u
2033 4297 2060 4337 s
2110 4278 2182 4337 de
2234 4279 2282 4337 D
2297 4299 2317 4335 1
2334 4297 2364 4337 Β
2378 4298 2418 4354 p
2433 4298 2472 4355 p
2487 4298 2530 4337 u
2544 4298 2577 4336 1·
2591 4296 2622 4336 c
2637 4279 2676 4337 h
2737 4282 2944 4339 narrat

324 4340 570 4405 femena,
590 4339 659 4393 de
677 4358 791 4408 qua
811 4341 996 4393 multa
1012 4339 1379 4408 reperiuntur
1394 4341 1454 4395 in
1477 4340 1606 4395 Vita

323 4415 552 4467 Ηοηνίω·
575 4414 637 4465 de
659 4415 815 4466 Peine
833 4414 1065 4466 auctore
1087 4411 1415 4467 Eberhardo
1445 4412 1494 4465 fl
1512 4430 1545 4466 a
1562 4416 1606 4466 t·

324 4482 449 4537 hin
466 4503 505 4552 g
521 4499 550 4536 e
568 4501 605 4535 n
633 4486 702 4554 (c.
717 4487 858 4539 1500
883 4523 895 4544 ‚
923 4500 1095 4552 quam
1120 4482 1379 4537 invenies
1394 4483 1456 4537 in
1473 4483 1605 4539 diss.

320 4553 417 4609 Dr.
445 4554 804 4609 Linneborn:
886 4554 1102 4610 einrich
1136 4572 1184 4609 v.
1213 4554 1385 4608 Peine
1413 4554 1605 4609 Refor-
1663 4554 1904 4610 Handw.
1933 4559 2068 4611 1887
2097 4572 2143 4609 c.
2170 4558 2433 4612 577—82.
2470 4556 2627 4611 Idem
2655 4557 2845 4611 Grube
2872 4557 2943 4610 de

323 4628 510 4680 mator
536 4625 634 4678 des
658 4624 912 4680 Klosters
938 4626 1281 4696 Abdinghof
1315 4626 1376 4679 in
1404 4625 1605 4680 Pader-
1661 4627 1893 4680 auctore
1906 4629 2097 4680 nostro
2113 4625 2556 4681 ediditJ.Busch
2569 4626 2944 4698 Augustiner-

323 4698 466 4751 born
485 4701 834 4754 1477-1491
863 4698 984 4751 und
1011 4697 1166 4751 seine
1183 4697 1377 4750 vitain
1394 4697 1605 4751 Ztschr.
1661 4700 1865 4766 propat
1889 4715 1958 4750 zu
1987 4697 2356 4751 Hildesheim.
2407 4697 2517 4751 Ein
2559 4698 2716 4754 kath.
2750 4697 2944 4751 Refor-

321 4768 360 4824 f.
413 4765 613 4825 vaterl.
658 4767 859 4823 Gesch.
905 4768 1022 4822 und
1065 4769 1438 4824 Altertumsk.
1482 4768 1606 4822 LIX
1661 4771 1847 4822 mator
1874 4768 1971 4821 des
2000 4773 2083 4824 15.
2108 4769 2321 4835 Jahrb„
2351 4768 2627 4839 Freiburg
2654 4772 2811 4826 1881.
2858 4768 2941 4824 Cf.

322 4844 519 4912 (1901),
547 4845 848 4899 169—213.
899 4840 980 4894 Ea
1020 4844 1106 4894 est
1131 4840 1259 4893 rudi
1286 4840 1606 4910 conscripta
1662 4838 1833 4893 Evelt
1856 4837 1969 4894 KL.
1998 4841 2093 4907 11⁴2,
2119 4844 2381 4902 1549-53;
2412 4839 2650 4894 Schulze
2679 4839 2953 4892 Realenc.·

323 4911 470 4977 stilo,
499 4911 595 4966 sed
623 4914 858 4982 propter
885 4911 1119 4965 notitias
1147 4911 1412 4981 pretiosa.
1663 4912 1784 4976 IIlq,
1810 4914 1912 4967 577
1926 4946 1969 4953 -
1988 4915 2110 4969 581.

1742 4487 1778 4555 ¹)
1831 4482 1915 4542 Cf.
1976 4483 2044 4537 de
2107 4484 2230 4554 ejus
2292 4482 2540 4538 editione
2590 4484 2782 4538 Kessel
2834 4482 2942 4539 Lit.
