3475 5364
664 381 787 435 495
899 366 1276 419 1301—1325.
1303 362 1357 417 S.
1385 361 1681 434 Scriptura
1707 364 1841 418 Ant.
1867 362 1937 415 de
1963 363 2078 426 Az„
2103 362 2167 416 B.
2194 362 2532 418 Benedictus
2557 363 2672 427 XL,
2692 361 2914 416 Babion
2933 364 3045 417 etc.
3158 379 3267 431 495

659 584 747 595 ——
798 550 872 610 In
932 551 1221 626 evanqelia
1281 551 1654 608 dominicalia
1701 552 1943 607 exstant
1997 548 2120 607 Oct.
2182 544 2439 630 1303),‘
2490 569 2670 624 quem
2725 553 2933 609 tamen
2995 568 3121 608 non
3181 548 3274 606 diu

661 655 958 698 sermones
990 638 1244 697 morales
1277 640 1572 698 Antonii
1612 639 1684 698 de
1717 641 1940 698 Azaro
1994 639 2209 707 tenuit,
2243 642 2433 698 morte
2465 638 2740 698 sublatus
2771 658 2894 697 non
2925 639 3057 697 sine
3079 639 3276 697 veneni

658 723 922 811 (Azario)
986 728 1050 786 Ο.
1115 728 1318 787 Praed.
1381 728 1629 787 oratoris
1689 727 1941 785 illustris
1996 728 2327 804 suspicione
2370 729 2495 803 jam
2545 747 2698 787 anno
2749 728 3020 803 proximo
3076 738 3134 787 6.
3165 728 3275 785 Jul.

660 813 741 899 (fl.
775 836 821 876 c.
864 812 1077 899 1314),
1112 816 1383 877 Coloniae
1424 827 1588 880 1482
1621 817 1686 875 in
1718 816 1788 886 f.;
1829 818 1940 876 Pa·
2007 826 2188 879 130⁸.
2252 818 2456 876 Dictus
2505 820 2594 876 est
2643 816 3003 876 Benedictus
3071 815 3169 874 XI.
3225 820 3276 875 et

660 907 814 966 risiis
852 917 1014 970 1515
1046 906 1110 964 in
1141 916 1194 969 8.
1251 906 1369 974 ,Hi
1399 925 1712 975 sermones,
1744 906 1941 980 inquit
1996 906 2184 964 beatis
2216 910 2574 965 accensetur.
2637 907 3144 983 Martyrologium
3192 924 3276 964 ro·

662 995 932 1065 Quetif
972 995 1018 1065 I,
1075 1003 1216 1065 530,
1270 999 1569 1055 auctorem
1620 1014 1792 1053 suum
1845 1014 1940 1054 ar-
1994 1015 2237 1054 manum
2289 996 2361 1054 ad
2412 996 2565 1054 diem
2603 1006 2655 1058 7.
2686 996 2816 1053 Juli
2864 996 3034 1054 ineo
3066 995 3279 1054 laudat.

659 1088 857 1162 guunt
917 1084 1235 1154 eruditum,
1298 1085 1639 1160 sapientem,
1692 1084 1937 1153 clarum,
1995 1084 2154 1160 quod
2194 1084 2522 1152 ,Ecclesiae
2553 1104 2773 1160 pacem,
2809 1084 3170 1160 disciplinae
3198 1104 3280 1141 re-

659 1174 979 1250 Evangelio
996 1174 1240 1233 cuilibet
1261 1175 1493 1249 integre
1501 1174 1676 1249 juxta
1703 1177 1939 1232 utrum·
1994 1175 2439 1243 staurationem,
2488 1174 2796 1251 religionis
2847 1174 3279 1232 incrementum

660 1282 775 1339 que
808 1282 1043 1321 sensum
1089 1263 1376 1321 literalem
1420 1265 1480 1320 et
1527 1263 1808 1322 moralem
1842 1282 1938 1320 ex·
1991 1263 2238 1322 mirifice
2299 1264 2660 1338 promoverit
2674 1272 2720 1320 ‘.
2782 1264 2930 1339 Ejus
2992 1264 3284 1322 constitu·
3383 1298 3384 1303 κ

657 1353 926 1428 plicando
946 1356 1261 1419 attentum,
1284 1352 1431 1409 nihil
1444 1355 1613 1410 extra
1626 1352 1938 1419 dicentem,
1992 1352 2184 1411 tiones
2218 1356 2325 1410 etc.
2358 1352 2711 1427 prodierunt
2741 1371 2883 1411 cura
2904 1352 2963 1410 C.
2999 1354 3050 1410 G
3067 1352 3279 1411 rand-

660 1442 805 1501 adeo
855 1446 925 1499 ut
972 1443 1101 1517 ejus
1151 1441 1363 1499 aetatis
1394 1441 1551 1499 inter
1582 1441 1849 1500 meliores
1880 1443 1940 1499 et
1986 1443 2169 1517 jean
2199 1442 2262 1499 in
2294 1461 2385 1517 op.
2421 1442 2505 1500 Le
2524 1442 2786 1519 Reiqistre
2814 1443 2884 1499 de
2921 1440 3137 1499 Βένιοὶε
3158 1442 3279 1515 XL,

658 1532 926 1590 utiliores
946 1530 1113 1590 facile
1134 1549 1386 1588 censeas.
1403 1538 1429 1567 ‘
1453 1530 1806 1588 -Insolum
1820 1540 1935 1593 c.5.
1993 1531 2128 1591 fasc.
2190 1540 2352 1592 1—-4
2404 1531 2643 1590 Parisiis
2696 1541 3049 1594 1884-—86
3108 1532 3171 1589 in
3223 1541 3283 1591 4:

658 1620 962 1696 Evangelii
993 1620 1046 1677 d.
1061 1613 1356 1678 'Matthaei
1378 1620 1799 1678 commentaria
1819 1619 1939 1678 sive
1994 1621 2248 1696 Regesta
2306 1620 2484 1678 habes
2547 1620 2706 1695 apud
2771 1621 2814 1678 P
2829 1639 2862 1678 o
2879 1628 2905 1676 t
2921 1624 2948 1677 t
2967 1623 3002 1677 h
3026 1641 3064 1679 a
3081 1640 3111 1678 s
3126 1626 3152 1678 t
3216 1620 3280 1678 U„

660 1711 1059 1767 enarrationes
1114 1710 1368 1781 fusiores
1429 1707 1713 1779 (Venetiis
1781 1718 1936 1771 1603
2001 1717 2469 1779 2025—20383
2537 1718 2725 1772 2134.
2819 1710 2956 1767 Alia
3017 1710 3284 1785 ejusdem
3385 1768 3386 1775 ,

658 1799 721 1856 in
766 1795 827 1876 f.)
878 1798 1115 1872 scripsit
1159 1798 1499 1856 Nicolaus
1545 1798 1940 1857 Bocasinus
1995 1817 2190 1873 opera.
2224 1801 2296 1857 ut
2339 1798 2402 1855 in
2433 1799 2807 1867 psalterium,
2857 1798 2974 1858 Job
3021 1807 3091 1858 et
3137 1802 3281 1873 Apo·

3381 1802 3386 1889 Ι

660 1886 941 1945 O.Praed.
974 1887 1335 1954 Tarvisinus‚
1368 1886 1470 1961 qui
1490 1887 1604 1944 suit
1623 1889 1846 1945 electus
1878 1888 1941 1944 in
1995 1887 2277 1963 calypsim
2311 1891 2660 1946 manserunt
2688 1886 2931 1945 inedita.
2951 1921 3046 1932 —
3085 1889 3282 1946 Petro
3383 1896 3386 1973 2]

659 1971 773 2057 (9.)
805 1977 1160 2052 magistrum
1192 1975 1412 2034 ordinis
1447 1971 1671 2055 (1296)
1721 1996 1938 2045 ,vene-
1997 1978 2282 2035 Babion
2333 1972 2631 2056 (Babyon)
2684 1977 2899 2052 Anglo‚
2952 1978 3185 2037 oratori
3230 1988 3278 2034 et
3383 2012 3386 2039 ι

658 2065 860 2123 rabilis
893 2084 1122 2140 semper
1166 2070 1227 2122 et
1276 2065 1435 2124 omni
1486 2064 1662 2123 lande
1722 2065 1939 2141 dignus
1994 2072 2219 2141 poetae,
2253 2066 2357 2141 qui
2389 2066 2713 2124 secundum
2748 2066 2896 2125 alios
2928 2066 2985 2123 fl.
3015 2087 3073 2125 a.
3107 2076 3280 2131 1:317,

657 2158 827 2228 pater
875 2172 943 2212 ac
989 2173 1125 2211 vere
1178 2154 1442 2212 Israelita
1475 2198 1487 2210 .
1522 2199 1533 2210 .
1569 2198 1580 2209 .

627 2244 631 2249 ’
648 2244 849 2319 jubar,
913 2243 1214 2319 religionis
1259 2243 1583 2318 speculum,
1630 2243 1940 2302 devotione
1995 2245 2205 2302 buitur
2254 2265 2287 2301 a
2336 2244 2660 2319 Raynaudo
2721 2248 3183 2303 commentarius
3227 2247 3279 2299 in

656 2336 916 2400 sanctm,
949 2333 1071 2391 zelo
1103 2332 1381 2391 fervidus,
1416 2332 1707 2407 sapientia
1724 2333 1938 2397 clarus,
1997 2334 2369 2401 Mamaeum,
2418 2333 2522 2408 qui
2569 2333 2788 2408 prodiit
2837 2352 2975 2391 cum
3008 2334 3280 2410 operibus

656 2421 778 2481 Deo
824 2426 885 2479 et
930 2421 1267 2480 horninibus
1308 2421 1618 2497 gratiosus.
1681 2422 1942 2480 Lucebat
1995 2443 2036 2480 s.
2061 2422 2319 2481 Anselmi
2348 2422 2793 2483 cantuariensis,
2820 2422 2896 2480 ab
2921 2423 3058 2481 aliis
3091 2426 3279 2482 tamen

655 2511 898 2585 insuper
926 2511 991 2567 in
1021 2511 1207 2586 ipsius
1253 2510 1527 2569 exteriori
1574 2510 1810 2569 homine
1841 2529 1940 2568 ve·
1993 2511 2373 2570 tribuebatur
2417 2511 2677 2569 Guilel
2696 2532 2748 2568 m
2768 2531 2802 2570 o
2835 2512 3174 2586 parisiensi.
3204 2544 3280 2554 —

658 2599 922 2657 neranda
954 2599 1279 2667 humilitas,
1332 2599 1680 2657 admiranda
1720 2600 1938 2658 sancti·
1997 2599 2414 2676 Philippus
2463 2600 2526 2659 O.
2560 2600 2699 2658 Min.
2746 2600 3277 2660 Florentinus.

658 2692 769 2756 tae,
804 2690 997 2747 multa
1030 2689 1383 2765 benignita8‚
1417 2689 1570 2747 mira
1600 2690 1663 2747 in
1696 2707 1938 2748 conver·
1995 2691 2068 2748 ab
2103 2691 2228 2750 aliis
2247 2689 2441 2749 dictus
2464 2690 2851 2760 Ultranensi8‚
2891 2711 3147 2768 magnae
3180 2691 3278 2749 sci·

1645 2154 1940 2212 virtutum
1996 2155 2321 2213 secundum
2366 2155 2511 2214 alios
2561 2155 2720 2212 intra
2766 2162 3138 2223 1330-60,
3186 2156 3281 2213 tn·-
3383 2178 3386 2213 ε,

658 2779 885 2836 satione
933 2779 1300 2853 simplicitas,
1350 2783 1593 2853 accepta
1624 2779 1939 2838 maturitas

655 2867 718 2925 in
750 2868 1038 2929 incessu.‘
1073 2869 1286 2943 Magna
1315 2867 1571 2942 pollebat
1588 2869 1938 2926 anctoritate

657 2957 815 3031 apud
848 2956 1213 3015 Bonifacium
1247 2955 1422 3026 V111.‚
1441 2976 1476 3015 a
1495 2975 1614 3031 quo
1637 2957 1937 3025 ,destina-

654 3049 754 3104 tus
806 3050 896 3103 est
946 3064 1079 3103 cum
1129 3046 1392 3122 generali
1440 3046 1502 3103 Ο.
1539 3047 1835 3103 Minorum
1866 3045 1938 3103 ad

654 3152 856 3210 pacem
892 3135 1353 3209 componendam
1386 3154 1517 3192 cum
1553 3135 1793 3211 regibus
1824 3135 1938 3194 Ro-

654 3243 965 3282 manorum
996 3228 1057 3281 et
1088 3224 1409 3298 Angliae3‘
1445 3226 1506 3281 et
1526 3244 1575 3282 a.
1612 3232 1772 3287 1298
1795 3242 1938 3298 pur-

653 3333 809 3388 pura
822 3313 1131 3371 decoratus
1148 3317 1326 3387 atque
1342 3313 1651 3387 episcopus
1668 3314 1938 3372 ostiensis

654 3406 744 3460 est
801 3403 1014 3460 factus.
1081 3401 1437 3478 ,Tandem¹)
1494 3406 1625 3477 post
1687 3405 1934 3460 mortem

653 3491 938 3550 Bonifacii
985 3491 1307 3566 supradicti
1352 3494 1694 3566 assumptus
1741 3494 1833 3548 est
1865 3491 1937 3550 ad

655 3600 955 3639 summum
986 3581 1395 3656 pontificatum
1441 3576 1714 3638 omnibus
1746 3580 1935 3638 cardi-

654 3669 892 3728 nalibus
942 3671 1003 3727 in
1050 3690 1184 3727 eum
1233 3669 1740 3727 consentientibus
1775 3673 1835 3727 et
1866 3674 1936 3727 ut

652 3763 941 3834 papatum
972 3759 1261 3833 reciperet
1303 3757 1772 3833 supplicantibus
1807 3755 1868 3838 (2
1883 3769 1934 3820 2.

737 3933 767 3998 ¹)
800 3929 949 3981 Haec
990 3932 1047 3980 et
1086 3929 1483 3997 praecedentia
1529 3933 1665 3981 sunt
1704 3946 1768 3981 ex
1809 3929 1935 3981 Ber-

653 4000 832 4053 nardo
862 3999 1138 4054 Gnidonis
1166 4000 1321 4068 apud
1350 3999 1610 4063 Quetif1‚
1636 4004 1741 4055 445
1769 4018 1811 4053 s.
1852 4001 1933 4054 Cf.

654 4073 819 4140 plura
861 4071 927 4123 de
969 4088 1032 4124 eo
1075 4072 1134 4122 in
1178 4071 1297 4124 vita
1323 4071 1666 4125 concinnata
1693 4088 1726 4123 a
1754 4071 1932 4124 sodali
1981 4115 1988 4120 .

653 4143 897 4212 Georgio
925 4141 1121 4194 Lazari
1166 4143 1234 4195 de
1264 4141 1518 4195 Tarvisio
1546 4146 1603 4195 et
1628 4143 1934 4211 praemissa

1995 2780 2189 2838 entiae
2200 2781 2389 2838 lector
2401 2799 2455 2837 m
2465 2780 2606 2837 ultis
2618 2780 2790 2839 annis
2801 2781 2863 2837 in
2873 2781 3059 2839 variis
3076 2780 3278 2840 studiis

1994 2870 2370 2945 generalibus
2386 2869 2464 2948 (fl.
2483 2879 2501 2929 1
2519 2879 2553 2931 3
2569 2880 2591 2930 l
2610 2864 2692 2948 3),
2708 2869 3098 2928 concinnavit
3111 2871 3280 2928 histo·

1993 2959 2144 3017 riam
2177 2956 2294 3015 ‘seu
2339 2957 2786 3017 concordantias
2835 2960 3279 3036 evangeliorum

1994 3043 2317 3126 (ineditas).
2339 3081 2428 3091 —
2448 3046 2859 3123 Expositiones
2880 3047 2944 3105 in
2969 3047 3278 3125 Evangelia

1993 3141 2054 3194 et
2114 3137 2176 3194 in
2247 3147 2323 3197 14
2386 3155 2475 3210 ep.
2539 3153 2583 3194 e.
2637 3136 2805 3195 Pauli
2867 3138 3162 3214 Angeli
3216 3136 3279 3193 de

1993 3225 2034 3285 C
2050 3246 2085 3284 a
2102 3245 2156 3283 m
2173 3245 2204 3283 e
2219 3226 2340 3284 rin
2356 3244 2409 3293 ο,
2457 3225 2714 3300 episcopi
2746 3225 3021 3285 caliensis
3053 3221 3276 3304 (Cagli).

1992 3314 2129 3372 dein
2160 3315 2434 3382 fesulani,
2471 3333 2651 3389 quam
2682 3314 2940 3373 infulam
2962 3314 3274 3392 resignavit

1992 3425 2040 3460 a.
2084 3413 2202 3466 130
2223 3417 2268 3472 1,
2302 3407 2648 3462 manserunt
2677 3403 2956 3472 ineditae,
2995 3406 3160 3463 sicut
3178 3404 3276 3461 ulia

1992 3492 2255 3566 ejusdem
2271 3508 2463 3567 opera,
2485 3496 2554 3550 ut
2569 3493 2834 3551 lecturae
2848 3493 2914 3551 in
2930 3496 3275 3571 magistrum
3381 3539 3382 3564 ¹

1992 3582 2424 3640 sententiarum
2446 3585 2555 3640 etc.
2572 3607 2639 3615 --
2658 3582 2750 3639 Ita
2769 3585 2832 3640 et
2849 3584 3092 3659 gemina
3106 3600 3274 3658 opera

1995 3670 2352 3745 Radulphi
2373 3670 2747 3729 Acheduni
2776 3670 3049 3750 (Actoni)
3068 3672 3272 3749 magis·

1991 3760 2070 3817 tri
2103 3759 2429 3819 oxoniensis
2464 3759 2544 3841 (fl.
2587 3757 2799 3839 1320).
2838 3794 2911 3804 —
2934 3761 2989 3819 H
3005 3782 3106 3839 ug
3120 3781 3155 3821 o
3169 3760 3270 3819 nis

1992 3848 2062 3906 de
2095 3849 2140 3905 P
2155 3869 2186 3906 r
2201 3869 2233 3906 a
2249 3854 2275 3905 t
2291 3867 2324 3907 o
2369 3845 2469 3928 (de
2513 3845 2933 3930 Pratoflorido)
2982 3851 3049 3910 Ο.
3083 3848 3268 3909 Praed-

1993 3938 2246 4007 Etrusci,
2282 3937 2707 3997 concionatoris
2728 3939 2980 3998 celebris
3002 3937 3066 4021 (†
3083 3951 3138 4003 4.
3155 3941 3267 3999 Dec.

2001 4036 2116 4089 132
2130 4023 2192 4105 2)
2215 4066 2242 4094 ,
2257 4046 2552 4085 sermones
2571 4028 2842 4101 quamvis
2866 4028 3136 4104 aliquam
3158 4030 3269 4104 ejus

1993 4116 2121 4173 aevi
2155 4115 2597 4190 simplicitatem
2630 4116 2841 4184 oleant,
2892 4118 3076 4176 etiam
3109 4120 3268 4192 hujus

653 4215 775 4282 ejus
792 4213 1241 4268 commentariis:
1272 4216 1399 4267 Ant.
1420 4214 1570 4268 Scoti
1586 4215 1647 4267 in
1665 4214 1935 4268 Memorie
1992 4205 2278 4280 politioris
2347 4204 2822 4280 delicatiorisque
2901 4209 3092 4266 seculi
3166 4224 3268 4264 non

653 4286 747 4338 del
772 4285 832 4337 B.
861 4284 1169 4338 Bencdetto
1212 4285 1302 4337 XI.
1345 4289 1467 4339 etc..
1520 4285 1932 4355 Trivigi1737z
1989 4294 2304 4370 displicent
2365 4294 2610 4352 auribus
2661 4294 2953 4371 avideque
3001 4297 3269 4374 leguntur

653 4358 852 4410 Funke
907 4356 985 4408 Pa,
1030 4359 1081 4408 st
1123 4355 1401 4409 Benedikt
1440 4358 1529 4410 xl.
1582 4357 1636 4408 in
1680 4357 1934 4409 kirchen·

716 4429 835 4480 sch.
865 4427 965 4480 Stu
1010 4429 1104 4480 ien
1145 4428 1230 4481 ed.
1258 4445 1291 4479 a
1321 4427 1588 4497 Knopfler
1616 4429 1635 4481 1
1663 4432 1844 4500 (1891)
1873 4435 1899 4484 1
1923 4451 1932 4484 ε

1992 4387 2049 4440 et
2101 4383 2540 4457 conquiruntur
2590 4403 2624 4441 a
2670 4384 3072 4444 celeberrimis
3119 4383 3263 4443 verbi

652 4446 893 4552 {indm
934 4497 1216 4552 senedikt
1253 4499 1342 4563 xl,
1387 4499 1566 4552 posen
1596 4504 1763 4559 1893:
1817 4499 1936 4552 vita
1995 4472 2096 4529 Dei
2127 4472 2513 4547 praeconibus
2545 4473 2619 4530 0b
2640 4473 2913 4531 eximiam
2937 4474 3262 4533 methodum

650 4571 774 4638 ejus
800 4573 933 4624 ante
966 4572 1364 4638 pontificatum
1391 4571 1452 4624 in
1482 4571 1769 4641 Melanges
1796 4571 1936 4624 d'ar-
1991 4561 2410 4635 rationumque
2440 4561 2673 4638 pondus
2687 4558 2797 4644 ¹).‘
2847 4562 3153 4622 Sermones
3179 4563 3261 4620 do·

652 4642 830 4696 cheol.
872 4645 931 4696 et
969 4642 1098 4694 hist.
1128 4647 1265 4696 1888
1292 4661 1348 4712 p.
1376 4648 1686 4700 219ψ291;
1743 4643 1936 4695 Grisar

651 4712 859 4767 Ztschr.
912 4713 1016 4766 XII
1066 4717 1262 4782 (18881,
1326 4719 1623 4776 152-1ἷ)6,
1699 4713 1937 4767 Gautier

652 4785 820 4847 Leon.
851 4785 1158 4839 BenoitXI.
1187 4785 1372 4838 Etude
1394 4803 1490 4838 sur
1511 4785 1568 4837 la
1590 4787 1841 4854 papante
1861 4802 1934 4839 au

650 4860 1131 4911 commencement
1191 4856 1269 4909 du
1316 4856 1470 4911 lee
1531 4856 1712 4920 siecle,

654 4932 820 4988 186&
850 4928 1044 4982 Hefele
1076 4927 1146 4979 Vl
1176 4936 1203 4992 fi
1229 4932 1349 4983 694.

2067 4789 2106 4856 ¹)
2135 4784 2334 4850 Quot-‚if
2357 4785 2397 4846 1,
2424 4789 2526 4841 551
2558 4784 2810 4839 Alterius
2837 4785 2889 4840 H
2908 4806 2946 4841 u
2964 4805 3052 4857 go
3071 4787 3144 4840 ni
3161 4805 3183 4839 s
3205 4786 3260 4837 de

1779 4856 1937 4910 Paris
1991 4856 2215 4912 Prato
2276 4856 2498 4910 Etrusci
2549 4856 2898 4911 mentionem
2947 4858 3088 4912 facit
3133 4858 3262 4912 inter

1992 4928 2294 4997 scriptores
2347 4931 2409 4983 O.
2461 4926 2596 4984 Min.
2649 4927 2964 5002 Wadding‚
3031 4930 3132 4998 qui
3173 4927 3258 4983 etsi
