3475 5364
544 355 660 407 871

938 336 1307 392 1426-1450.
1335 335 1788 390 Concionatores.
1813 336 1843 388 J
1850 353 1900 391 0.
1927 335 1995 390 de
2026 335 2285 399 Werden,
2316 334 2562 400 Gritsch,
2591 334 2762 397 Keck‚

3034 352 3159 405 372

541 522 884 581 offensionis
947 540 1090 580 suae
1151 521 1379 580 timore.
1462 521 1818 580 Praesertim
1875 522 2252 581 concionator
2299 517 2584 601 celeber1)
2639 521 2703 579 Ο.
2740 521 2879 583 Min.
2911 520 3163 595 reliquit

541 631 676 669 cum
709 612 780 669 ad
812 611 1198 670 eucharistiae
1241 612 1576 670 venerabile
1623 629 1816 669 sacra·
1878 629 2170 669 sermones
2202 610 2274 667 de
2305 615 2576 686 tempore
2607 615 2669 669 et
2699 609 2771 669 de
2803 610 3022 668 sanctis
3055 628 3162 685 per

541 707 807 759 mentum
841 705 968 758 erat
998 718 1358 769 accessuruS,
1391 703 1538 759 tunc
1569 703 1733 758 totus
1756 701 1817 757 in
1875 719 2118 768 annum,
2138 699 2417 776 Lugduni
2441 708 2641 771 14923
2676 698 2941 758 Venetiis
2970 710 3159 766 149&

539 790 812 848 lacrimas
843 789 1155 848 videbatur
1185 790 1506 858 resolutus,
1556 794 1626 847 ut
1657 789 1819 848 chori
1874 789 2399 866 quadragesimale,
2464 783 2716 868 (Ulmae)
2776 799 2976 857 14763
3042 789 3158 846 Ba-

539 880 949 954 pavimentum
997 897 1100 936 seu
1163 879 1421 953 corporis
1469 879 1821 937 indumenta
1876 878 2057 936 sileae
2105 888 2216 940 147
2229 888 2296 945 7;
2348 878 2775 955 Norimbergae
2816 885 2979 939 1488
3016 881 3160 944 etc.;

542 968 804 1026 lacrimis
853 966 1167 1026 mundaret
1181 976 1225 1023 ‘.
1260 967 1470 1028 Multis
1506 968 1818 1026 fruebatur
1874 967 2085 1025 habuit
2118 985 2229 1024 sec.
2264 965 2381 1029 XV.
2416 965 2505 1025 ed.
2556 968 2765 1025 saltem
2804 975 2900 1029 25.
2964 966 3161 1024 Prima

544 1056 877 1115 visionibus
896 1059 957 1115 et
974 1056 1302 1115 exstasibus
1322 1051 1384 1137 (†
1418 1053 1623 1137 1431).
1657 1058 1818 1131 Apo-

539 1147 816 1222 calypsim
837 1147 961 1204 sive
982 1145 1403 1204 revelationem
1434 1145 1489 1203 ei
1520 1150 1816 1205 ostensam

541 1253 721 1311 super
732 1238 894 1293 statu
906 1234 1254 1294 devotorum
1265 1236 1681 1294 canonicorum
1695 1253 1816 1310 reg.

541 1325 955 1383 defunctorum
986 1324 1171 1381 latine
1206 1323 1497 1382 redditam
1542 1324 1608 1381 in
1642 1341 1818 1382 suum

539 1413 763 1488 recepit
793 1413 989 1471 Busch
1022 1413 1354 1482 chronicon,
1375 1412 1638 1488 aliasque
1659 1413 1818 1488 ejus-

1875 1055 2139 1119 editioa.
2187 1064 2347 1118 1475
2401 1052 2653 1136 (Ulmae)
2701 1059 2791 1115 est
2840 1055 3161 1113 rarissima.

1878 1178 1955 1188 -
1994 1144 2343 1203 Joannes
2375 1144 2573 1203 Keck
2607 1144 2761 1204 OSB.
2810 1162 2880 1202 ex
2913 1143 3161 1203 Sueviae

1875 1233 2091 1309 oppido
2125 1234 2393 1310 Giengen
2425 1252 2467 1292 s.
2501 1234 2836 1311 theologiae
2874 1233 3161 1310 magister

1875 1323 2370 1397 decretorumque
2419 1323 2639 1392 doctor,
2687 1323 2750 1381 in
2796 1324 3159 1382 monasterio

1875 1412 2281 1489 tegernseensi
2344 1412 2523 1487 prior,
2588 1411 2863 1471 interfuit
2912 1411 3161 1470 concilio

540 1503 674 1560 dem
706 1501 963 1561 visiones
996 1503 1191 1563 refert.
1225 1501 1684 1571 Quatuordecim
1701 1502 1817 1560 sal·
1873 1500 2194 1560 basileensi
2239 1506 2301 1558 et
2346 1502 2419 1559 ab
2453 1500 2696 1559 Alberto
2728 1500 2831 1558 111.
2878 1500 3161 1559 Bavariae

541 1595 661 1650 tem
693 1591 930 1649 libellos
973 1591 1253 1649 asceticos
1300 1591 1634 1666 composuit
1683 1591 1822 1651 stilo

541 1680 785 1738 classico
815 1680 1023 1756 lingua
1054 1680 1248 1755 patria
1279 1681 1351 1738 de
1382 1680 1509 1738 vita
1541 1680 1662 1738 scil.
1696 1680 1817 1755 spi-

541 1769 764 1838 rituali,
799 1770 1011 1827 mentis
1042 1769 1355 1827 devotione
1398 1773 1460 1827 et
1489 1769 1726 1828 interna
1759 1769 1820 1826 in

543 1859 731 1916 Deum
764 1858 1275 1933 contemplatione,
1308 1858 1372 1915 in
1403 1859 1622 1933 quibus
1653 1878 1819 1916 reve·

541 1947 795 2006 lationes
827 1946 943 2004 sibi
976 1946 1164 2006 factas
1195 1946 1393 2005 refert.
1427 1947 1478 2004 Ii
1511 1947 1617 2005 diu
1649 1966 1819 2006 man-

543 2039 752 2095 serunt
781 2036 1028 2094 inediti:
1062 2036 1297 2094 demum
1338 2045 1501 2099 1854
1538 2056 1652 2094 van
1669 2037 1817 2094 Iter·

543 2144 649 2183 sen
678 2131 880 2199 pastor
911 2143 978 2183 ea
997 2126 1233 2200 reperit,
1256 2128 1317 2182 et
1335 2144 1540 2184 eorum
1559 2126 1675 2183 tria
1695 2125 1821 2183 edi·

542 2215 632 2271 dit
652 2214 809 2283 Moll,
845 2216 909 2271 in
925 2213 1276 2290 biographia
1294 2212 1331 2270 J
1335 2233 1385 2272 o.
1407 2215 1752 2290 Brugmann
1772 2213 1817 2282 1,

547 2312 921 2372 259—3133
974 2302 1137 2361 aliud
1170 2303 1293 2364 scil.
1328 2321 1653 2362 amor-osam
1689 2322 1820 2379 que-

543 2393 726 2450 relam
756 2393 1008 2450 amantis
1042 2393 1270 2451 animae
1302 2392 1376 2451 ad
1411 2393 1598 2450 Deum
1645 2411 1821 2451 suum

541 2500 646 2556 pro
679 2480 1024 2539 liberatione
1042 2481 1421 2539 tenebrarum
1454 2481 1822 2540 defectuum-

544 2588 660 2644 que
692 2589 953 2640 suorum,
987 2571 1050 2628 in
1083 2570 1421 2628 calendario
1454 2589 1558 2646 pro
1593 2574 1820 2645 protes-

542 2659 810 2719 tantibus
870 2659 1221 2719 Hollandiae
1284 2669 1442 2722 1860
1495 2679 1551 2735 p.
1612 2671 1630 2722 l
1658 2669 1821 2723 16—-

554 2759 688 2812 122.
723 2750 805 2807 Ea
836 2749 1154 2807 admodum
1177 2754 1321 2807 sunt
1340 2750 1570 2815 devota,
1606 2768 1823 2826 magna

543 2840 877 2914 conscripta
937 2839 1217 2897 unctione
1284 2839 1544 2912 stiloqne
1593 2838 1820 2897 florido.

545 2927 881 3001 Specimina
911 2926 1149 2985 exhibet
1179 2926 1445 2995 Hirsche‚
1490 2928 1594 3002 qui
1627 2928 1821 2986 fusius

544 3016 615 3073 de
646 3033 713 3073 eo
747 3016 965 3082 diserit,
999 3015 1264 3076 Realenc.
1305 3016 1415 3083 112,
1454 3026 1484 3078 7
1498 3027 1575 3078 20
1608 3027 1709 3077 -7
1723 3026 1821 3078 29.

547 3104 786 3162 Plenius
836 3104 907 3162 de
957 3122 1027 3161 eo
1077 3105 1204 3181 agit
1251 3123 1523 3179 novaque
1555 3105 1819 3180 ejusdem

543 3194 826 3268 opuscula
857 3193 1042 3254 edidit
1064 3213 1118 3255 v.
1152 3193 1215 3251 G.
1251 3194 1466 3261 Visser,
1503 3194 1571 3251 Η.
1610 3195 1822 3252 Mande

542 3283 818 3359 Bijdrage
864 3288 956 3342 tot
1004 3283 1076 3341 de
1107 3283 1333 3341 Kennis
1367 3283 1472 3341 der
1504 3283 1821 3342 Nord-Ne·

543 3372 928 3431 derlatdsche
945 3373 1219 3447 Mystick,
1234 3373 1614 3449 Gravenhage
1635 3384 1658 3435 1
1675 3383 1754 3436 89
1767 3383 1819 3435 9.

543 3462 791 3536 Propter
804 3462 1156 3521 affinitatem
1172 3462 1464 3520 sentiendi
1483 3480 1615 3520 cum
1627 3462 1822 3538 Ruys-

543 3552 757 3611 broeck
805 3552 999 3610 dictus
1051 3555 1143 3610 est
1189 3551 1610 3627 ‚Ruysbroeck
1655 3553 1820 3610 bata·

540 3660 652 3699 vus
668 3651 711 3697 ‘.
765 3641 846 3700 Cf.
880 3640 1125 3700 Schulze
1158 3641 1422 3700 Realenc.
1458 3641 1620 3709 ΧΙΙ3,
1667 3650 1818 3704 183-

553 3739 686 3793 18⁴.

633 3918 712 3970 43
733 3921 777 3970 1.
802 3908 908 3966 His
928 3909 1227 3967 addantur
1241 3910 1664 3967 concionatores
1684 3907 1817 3981 qui-

539 3997 674 4055 dam
767 4003 1002 4073 praeter
1066 4001 1175 4061 tot,
1239 4015 1388 4071 quos
1440 3997 1564 4071 jam
1616 4014 1819 4054 recen·

541 4086 784 4151 suimus,
822 4092 888 4143 ut
917 4085 1252 4144 Joannes
1286 4087 1357 4143 de
1381 4085 1700 4143 Werden
1732 4085 1816 4143 fa-

540 4174 768 4233 cundus
790 4174 852 4233 0.
877 4175 1015 4235 Min.
1037 4175 1403 4249 praedicator
1426 4171 1506 4254 (fl.
1529 4192 1572 4232 c.
1602 4169 1816 4254 1440),

542 4264 644 4339 qui
663 4266 775 4322 sub
806 4264 985 4322 titulo
1006 4264 1217 4321 Dormi
1236 4282 1427 4322 secure
1442 4263 1684 4337 reliquit
1697 4282 1819 4321 ser-

542 4371 744 4412 mones
788 4353 840 4410 N
845 4353 1211 4429 orimbergac
1258 4363 1414 4415 1486
1436 4374 1450 4421 ;
1515 4371 1817 4410 sermones

539 4444 608 4501 de
639 4444 883 4512 Sanctis,
917 4442 1198 4519 Lugduni
1239 4452 1402 4505 1488
1438 4445 1498 4499 et
1519 4448 1654 4516 post
1673 4441 1818 4499 alias

540 4531 628 4593 ed.
664 4532 858 4600 revisi,
893 4531 1189 4589 emendati
1242 4536 1304 4589 et
1333 4532 1493 4589 notis
1528 4529 1816 4589 illustrati

537 4642 573 4680 a
601 4621 742 4681 Rod.
776 4621 971 4679 Clutio
1005 4621 1067 4678 O.
1090 4620 1294 4679 Praed.
1329 4620 1599 4681 Coloniae
1629 4628 1814 4683 1612:

552 4722 747 4781 1616;
824 4718 982 4773 1625
1004 4732 1016 4779 ;
1079 4729 1368 4769 sermones
1427 4711 1813 4779 dominicales,

536 4800 816 4878 Lugduni
848 4808 1044 4865 1488:
1079 4800 1322 4859 Parisiis
1355 4809 1511 4863 1507
1538 4819 1553 4868 ;
1587 4801 1814 4875 Argen-

1875 1590 2024 1648 duce
2055 1590 2275 1648 missus
2292 1592 2385 1648 est
2402 1593 2600 1648 orator
2619 1589 2692 1648 ad
2714 1588 3159 1665 pseudopapam

1877 1679 2127 1737 Felicem
2162 1678 2244 1750 V.‚
2277 1679 2384 1753 qui
2415 1697 2547 1736 eum
2596 1679 2909 1737 constituit
2956 1680 3160 1754 poeni-

1876 1768 2218 1826 tentiarium
2257 1765 2316 1848 (†
2338 1762 2546 1850 1450).
2581 1767 2829 1843 Scripsit
2849 1768 3038 1826 multa
3055 1787 3157 1827 vo·

1876 1853 2159 1938 lumina2)
2191 1856 2254 1914 in
2285 1857 2553 1933 regulam
2600 1876 2645 1914 s.
2679 1855 3003 1927 Benedicti,
3037 1875 3160 1916 ser·

1876 1964 2093 2016 mones,
2129 1949 2189 2005 et
2219 1946 2511 2020 quaedam
2556 1946 2738 2005 etiam
2774 1945 2846 2003 de
2877 1946 3157 2005 concilio:

1877 2055 1946 2094 ex
1979 2034 2201 2109 quibus
2234 2035 2460 2110 prodiit
2510 2038 2744 2093 tantum
2795 2053 2940 2094 cura
2986 2033 3157 2102 Qui-

1877 2124 2032 2181 rini
2079 2123 2168 2184 ab.
2215 2124 2653 2200 tegernseensis
2687 2124 3005 2182 Sacrorum
3036 2143 3159 2183 ser·

1878 2231 2110 2271 monum
2141 2214 2366 2287 silvula,
2418 2212 2747 2289 'segernsee
2803 2223 2968 2276 1574
3004 2213 3067 2272 in
3103 2221 3157 2276 8.

2016 2435 2159 2488 432.
2239 2425 2404 2483 Inter
2468 2426 2912 2485 concionatores
2975 2427 3155 2502 hujus

1877 2514 2104 2591 periodi
2121 2533 2258 2590 prae
2271 2515 2478 2589 primis
2491 2519 2581 2574 est
2592 2514 2925 2574 laudandus
2940 2534 2983 2574 s.
2998 2516 3044 2574 B
3057 2535 3088 2574 e
3101 2536 3158 2574 r·

1878 2623 1914 2662 n
1935 2604 2063 2662 ard
2083 2604 2255 2661 inus
2290 2604 2516 2662 Massae
2548 2602 2789 2678 quidem
2822 2605 2884 2662 in
2918 2604 3163 2663 Etruria

1878 2694 1990 2769 piis
2037 2692 2459 2767 nobilibusque
2506 2694 2857 2770 parentibus
2911 2703 2964 2757 8.
3000 2695 3158 2771 Sept.

1888 2793 2050 2846 1380
2086 2786 2284 2851 natus,
2320 2783 2421 2839 sed
2443 2783 2676 2857 origine
2707 2786 2769 2841 et
2801 2803 2836 2842 a
2866 2784 3046 2861 longo
3062 2785 3160 2842 in·

1879 2872 2074 2939 colatu
2109 2871 2353 2930 Senen
2373 2871 2478 2929 sis
2521 2873 2915 2931 communiter
2945 2873 3157 2931 dictus.

1880 2962 2138 3020 Honeste
2189 2960 2472 3019 educatus
2522 2961 2679 3019 inter
2724 2962 2915 3036 prima
2964 2982 3161 3039 gram·

1878 3050 2130 3109 maticae
2180 3049 2381 3108 studia
2429 3050 2669 3125 pietatis
2719 3055 2900 3126 atque
2932 3052 3158 3110 miseri-

1878 3138 2109 3197 cordiae
2156 3139 2434 3215 operibus
2485 3143 2681 3197 totum
2735 3158 2795 3197 se
2847 3140 3157 3216 impendit.

1880 3228 2336 3304 Aegrotantium
2400 3246 2538 3286 cura
2595 3228 2949 3299 adolescenS‚
3014 3229 3160 3288 dum

1878 3323 2043 3375 atrox
2060 3316 2403 3393 pestilentia
2416 3321 2804 3393 grassaretur,
2822 3317 3157 3377 incredibili

1878 3407 2121 3464 caritate
2184 3424 2309 3464 sese
2371 3406 2648 3464 exercuit.
2711 3407 2891 3465 Gravi
2953 3409 3161 3466 morbo

1876 3498 2145 3554 tentatus
2180 3513 2367 3569 eoque
2399 3495 2472 3552 ad
2505 3498 2765 3570 quatuor
2794 3514 3029 3554 menses
3051 3516 3156 3571 pa·

1880 3584 2231 3643 tientissime
2263 3584 2515 3642 tolerato
2556 3583 2793 3643 demum
2827 3585 3157 3649 incolumis,

1878 3674 1949 3732 de
1982 3675 2138 3732 vitae
2172 3673 2481 3749 religiosae
2503 3673 2783 3732 instituto
2803 3675 3154 3750 capessendo

1877 3762 2202 3821 deliberare
2234 3762 2441 3838 coepit.
2485 3763 2623 3822 Post
2655 3762 2923 3821 assiduas
2956 3782 3159 3839 preces

1877 3870 2230 3927 asperasque
2278 3851 2672 3925 poenitentias
2718 3871 2786 3909 ex
2834 3852 3036 3911 divina
3066 3854 3157 3911 in-

1876 3941 2199 4016 spiratione
2233 3960 2276 3998 s.
2314 3940 2611 3999 Francisci
2643 3942 2905 3999 ordinem
2941 3945 3034 4000 est
3064 3943 3156 4000 in-

1875 4048 2115 4107 gressus
2145 4025 2373 4111 (1402)
2407 4033 2466 4087 et
2487 4029 2728 4104 quidem
2748 4049 2815 4088 ea
2832 4030 2896 4088 in
2917 4031 3155 4099 familia,

1876 4139 2027 4195 quae
2048 4119 2406 4196 rigidissime
2425 4122 2687 4177 servaret
2698 4120 2983 4196 regulam.
3012 4120 3155 4178 Cum

1875 4208 1928 4267 ei
1963 4208 2340 4285 praedicandi
2374 4226 2524 4266 onus
2556 4213 2710 4266 esset
2728 4209 3074 4283 impositum
3096 4214 3157 4268 et

1956 4476 1989 4539 ¹)
2019 4471 2101 4523 Cf.
2132 4470 2307 4523 Eubel
2338 4470 2535 4521 Gesch.
2577 4470 2677 4521 der
2704 4470 3155 4524 oberdeutschen

1875 4542 2289 4612 (Stra‘burger)
2355 4539 2906 4611 Minoritenprovinz
2960 4541 3155 4595 Wssrz·

1880 4616 2023 4682 burg
2053 4617 2193 4669 1886
2220 4631 2352 4682 pag.
2381 4618 2465 4666 35.

1950 4690 1988 4755 ²)
2055 4683 2208 4737 Haec
2271 4683 2717 4752 diligentissime
2779 4688 3034 4739 recenset
3096 4684 3153 4737 P.

1874 4755 1915 4807 L
1934 4756 1953 4808 i
1971 4773 2009 4807 n
2026 4755 2063 4809 d
2079 4775 2118 4809 n
2135 4772 2163 4807 e
2181 4773 2207 4808 r
2237 4757 2297 4808 in
2317 4756 2351 4809 l.
2382 4752 2484 4808 Die
2504 4756 2637 4810 Jibte
2667 4756 2783 4810 und
2803 4756 3039 4811 Monche
3056 4757 3157 4809 der

1876 4826 2441 4881 Benediktinerabtei
2479 4827 2793 4895 'Pegerasee
2831 4844 2960 4900 pag.
2989 4833 3054 4884 51
3086 4845 3160 4881 ss,

535 4891 698 4950 tinae
729 4899 882 4952 1521
916 4889 979 4948 in
999 4892 1033 4947 f.
1059 4889 1501 4948 -Joannes
1526 4888 1815 4946 Gritsch
1872 4899 1980 4951 sub
2010 4916 2148 4951 num
2176 4903 2263 4954 47.
