3475 5364
456 314 476 363 1
501 310 615 363 179
687 298 1058 350 1501—1520.
1085 292 1398 363 Theologia.
1423 290 1654 346 moralis
1680 295 1737 346 et
1764 294 1909 361 past.
1935 291 2353 357 Summenhart‚
2395 292 2697 363 Romming
2717 296 2822 347 etc.
2899 312 2916 361 1
2939 312 3059 365 130

443 499 554 539 nae
585 485 646 540 et
677 501 724 537 a.
756 489 918 544 1484
953 481 1115 539 illius
1148 484 1369 540 rector:
1403 479 1560 556 quod
1594 499 1723 537 mu·
1782 478 1937 537 xisse
1969 478 2195 555 legitur
2209 474 2254 559 ¹)
2298 478 2488 538 adhuc
2529 500 2577 537 a.
2626 488 2802 542 1508.
2862 479 3062 554 Ipsius

444 589 559 628 nus
591 573 685 628 ter
717 569 910 629 adhuc
938 571 1140 647 gessit.
1203 571 1413 629 Postea
1443 588 1502 627 se
1535 570 1723 645 magis
1783 572 1927 626 sunt
1951 568 2446 641 Reformatorium
2475 571 2621 627 vitae
2651 587 2985 645 morumque
3002 574 3065 629 et

336 732 339 733 7
446 659 741 717 convertit
786 658 860 717 ad
904 660 1258 735 theologiam
1291 659 1601 733 factusque
1634 660 1726 716 est
1781 657 2111 716 honestatis
2184 657 2528 715 clericorum
2608 658 3064 717 saluberrimum

442 748 778 824 theologiae
809 748 1013 807 doctor
1045 742 1289 829 (1489).
1352 747 1515 805 Obiit
1556 750 1724 822 peste
1781 766 1915 805 cum
1946 746 2208 805 fraterna
2238 746 2490 822 quadam
2509 748 2892 822 resipiscendi
2913 768 2947 806 a
2974 748 3063 805 vi-

445 840 753 913 correptus
823 846 984 899 1502
1041 834 1234 918 (juxta
1294 836 1441 895 alios
1511 832 1723 916 1501).
1781 836 1881 893 tiis
1913 835 2315 895 exhortatione
2335 839 2396 893 et
2415 836 2488 894 ad
2508 836 2907 911 poenitentiae
2923 856 3062 912 por-

446 926 602 984 Haec
662 926 791 1002 ejus
850 944 1026 1001 opera
1074 926 1270 1003 (docta
1317 930 1377 983 et
1427 921 1722 999 erudita):
1781 929 1909 982 tum
1957 924 2294 1001 applicandi
2339 926 2739 985 admonitione
2785 944 2917 984 cum
2963 945 3061 985 ex-

444 1014 878 1074 Commentaria
907 1015 970 1074 in
1007 1034 1293 1073 summam
1315 1016 1589 1091 physicae
1619 1016 1724 1072 Al·
1782 1014 2075 1088 pressione
2107 1014 2483 1088 quorundam
2516 1016 2823 1090 signorum
2853 1016 3064 1073 ruinae

443 1104 589 1162 berti
619 1104 722 1177 M„
755 1104 1068 1181 Hagenoae
1109 1114 1306 1173 1507;
1348 1104 1442 1166 Tr.
1476 1103 1724 1179 biparti-
1782 1105 1843 1160 et
1859 1103 2267 1161 tribulationis
2283 1103 2594 1174 Ecclesiae,
2613 1104 3058 1166 Basileae1444

446 1196 545 1251 tus
577 1195 646 1251 de
663 1195 897 1252 decimis
916 1212 1022 1252 seu
1040 1194 1410 1252 defensiones
1430 1193 1726 1269 opinionis
1783 1188 2004 1272 (errore
2025 1196 2097 1250 ut
2114 1191 2354 1250 videtur
2373 1192 2821 1271 typographico)
2839 1214 2853 1263 ;
2876 1193 3060 1252 Prae-

446 1283 855 1359 theologorum
889 1283 1175 1342 adversus
1206 1282 1600 1341 communiter
1630 1300 1724 1339 ca-
1782 1282 2033 1339 cordiale
2080 1282 2440 1339 sacerdotum
2502 1282 2710 1342 devote
2772 1282 3062 1342 celebrare

443 1371 712 1431 nonistas
745 1372 817 1430 de
836 1376 1021 1447 quota
1039 1372 1417 1441 decimarum,
1454 1371 1504 1428 si
1525 1370 1727 1430 debita
1784 1369 2154 1444 cupientium
2184 1371 2335 1429 utile
2367 1373 2427 1428 et
2443 1371 2918 1440 consolatorium,
2951 1374 3063 1430 Ar-

444 1461 525 1519 sit
550 1462 684 1536 jure
717 1461 916 1519 divino
948 1461 1040 1519 vel
1076 1463 1366 1529 humano,
1414 1459 1490 1517 ib.
1538 1470 1724 1528 1497,
1780 1459 2076 1536 gentorati
2099 1468 2486 1531 1489.1490;
2511 1460 2750 1519 Parisiis
2781 1470 3062 1524 1516.—

444 1550 506 1607 in
541 1568 660 1623 quo
691 1554 871 1626 negat
894 1551 995 1625 jus
1026 1550 1321 1619 divinum3
1354 1553 1426 1607 tr.
1460 1550 1726 1608 exhorta·
1783 1547 2044 1607 Joannes
2079 1549 2415 1608 Rommin
2432 1569 2473 1626 g
2504 1550 2574 1608 de
2597 1550 2860 1608 Bareuth
2881 1552 3061 1626 (Bay-

442 1640 630 1697 torius
660 1639 732 1696 ad
761 1639 1187 1698 attendendum
1208 1657 1388 1713 super
1406 1639 1606 1698 decem
1626 1638 1727 1696 de·
1782 1638 1977 1706 reuth,
2027 1635 2374 1714 Paratanus)
2424 1643 2616 1697 rector
2661 1638 2891 1699 scholae
2941 1640 3062 1697 No·

446 1728 700 1786 fectibus
764 1728 1028 1787 virorum
1075 1728 1559 1797 monasticorum,
1608 1728 1723 1786 Tu·
1784 1726 2112 1803 rimbergae
2163 1730 2396 1802 praeter
2460 1728 2574 1786 alia
2636 1728 2875 1803 scripsit
2895 1724 2946 1809 2)
3000 1729 3062 1787 in

443 1816 659 1893 bingae
713 1826 912 1888 14983
974 1836 1121 1892 opus
1168 1817 1616 1892 septipartitum
1661 1818 1729 1874 de
1785 1816 2108 1873 utilitatem
2128 1816 2554 1890 discipulorum
2577 1817 3064 1876 Paenitentiarius

441 1906 830 1964 contractibus
887 1925 993 1982 pro
1041 1906 1440 1965 contractibus
1495 1906 1560 1965 in
1601 1906 1728 1964 foro
1783 1905 1844 1961 in
1882 1914 1916 1967 3
1953 1923 2047 1980 pp.
2082 1905 2519 1971 contritionem,
2557 1906 2981 1965 confessionem
3002 1911 3063 1965 ct

446 1994 837 2053 conscientiae
887 1998 948 2053 et
997 1995 1272 2054 exteriori
1296 1991 1362 2075 ¹),
1414 1996 1727 2072 Hagenoae
1763 1993 2243 2065 ⁸satisfactionem
2286 1994 2576 2055 discretus
2629 1995 2968 2073 multijugis
3016 2014 3060 2055 s.

454 2092 616 2145 1500
665 2084 732 2142 iu
779 2093 848 2152 43
902 2094 1101 2154 1517;
1151 2087 1225 2141 tr.
1272 2084 1613 2160 bipartitus,
1664 2084 1729 2141 in
1784 2083 2121 2158 Scripturas
2166 2087 2228 2141 et
2273 2083 2581 2143 doctorum
2613 2084 2905 2143 Ecclesiae
2932 2104 3061 2144 sen-

443 2192 563 2247 quo
609 2173 757 2249 quod
786 2173 947 2231 Deus
976 2174 1139 2231 homo
1171 2175 1303 2247 fieri
1347 2175 1613 2243 voluerit,
1666 2177 1728 2232 et
1781 2172 1990 2230 tentiis
2041 2175 2347 2247 utcunque
2398 2174 2727 2249 desumptis
2770 2174 3063 2244 redolenS,

445 2261 605 2335 quod
638 2262 883 2320 Messias
913 2262 976 2320 in
1009 2263 1138 2339 lege
1169 2266 1230 2320 et
1258 2262 1563 2338 prophetis
1591 2280 1725 2338 pro·
1784 2260 2061 2336 cuiquam
2093 2280 2290 2320 veram
2314 2280 2382 2321 ac
2401 2262 2723 2336 plenariam
2750 2264 3060 2337 poeniten·

446 2350 661 2409 missus
705 2370 825 2409 non
871 2352 1061 2409 solum
1095 2352 1286 2420 homo,
1336 2351 1436 2410 sed
1476 2357 1536 2409 et
1570 2352 1726 2408 Deus
1783 2351 1925 2408 tiam
1960 2369 2132 2427 agere
2165 2351 2447 2428 gestienti
2492 2370 2612 2410 non
2657 2352 2857 2410 minus
2890 2352 3060 2411 utilis

443 2458 568 2498 esse
599 2439 890 2509 debuerit,
932 2450 1008 2503 50
1044 2440 1299 2516 amplius
1320 2459 1364 2499 s.
1388 2441 1727 2516 Scripturas
1783 2459 1960 2514 quam
2010 2440 2411 2509 necessarius,
2472 2439 2884 2518 Nurinbergae
2933 2461 2976 2500 s.
3011 2462 3062 2500 a.

445 2527 967 2603 Hebraeorumque
1000 2529 1357 2588 testimoniis
1390 2533 1452 2586 et
1482 2530 1725 2587 rationi·
1784 2522 1866 2609 (p.
1883 2547 1931 2585 a.
1957 2524 2168 2608 1514).
2202 2528 2405 2587 Edidit
2424 2548 2661 2605 quoque
2692 2530 2960 2589 Lactan
2977 2530 3063 2588 tii

442 2618 558 2675 bus
585 2617 986 2688 confirmatur,
1019 2617 1323 2694 Tubingae
1367 2627 1527 2680 1⁴94
1574 2618 1633 2675 in
1670 2627 1725 2678 4.
1782 2616 1820 2674 l.
1853 2618 1921 2675 de
1950 2618 2175 2692 opificio
2205 2618 2319 2675 Dei
2362 2619 2455 2677 vel
2488 2618 2840 2678 formatione
2872 2619 3060 2677 homi-

441 2711 553 2765 etc.
593 2741 669 2751 —
703 2706 961 2766 Joannes
992 2707 1064 2764 de
1088 2707 1424 2782 Dalberg
1455 2707 1728 2784 egregius
1783 2707 1890 2775 nis,
1943 2707 2022 2770 ib.
2082 2717 2262 2771 1514.
2311 2740 2396 2751 —-
2440 2708 2645 2767 Jodoci
2699 2708 3060 2768 Textoris

446 2796 759 2872 episcopus
781 2796 1209 2855 wormatiensis
1231 2791 1726 2878 (1482—1503)
1783 2792 2066 2876 (Morder)
2115 2796 2479 2866 Winshemii,
2530 2797 2797 2874 magistri
2840 2798 3061 2856 artium

445 2885 597 2944 utile
658 2884 845 2943 edidit
889 2881 1176 2961 »synodale
1219 2887 1612 2944 wormatiense
1655 2885 1727 2944 de
1782 2885 1845 2942 in
1877 2885 2266 2945 universitate
2298 2886 2644 2946 Erfordiana
2674 2886 2895 2962 prodiit
2914 2886 3060 2945 For-

442 2993 564 3048 quo
598 2974 666 3031 cf.
700 2974 791 3031 Fr.
826 2973 897 3031 de
925 2973 1146 3043 Weeth‚
1171 2975 1285 3032 Das
1301 2973 1598 3032 Wormser
1618 2975 1725 3050 Sy·
1782 2994 1880 3031 ma
1922 2982 2067 3032 recte
2101 2976 2433 3048 poenitendi
2480 2975 2836 3050 Erphurtiae
2878 2986 3058 3039 1515.

445 3062 655 3121 nodale
687 3080 804 3120 von
843 3071 1029 3132 1496,
1062 3063 1384 3121 Karlsruhe
1423 3072 1605 3128 1875.
1641 3097 1726 3105 —
1794 3073 1988 3133 1516;
2031 3074 2214 3132 1517,
2248 3064 2319 3122 de
2351 3084 2469 3139 qua
2498 3063 2864 3124 efiKatholik
2897 3073 3057 3128 1899

444 3151 786 3209 Jacobus
818 3151 1173 3237 Philippi
1221 3152 1595 3221 BasileensiS,
1633 3171 1725 3210 sa·
1782 3152 1828 3220 Ι,
1852 3161 2233 3222 382-384;
2266 3154 2341 3222 ΙΙ,
2380 3163 2478 3215 94.
2499 3155 2562 3212 et
2591 3153 2793 3213 Oratio
2825 3156 2893 3213 de
2913 3173 3061 3229 pas·

444 3259 576 3298 crae
609 3240 859 3316 paginae
891 3240 1304 3300 baccalaureus
1325 3241 1631 3311 formatus,
1666 3245 1727 3300 et
1782 3243 1939 3300 aione
1973 3242 2230 3319 Domini,
2264 3242 2340 3300 ib.
2388 3252 2568 3311 1514,
2602 3261 2738 3301 cum
2769 3243 2884 3302 alia
2915 3244 2985 3302 de
3015 3262 3059 3301 s.

445 3329 723 3388 ecclesiae
753 3329 1101 3389 basileensis
1142 3331 1450 3406 plebanus,
1498 3331 1724 3390 theolo·
1782 3330 2394 3390 Ivone.-·Andrea
2415 3350 2442 3390 s
2476 3331 2741 3391 Proles
2762 3333 2826 3391 Ο.
2841 3332 2896 3390 S.
2911 3333 3059 3409 Aug.

443 3419 573 3494 giae
590 3419 950 3494 magisteria
969 3419 1360 3479 universitate
1381 3421 1587 3495 patria.
1622 3420 1724 3478 Vi·
1782 3419 2129 3479 Dresdensis
2173 3439 2230 3478 n.
2287 3431 2334 3480 1.
2370 3420 2493 3480 Oct.
2536 3431 2731 3491 1429,
2779 3422 3061 3499 magister

1781 3509 2187 3584 philosophiae
2219 3514 2279 3567 et
2309 3510 2638 3586 theologiae
2659 3511 2859 3580 lector,
2894 3530 3059 3587 mag-

524 3647 559 3712 ¹)
587 3641 704 3696 Vor
729 3642 899 3696 allem
926 3642 1079 3697 diese
1108 3644 1324 3697 Schrift
1348 3643 1450 3696 hat
1476 3646 1529 3697 S.
1557 3643 1725 3696 einen
1780 3617 1894 3657 nus
1941 3599 2055 3657 fnit
2103 3599 2572 3676 congregationis
2617 3600 2919 3659 saxonicae
2969 3618 3060 3658 ω’

446 3713 783 3768 bleibenden
832 3713 991 3769 Wert
1033 3715 1337 3768 verschafft
1379 3715 1471 3767 fiir
1497 3714 1606 3768 alle
1632 3713 1724 3768 die
1782 3688 1932 3746 lOtes
1956 3683 2026 3768 3)’
2077 3689 2175 3746 sed
2223 3688 2401 3746 nimis
2436 3688 2730 3747 Vi⁰l⁶¹¹t¹²⁸
2769 3691 2830 3746 0¹⁵
2862 3689 3059 3746 minus

447 3785 553 3837 mit
590 3786 689 3838 der
733 3785 1225 3841 Volkswirtschaft
1262 3786 1725 3840 zusammenhitn-

446 3856 668 3910 crenden
685 3859 793 3911 Fra
835 3874 907 3910 en
926 3879 936 3910 :
956 3856 1278 3926 Eigentum‚
1298 3856 1723 3926 Kaufgeschfift,

363 3929 368 3933 ”
441 3900 783 3981 ᾒευὴθηὶςειι
814 3970 827 3992 ,
850 3928 1496 3998 Gesellschaftsvertrag‚
1525 3926 1723 3982 Wech-
1856 3932 1894 3996 ¹)
1924 3927 2005 3982 Cf.
2034 3928 2093 3983 L.
2122 3928 2359 3983 Schulze
2384 3930 2444 3985 in
2469 3929 2599 3983 diss.
2617 3928 2717 3982 das
2732 3930 3058 3984 reformato-

443 3999 541 4052 sel.
595 3999 695 4053 Die
742 3999 976 4052 Theoi-ie
1021 3999 1119 4053 des
1164 3997 1439 4053 Wuchers
1479 3999 1723 4070 (Zinsen-
1780 4000 1926 4053 rium
1956 4000 2108 4054 vitae
2134 4000 2462 4054 clericorum
2482 4001 2571 4054 ein
2591 3999 2939 4069 Spiegelbild
2957 4018 3059 4054 aus

446 4070 708 4138 nehmen)
736 4070 889 4124 zieht
933 4070 1051 4125 sich
1092 4071 1271 4123 durch
1313 4069 1391 4123 sie
1420 4069 1722 4126 hindurch.
1780 4071 1880 4125 der
1923 4071 2045 4125 Zeit
2086 4071 2187 4124 der
2226 4071 2612 4126 Reformation
2652 4071 2711 4124 in
2754 4071 3059 4126 Luthardti

445 4139 719 4210 Obgleich
768 4157 827 4195 er
877 4142 982 4194 auf
1027 4141 1154 4194 dem
1206 4144 1470 4211 strengen
1524 4141 1723 4195 Stand·
1783 4142 2046 4197 Zeitschr.
2075 4143 2166 4195 fiir
2192 4142 2392 4197 kirchl.
2419 4142 2758 4202 Wissensch.
2780 4161 2836 4199 u.
2858 4143 3057 4198 kirchl.

442 4211 664 4332 punkte
693 4211 791 4266 der
817 4212 1032 4265 alter-en
1060 4212 1181 4265 Zeit
1206 4212 1371 4276 steht,
1398 4212 1576 4267 bietet
1602 4214 1722 4267 sein
1779 4215 1966 4268 Leben
1996 4218 2133 4272 1886
2159 4231 2214 4282 p.
2235 4217 2305 4272 98
2332 4231 2429 4274 ss.:
2458 4216 2515 4268 et
2539 4215 2687 4268 idem
2715 4215 2775 4266 in
2796 4214 3056 4270 Realenc.

468 4283 616 4336 Verk
671 4283 831 4337 nicht
887 4284 1031 4338 bloss
1072 4284 1311 4338 manche
1352 4284 1723 4339 interessante
1779 4284 2008 4349 XV111⁹‚
2035 4289 2336 4342 228—232.

444 4371 589 4408 neue
641 4355 1118 4424 Gesichtspunkte
1170 4357 1290 4421 dar,
1352 4355 1598 4410 sondern
1652 4357 1726 4410 ist
1854 4360 1892 4428 2)
1922 4356 2003 4410 Cf.
2051 4357 2119 4411 N.
2173 4355 2386 4410 Paulus
2447 4356 2718 4411 Katholik
2781 4361 2935 4420 1900,
2989 4358 3055 4422 ΙΙ,

445 4426 768 4496 uberhaupt
793 4427 884 4481 fiir
919 4426 1010 4480 die
1038 4427 1452 4498 Beurtheilung
1478 4427 1577 4481 der
1604 4427 1725 4482 Zeit
1779 4433 2080 4486 570-575.

444 4497 563 4551 und
615 4497 768 4552 ihrer
818 4498 1156 4553 Wirtschaft
1204 4517 1315 4554 von
1363 4499 1721 4569 Bedeutung.
1854 4505 1894 4568 ⁸)
1926 4499 2008 4554 Cf.
2036 4498 2176 4553 Zeck
2195 4498 2306 4564 Kb,
2330 4505 2413 4556 10.
2440 4504 2576 4558 4602
2604 4499 2674 4554 N.
2706 4499 2931 4566 Paulus,
2958 4501 3059 4553 der

443 4569 479 4623 S
497 4570 578 4623 ch
598 4570 758 4624 ulte
800 4570 937 4641 allg.
965 4571 1018 4626 d.
1047 4570 1235 4640 Biogr.
1262 4576 1347 4636 37,
1379 4577 1498 4628 156.
1552 4571 1635 4626 Cf.
1663 4572 1721 4624 in
1781 4571 2336 4642 Augustinermonch
2386 4572 2434 4625 J.
2465 4570 2826 4625 Hoffmeister
2853 4590 2908 4641 p.
2936 4577 3057 4628 121.

440 4641 644 4765 §rimis
671 4642 1049 4696 Linsemann:
1078 4641 1142 4696 K.
1171 4643 1587 4696 Summeuhart.
1620 4641 1722 4694 Ein
1779 4642 2005 4697 Flacius
2054 4642 2313 4710 lllyricus
2357 4645 2646 4696 auctorem
2693 4647 2948 4697 nostrum
2975 4642 3057 4695 in·

497 4713 777 4768 ulturbild
793 4730 895 4767 aus
911 4714 1020 4766 den
1036 4712 1336 4783 Anfangen
1361 4714 1461 4767 der
1491 4713 1722 4766 Univer-
1779 4715 2068 4784 eptissime
2093 4713 2336 4767 testibus
2363 4714 2623 4768 veritatis
2659 4714 2694 4768 i.
2722 4731 2768 4768 e.
2797 4731 3058 4784 praecur-

442 4785 577 4839 sitat
602 4786 919 4855 Tfibingen,
947 4784 1247 4854 'l'ilbingen
1278 4789 1446 4845 1877;
1484 4785 1722 4839 Janssen
1781 4785 2002 4840 soribus
2027 4785 2448 4839 reformationis
2473 4786 2842 4839 adnumerat:
2885 4801 3056 4853 quam

443 4857 481 4911 I.
517 4862 615 4913 143
642 4875 683 4911 s.
711 4857 797 4910 ed.
819 4861 903 4913 18.
1781 4857 1960 4926 ipsius
2000 4856 2326 4911 illusionem
2373 4858 2462 4911 vel
2506 4856 2686 4911 Kolde
2732 4857 2794 4909 in
2834 4874 2924 4926 op.
2954 4856 3056 4909 Die
