3475 5364
617 345 739 398 299

614 511 699 572 cis
749 514 1149 582 decretalium,
1200 511 1469 571 Basileae
1523 520 1724 582 14873
1778 509 1890 568 Ve-

614 603 793 661 netiis
863 612 1045 666 1491.
1106 612 1288 666 1502.
1347 610 1547 671 15643
1610 598 1890 677 Lugduni

625 701 820 761 15193
853 691 1081 751 Patavii
1112 701 1298 760 1667,
1333 689 1753 765 compendium
1768 688 1893 747 scil.

613 780 785 839 valde
816 781 968 839 utile
999 785 1061 839 et
1091 781 1394 856 copiosum
1427 780 1583 854 juris
1610 778 1894 846 canonici,

613 870 948 928 multumin
960 868 1462 944 praelectionibus
1474 872 1536 925 et
1546 889 1580 927 a
1591 869 1771 943 script
1779 870 1894 926 ori-

612 959 727 1017 bus
744 957 1078 1017 adhibitum
1095 953 1140 1038 ¹)
1175 957 1622 1033 posterioribus.
1645 990 1729 1000 —-
1751 956 1895 1015 Gui-

613 1048 830 1106 lelmus
863 1047 1059 1106 Naso
1106 1044 1188 1127 (fl.
1230 1042 1422 1126 1227)
1474 1047 1758 1123 magister
1788 1046 1892 1105 bo·

613 1136 913 1195 noniensis
958 1136 1201 1212 scripsit
1244 1137 1522 1195 lecturam
1562 1139 1624 1194 et
1653 1136 1894 1193 distinc-

612 1228 794 1285 tiones
826 1227 888 1284 in
921 1226 1242 1285 decretales
1276 1223 1547 1301 Gregorii
1578 1224 1694 1293 lx„
1749 1243 1894 1299 qua-

613 1334 745 1373 rum
779 1333 927 1373 usus
958 1320 1020 1373 et
1050 1314 1307 1389 vestigia
1325 1315 1706 1389 reperiuntur
1735 1313 1894 1387 apud

611 1404 971 1480 posteriores
1031 1404 1382 1463 canonistas,
1457 1433 1544 1445 --
1603 1403 1746 1461 Ros
1754 1404 1781 1458 f
1790 1422 1820 1460 r
1834 1421 1891 1460 e-

613 1493 751 1551 dus
811 1493 1131 1568 Epiphanii
1196 1489 1293 1573 (cle
1353 1491 1703 1567 Epiphanio,
1753 1491 1893 1567 Epi-

612 1577 925 1663 phanides)
946 1582 1422 1650 Beneventanus,
1445 1582 1744 1639 Bononiae
1763 1584 1893 1640 stu·

612 1671 709 1729 dio
732 1671 889 1744 juris
920 1676 1242 1740 vacaverat,
1279 1670 1617 1746 magisterio
1651 1671 1895 1729 functus

611 1762 706 1818 est
735 1759 920 1817 Fretii
964 1756 1210 1839 (1215),
1258 1758 1397 1817 dein
1442 1778 1678 1835 operam
1724 1778 1890 1835 prae-

609 1848 747 1906 buit
766 1848 1059 1907 Friderico
1081 1848 1153 1905 11.
1192 1848 1480 1907 Defuncta
1498 1867 1679 1907 uxore
1700 1867 1894 1906 sacros

611 1938 873 2012 suscepit
906 1937 1140 1996 ordines
1174 1937 1484 2011 factusque
1523 1929 1892 1996 est‘clericus

611 2044 872 2085 camerae
902 2026 1234 2102 pontificiae
1298 2026 1409 2085 sub
1462 2026 1745 2101 Gregorio
1796 2027 1890 2084 IX.

612 2113 672 2197 (†
721 2134 776 2190 p.
828 2136 875 2173 a.
934 2115 1142 2193 1243).
1207 2115 1473 2191 Reliquit
1517 2114 1755 2174 libellos
1818 2115 1891 2174 de

601 2205 739 2280 jure
757 2205 1049 2273 canonico,
1085 2205 1149 2263 in
1177 2205 1398 2279 quibus
1419 2204 1545 2280 agit
1577 2217 1621 2266 l.
1643 2205 1716 2275 de
1736 2206 1886 2263 elec-

608 2294 875 2352 tionibus
907 2298 968 2352 et
999 2293 1534 2369 postulationibu83
1573 2302 1627 2354 2.
1648 2294 1721 2352 de
1733 2294 1888 2369 juri·

608 2383 723 2441 bus
755 2383 1208 2457 episcopalibuS,
1242 2382 1690 2458 metropoliticis
1711 2387 1773 2441 et
1793 2402 1886 2443 ar·

567 2546 571 2549 ¹
607 2471 1139 2542 chidiaconalibu83
1166 2482 1219 2533 3.
1242 2490 1421 2546 super
1435 2473 1813 2548 sponsalibus
1828 2478 1890 2530 et

605 2560 1001 2619 matrimoniis
1050 2565 1112 2618 et
1157 2561 1603 2634 impedimentis
1647 2580 1886 2631 eorum;

1152 330 1290 383 1226
1303 330 1523 382 -1250,
1549 324 1582 379 J
1589 341 1653 377 us
1678 325 2036 379 canonicum.
2065 322 2235 387 Naso,
2264 320 2563 381 Roffredus
2588 322 2696 375 etc.

3162 333 3299 386 300

1950 508 2140 566 decim
2200 526 2315 582 pp.,
2381 526 2530 582 quas
2580 505 2965 583 promiserat,
3036 508 3301 579 septem

1948 600 2177 656 tantum
2190 596 2533 666 elaboravit,
2564 615 2714 671 quae
2727 598 3056 656 Summam
3079 610 3295 667 quan-

1951 686 2085 745 dam
2126 685 2283 761 juris
2333 685 2599 744 canonici
2647 686 2801 744 sorte
2854 684 3085 742 minua
3131 682 3302 740 bene

1952 774 2318 851 dispositam,
2333 774 2434 834 sed
2450 793 2591 834 sane
2605 775 2819 833 utilem
2836 773 3048 833 consti
3060 775 3298 833 tuunt,

1952 864 2015 923 in
2046 883 2166 939 qua
2209 864 2635 923 conscribenda
2665 868 2726 922 et
2755 862 3297 939 praecedentium

1952 957 2013 1012 et
2030 953 2367 1028 aequalium
2390 952 2655 1013 virorum
2676 953 2996 1012 doctorum
3020 951 3300 1009 labores

1952 1037 2415 1123 consulueratl),
2465 1042 2670 1117 Spirae
2710 1050 2912 1111 15023
2961 1039 3293 1116 Lugduni

1963 1141 2125 1196 1538
2161 1134 2268 1190 etc.

2050 1318 2185 1372 168.
2220 1308 2429 1385 Neque
2492 1307 2684 1366 solum
2736 1307 2909 1366 Italia
2974 1308 3289 1383 insignes

1948 1398 2208 1473 protulit
2236 1398 2588 1456 canonistas.
2621 1397 2705 1455 Ex
2736 1397 3050 1474 germanis
3088 1415 3285 1473 mag·

1950 1506 2094 1546 num
2117 1486 2231 1544 sibi
2252 1505 2468 1545 nomen
2503 1486 2643 1545 fecit
2660 1486 2923 1545 «Ioannes
2957 1486 3132 1544 Sem
3148 1504 3285 1544 eca

1952 1572 2247 1656 (Zemeke)
2267 1596 2301 1633 a
2318 1576 2508 1651 patria
2538 1576 2583 1633 T
2599 1595 2630 1634 e
2647 1595 2689 1633 u
2703 1578 2732 1634 t
2747 1593 2781 1633 o
2798 1595 2833 1632 u
2854 1576 2874 1633 i
2891 1594 2922 1633 c
2938 1595 2983 1633 u
2999 1594 3031 1633 s
3066 1575 3281 1650 vulgo

1949 1665 2142 1723 dictus
2154 1660 2224 1745 2),
2272 1666 2646 1740 praepositus
2690 1683 2734 1723 s.
2778 1665 3075 1740 Stephani
3132 1665 3276 1722 hal-

2030 1895 2063 1959 ¹)
2090 1885 2173 1942 Cf.
2204 1887 2438 1942 Schulte
2465 1887 2536 1950 11,
2563 1891 2631 1945 75
2658 1905 2728 1941 ss.
2781 1886 3038 1940 Laudari
3086 1903 3267 1957 prae·

1948 1960 2383 2028 tereapossunt:
2410 1962 2437 2013 J
2461 1975 2743 2012 oannes
2768 1959 3266 2012 dePetesella

1950 2030 2255 2100 Hispanus,
2306 2031 2495 2100 patria
2544 2031 3067 2098 Compostellanus,
3137 2047 3260 2084 ma-

1945 2101 2122 2171 gister
2148 2102 2513 2157 bononiensis
2528 2119 2579 2157 a.
2598 2106 2754 2166 1223,
2776 2104 2943 2171 cujus
2959 2104 3259 2155 Summam

1947 2174 2434 2245 (manuscriptam)
2458 2192 2627 2245 super
2648 2173 2833 2226 titulis
2862 2173 3257 2226 decretalium

1947 2243 2229 2313 (Gregorii
2278 2245 2390 2317 lX.)
2436 2245 2672 2299 Schulte
2716 2245 2753 2298 1.
2800 2262 2846 2299 c.
2875 2264 2931 2315 p.
2958 2249 3026 2300 81
3060 2242 3253 2315 pluri-

1946 2334 2103 2370 mum
2148 2316 2350 2370 laudat
2385 2333 2421 2369 a
2459 2333 2668 2387 magna
2694 2316 3020 2370 eruditione
3061 2320 3122 2369 et
3153 2332 3253 2385 pe·

1945 2389 2081 2441 ritia
2130 2388 2189 2442 in
2230 2391 2478 2458 utroque
2510 2390 2658 2457 jure,
2700 2405 2734 2441 a
2779 2387 2996 2457 judicio
3040 2388 3252 2441 critico

1945 2462 2004 2513 et
2028 2460 2233 2529 sagaci,
2275 2461 2346 2513 ab
2386 2458 2748 2514 accuratione
2776 2463 2835 2512 et
2860 2476 3031 2513 sensu
3081 2476 3243 2529 prac-

1945 2531 2075 2595 tice,
2114 2531 2187 2583 ab
2228 2530 2603 2600 expositionis
2646 2531 2957 2584 vivacitate
3004 2534 3065 2583 et
3107 2548 3241 2584 con-

1944 2602 2187 2656 cisione:
2230 2620 2295 2657 ea
2322 2605 2512 2656 tamen
2541 2602 2730 2655 minus
2772 2603 2833 2655 in
2864 2619 2973 2655 usu
3004 2602 3243 2655 videtur

609 2660 663 2712 4·
701 2667 880 2727 super
912 2649 1189 2718 decimis?
1229 2659 1281 2713 5·
1316 2667 1496 2726 super
1519 2650 1760 2724 juribus
1781 2671 1883 2727 ΡΒ·
1944 2675 2266 2740 fuisse,imo
2286 2675 2402 2729 fere
2432 2673 2709 2730 oblivioni
2737 2677 2892 2727 data.
2918 2708 2990 2717 —
3020 2674 3235 2745 Hugo

604 2741 909 2808 tronatus3
961 2750 1013 2801 6.
1066 2757 1246 2814 super
1291 2740 1767 2815 spoliationibus,
1815 2740 1887 2799 de
1943 2747 2012 2800 de
2040 2747 2224 2801 Miro
2246 2764 2350 2800 ma
2368 2746 2431 2800 ri
2456 2746 2793 2818 (Miramors)
2824 2747 3236 2817 montispessu-

605 2828 877 2903 pgrochig
900 2846 1222 2903 eorumque
1226 2829 1469 2903 juribus
1486 2835 1615 2898 &04
1636 2840 1689 2892 7,
1707 2848 1889 2904 super
1943 2818 2107 2871 lanae
2149 2817 2413 2876 ecclesiae
2453 2817 2896 2872 archidiaconus
2936 2821 2997 2871 et
3021 2818 3082 2873 in
3100 2819 3234 2888 jure

605 2917 1102 2986 accusationibus,
1150 2917 1648 2990 inquisitionibus
1695 2923 1758 2977 et
1787 2919 1884 2978 de·

604 3006 1108 3076 nunciationibus;
1124 3015 1177 3068 8.
1192 3007 1262 3065 de
1274 3008 1885 3066 excommunicationi·

603 3095 1884 3171 bus,quandodicanturinjustaevelnullae;

607 3195 660 3247 9.
695 3183 768 3242 de
807 3183 1116 3259 judicibus
1157 3188 1219 3244 et
1265 3185 1507 3244 arbitris
1559 3186 1882 3262 eligendis3

613 3284 705 3336 10.
740 3272 813 3331 de
834 3273 1365 3349 appellationibus3
1409 3286 1502 3337 11.
1537 3274 1609 3333 de
1641 3294 1882 3334 exsecu-

600 3362 765 3421 tione
809 3362 895 3421 rei
932 3362 1265 3438 judicatae;
1323 3373 1416 3425 12.
1465 3382 1646 3440 super
1693 3366 1885 3442 gratia

601 3451 872 3527 petenda,
937 3471 1090 3528 quae
1138 3470 1258 3511 non
1308 3454 1372 3510 in
1422 3452 1612 3530 figura
1663 3454 1882 3529 judicii

599 3541 826 3615 petenti
877 3542 1237 3600 conceditur.
1300 3542 1414 3600 Sed
1459 3561 1527 3600 ex
1579 3543 1672 3600 his
1735 3542 1883 3602 duo-

681 3750 714 3818 ¹)
732 3746 839 3800 Sch
849 3747 965 3800 ulte
985 3748 1048 3805 11.
1066 3753 1135 3803 89
1156 3769 1166 3800 :
1190 3747 1252 3800 ln
1269 3747 1537 3816 gewisser
1553 3747 1883 3818 Beziehung

599 3817 756 3871 kann
785 3835 844 3871 er
872 3817 992 3871 sein
1020 3818 1196 3872 Werk
1224 3834 1334 3871 neu
1363 3819 1482 3872 und
1532 3819 1884 3873 unversucbt

601 3905 844 3950 nenuen,
872 3890 1065 3942 indem
1111 3906 1171 3943 er
1196 3890 1289 3943 ein
1316 3890 1684 3958 cigentliches
1715 3890 1880 3944 Lehr·

598 3961 747 4014 buch
776 3961 873 4013 des
899 3960 1275 4014 canonischen
1305 3960 1510 4015 Rechts
1552 3961 1631 4015 im
1659 3962 1880 4030 System

599 4031 698 4085 der
749 4030 1090 4085 Dekretaleu
1142 4031 1346 4087 liefert.
1400 4033 1500 4087 Die
1542 4034 1880 4104 m'oglichste

597 4102 781 4155 Kiirze
823 4105 966 4156 trotz
1018 4103 1174 4157 einer
1224 4104 1331 4156 auf
1374 4105 1475 4158 das
1527 4103 1716 4158 Detail
1766 4108 1878 4160 ein·

598 4173 894 4244 gehenden
910 4173 1254 4229 reichlicheu
1267 4176 1566 4240 Casuistik,
1582 4176 1706 4231 eine
1718 4177 1878 4230 klare

1943 2889 2215 2944 canonico
2244 2890 2534 2959 magister,
2574 2890 2709 2943 dein
2735 2892 2797 2946 O.
2827 2889 3112 2952 Carthus.,
3138 2906 3233 2941 cu-

1933 2962 2031 3031 jus
2077 2960 2240 3015 flores
2279 2961 2422 3031 juris
2463 2961 2742 3026 canonici,
2784 2958 3234 3014 commentarius

1940 3032 2000 3084 iu
2024 3032 2411 3102 Apocalypsin
2433 3035 2491 3086 et
2504 3032 2619 3086 alia
2633 3033 2879 3086 ascetica
2895 3037 3235 3086 manserunt

1941 3103 2161 3159 inedita
2204 3111 2252 3174 (†
2298 3107 2475 3170 1242).
2527 3105 2612 3159 Cf.
2657 3103 2852 3157 Oudin
2894 3104 2993 3169 ΠΙ,
3035 3109 3123 3161 50.
3164 3135 3231 3145 —

1941 3175 1986 3229 Τ
2003 3175 2041 3229 h
2058 3193 2089 3229 o
2111 3195 2165 3229 m
2181 3193 2215 3228 a
2231 3194 2256 3228 s
2285 3174 2593 3246 Capuanus
2619 3176 2693 3229 ab
2724 3174 2983 3229 Honorio
3002 3176 3099 3229 llI.
3115 3192 3231 3228 car·

1941 3246 2153 3300 dinalis
2192 3265 2234 3299 s.
2262 3247 2507 3301 Sabinae
2548 3249 2788 3308 creatus,
2828 3247 2891 3298 in
2932 3246 3230 3316 legationi-

1947 3322 2047 3371 bus
2074 3336 2107 3372 a
2135 3319 2408 3386 Gregorio
2438 3317 2529 3372 lX.
2558 3318 2872 3381 adhibitus,
2900 3318 3227 3388 patriarcha

1941 3406 2171 3458 quoque
2198 3389 2739 3458 hierosolymitanus
2767 3395 2815 3461 (τ
2842 3394 3025 3458 1239),
3067 3391 3229 3459 cujus

1940 3463 2026 3514 est
2049 3465 2280 3516 dictator
2306 3462 2517 3515 multas
2545 3461 2730 3516 bonas
2758 3461 3105 3530 pontificum
3130 3501 3144 3514 .
3172 3501 3185 3512 .
3214 3503 3228 3514 .

1940 3532 2082 3586 alias
2108 3532 2377 3604 epistolas
2405 3550 2532 3586 cum
2561 3532 2799 3601 publico
2846 3534 2973 3586 tum
3004 3533 3227 3602 privato

1940 3606 2169 3659 nomine
2213 3604 2453 3675 scriptas
2498 3604 2815 3668 continens,
2853 3604 3014 3674 apud
3060 3603 3227 3658 Hahn

1939 3675 2155 3730 collect.
2177 3679 2680 3729 monumentorum
2704 3675 2744 3738 I,
2760 3680 2866 3732 279
2878 3679 3069 3738 —385‚
3086 3692 3226 3746 opus

1940 3747 2249 3803 miscellum
2271 3748 2421 3814 ⁷scria
2448 3750 2507 3801 et
2522 3747 2736 3815 Jocosa,
2764 3763 2965 3815 prosas
2998 3751 3058 3801 et
3074 3747 3224 3816 ryth-

1939 3835 2058 3872 mos
2086 3817 2402 3873 continens.
2455 3817 2537 3874 of.
2565 3818 2863 3872 Fabricius
2896 3819 2988 3883 Vl,
3016 3824 3137 3875 542.

2014 3895 2053 3962 ²)
2080 3891 2243 3943 Alius
2288 3891 2359 3943 ab
2386 3889 2602 3944 illustri
2645 3888 2675 3943 J
2696 3906 2936 3944 oanne
2974 3906 3010 3942 a
3056 3889 3223 3944 Wil-

1937 3961 1973 4013 d
1990 3978 2018 4014 e
2036 3979 2061 4014 s
2076 3960 2115 4013 h
2131 3979 2165 4014 a
2182 3978 2218 4014 u
2236 3979 2260 4013 s
2276 3979 2304 4014 e
2324 3980 2377 4025 11,
2430 3962 2530 4030 qui
2582 3980 2616 4015 a
2661 3980 2701 4014 s.
2761 3962 2919 4016 Domi
2932 3960 3058 4016 uico
3104 3963 3223 4032 ipso

1938 4036 2150 4086 vestem
2201 4032 2527 4103 religiosam
2578 4033 2815 4103 accepit,
2867 4032 3007 4087 dein
3071 4035 3224 4103 prior

1937 4103 2305 4173 provincialis
2332 4104 2587 4174 praefuit-
2605 4103 2938 4174 provinciae
2959 4105 3223 4174 hungari-

1936 4192 2032 4229 cae
2059 4179 2261 4248 (1228),
2300 4180 2359 4230 et
2397 4177 2612 4231 electus
2651 4179 2738 4230 est
2775 4175 3083 4247 episcopus
3110 4178 3222 4230 bos·

599 4246 718 4300 und
759 4246 978 4300 uberan
1019 4247 1434 4301 verstandliche
1474 4249 1740 4316 Sprache‚
1782 4265 1880 4301 un·
1936 4247 2150 4302 niensis
2194 4252 2376 4316 (1232)
2405 4265 2437 4300 a
2466 4247 2738 4319 Gregorio
2766 4248 2860 4300 IX.
2887 4249 3060 4302 Anno
3088 4253 3219 4305 1237

597 4317 868 4386 bedingte
897 4315 1404 4372 Entschiedenheit
1436 4319 1496 4372 in
1524 4319 1755 4400 Losung
1782 4320 1880 4373 der
1935 4317 2239 4372 abdicandi
2267 4319 2597 4374 facultatem
2633 4318 2888 4373 obtinuit
2912 4321 2972 4372 et
2996 4319 3070 4372 ad
3098 4336 3220 4373 suos

598 4388 1012 4444 Controversen
1040 4389 1168 4444 sind
1197 4390 1648 4444 unbestreitbare
1677 4392 1879 4460 Ergen-
1936 4389 2136 4451 rediit;
2179 4395 2313 4447 1241
2359 4392 2573 4444 electus
2612 4392 2698 4444 est
2736 4391 2799 4443 in
2826 4391 3218 4460 praepositum

595 4460 850 4515 schaften
875 4460 1183 4515 desselben.
1235 4461 1339 4514 Die
1380 4462 1666 4516 Literatur
1705 4463 1878 4516 istiu
1932 4462 2257 4530 generalem
2319 4462 2554 4525 ordinis,
2626 4462 2717 4515 cui
2781 4462 3218 4532 prudentissime

594 4531 800 4586 hochst
859 4533 1213 4603 geschickter
1263 4532 1452 4586 Weise
1519 4535 1754 4587 benutzt
1781 4576 1793 4588 .
1823 4577 1835 4588 .
1863 4575 1877 4590 .

594 4603 727 4657 Man
754 4603 887 4656 darf
902 4621 1088 4673 aagen,
1108 4604 1212 4657 dass
1229 4605 1331 4658 das
1346 4604 1505 4659 Buch
1521 4605 1645 4660 eine
1663 4606 1879 4660 unend-

595 4674 711 4728 lich
735 4675 1056 4744 geschickte
1085 4675 1473 4746 Compilation
1499 4694 1602 4730 aus
1625 4678 1732 4731 den
1756 4694 1878 4731 vor·

593 4746 896 4801 handenen
924 4747 1206 4802 Schriften
1248 4748 1340 4802 ist.
1393 4748 1474 4802 Im
1511 4752 1719 4819 grossen
1752 4749 1879 4802 Um-

595 4818 732 4945 {2an
748 4817 824 4871 ist
838 4818 938 4871 das
955 4819 1231 4874 romische
1249 4819 1431 4873 Recht
1446 4821 1757 4875 bebandelt
1773 4824 1877 4875 etc.

667 4933 678 4944 .
708 4891 857 4943 Sarti
887 4891 924 4952 Ι,
950 4895 1057 4946 419
1085 4909 1126 4944 s.

1936 4532 2191 4601 praefuit·
2220 4533 2292 4586 ad
2321 4536 2561 4588 mortem
2605 4549 2785 4602 usque
2810 4538 2863 4590 4.
2892 4533 2940 4587 N
2950 4551 3041 4589 ov,
3072 4538 3219 4590 1252.

1936 4604 2018 4659 Cf.
2061 4604 2260 4669 Quet'f
2284 4606 2321 4660 l.
2350 4611 2482 4664 111:
2525 4605 2729 4659 Danko
2755 4604 2896 4659 KL2.
2934 4604 3030 4671 Vl,
3061 4611 3217 4665 1768:

1936 4674 2174 4730 Prother
2202 4674 2360 4730 Rom.
2391 4676 2629 4741 Qtlschr.
2658 4677 2733 4731 IX
2760 4679 2943 4748 (1895)
2972 4681 3215 4735 139-170.

1935 4747 2014 4801 De
2043 4747 2155 4801 alio
2182 4746 2427 4818 Joanne,
2450 4748 2553 4816 qui
2581 4747 2795 4817 pariter
2819 4750 3068 4804 subinde
3085 4749 3215 4803 'Peu-

1935 4820 2160 4873 tonicus
2187 4820 2646 4888 cognominatur,
2689 4819 2753 4875 0.
2782 4818 2872 4873 Pr.
2913 4821 3105 4890 patria
3130 4820 3215 4873 fri·

1939 4890 2208 4960 burgensi
2234 4894 2281 4962 (†
2310 4895 2468 4963 1314)
2496 4892 2647 4945 infra
2672 4891 2997 4960 loquemur.
3038 4892 3121 4948 cf.
3147 4892 3211 4945 de
