3475 5364
495 336 661 393 1463
2939 332 3107 393 1464

824 322 1196 379 1541—1563.
1223 317 1533 387 Theologia
1560 317 1674 387 pol.
1701 318 1762 372 in
1791 317 2020 386 Anglia.
2047 315 2324 381 Tunstall,
2352 315 2628 385 Kennedy
2653 317 2757 371 etc.
2851 318 2858 319 ⁷

493 504 756 581 Dilingae
798 514 961 567 1560
983 526 996 575 ;
1032 505 1292 563 Assertio
1310 504 1616 562 catholicae
1632 506 1770 578 fidei
1823 504 2008 563 Maria
2027 504 2248 579 regina,
2271 503 2369 561 sed
2392 503 2503 562 sub
2522 500 2865 575 Elisabetha
2882 501 3106 559 iterum

490 593 643 653 circa
675 593 958 651 articulos
989 593 1367 652 consessionis
1413 593 1652 652 nomine
1685 593 1766 652 ill.
1822 593 1956 653 sede
1977 593 2241 668 dejectus
2256 593 2509 651 decessit
2527 591 2592 650 in
2611 591 3105 660 carcere18.Nov.

484 681 654 741 ducis
674 682 1249 758 wurtembergensis
1264 702 1368 758 per
1384 683 1606 758 legatos
1627 701 1766 741 con·
1829 692 1992 747 1555
2030 703 2081 741 a.
2112 683 2328 741 aetatis
2352 691 2451 751 85.
2495 682 2736 740 Praeter
2766 680 2899 748 alia,
2921 679 3104 749 etiarn

488 770 620 829 cilio
682 770 1009 830 tridentino
1087 771 1336 841 oblatOS,
1402 773 1767 848 Antverpiae
1823 772 2107 848 polemica
2122 767 2187 852 ¹),
2228 771 2512 830 disseruit
2543 771 2611 828 de
2641 772 2870 828 veritate
2899 786 3105 843 corpo?

498 869 698 930 15523
770 867 930 923 1557
985 860 1050 918 in
1103 869 1172 930 43
1235 860 1506 919 Coloniae
1565 870 1764 923 1555:
1821 865 1910 921 ris
1941 867 1992 919 et
2021 863 2329 937 sanquinis
2361 861 2596 918 Domini
2648 860 2712 917 in
2743 857 3109 931 eucharistia

487 968 667 1023 quam
718 968 852 1007 cum
884 948 1166 1009 Brentius
1211 950 1636 1026 impugnasset,
1669 952 1766 1008 de·
1822 952 1882 1009 ll.
1938 960 1993 1021 2,
2044 951 2316 1021 Lutetiae
2373 959 2570 1020 15543
2650 954 2851 1015 contra
2898 948 3109 1022 impios

483 1040 800 1110 sensionem
865 1036 1103 1112 scripsit
1150 1038 1510 1114 Antverpiae
1566 1049 1765 1110 15573
1823 1041 2307 1113 blasphematores
2368 1038 2480 1097 Dei
2533 1037 3105 1111 praedestinationis,

500 1136 698 1196 1593;
750 1127 818 1184 de
848 1128 1200 1189 institutione
1228 1130 1608 1197 sacerdotum,
1662 1129 1767 1203 qui
1824 1129 2182 1204 Antverpiae
2223 1138 2407 1192 1555.
2441 1161 2524 1170 —
2557 1127 2817 1186 Joannes
2864 1124 3107 1193 Black

486 1217 605 1274 sub
637 1215 928 1291 episcopis
960 1234 1160 1276 curam
1192 1217 1520 1284 animarum
1551 1221 1770 1294 gerunt
1825 1219 1887 1277 Ο.
1921 1219 2128 1277 Praed.
2161 1218 2393 1287 ‚ScotuS‚
2447 1217 2551 1290 qui
2596 1214 2969 1290 colloquium
3001 1213 3106 1282 ha-

493 1324 598 1362 seu
622 1304 895 1364 Manuale
912 1306 1268 1379 clericorum,
1302 1306 1571 1382 Dilingae
1599 1317 1764 1369 1558
1821 1304 2017 1388 buit2)
2053 1326 2186 1366 cum
2221 1304 2509 1364 ministris
2529 1304 2836 1367 haereticis
2858 1322 2907 1362 a:
2939 1312 3097 1371 1561

490 1394 553 1461 in
589 1404 658 1462 4;
704 1393 953 1453 Lovanii
996 1404 1189 1465 15663
1237 1395 1516 1470 Lugduni
1572 1405 1731 1459 1567
1754 1418 1767 1466 ;
1825 1396 2157 1471 Edinburgi
2207 1396 2380 1454 irrito
2434 1413 2540 1469 pro
2590 1411 2752 1452 more
2811 1410 3107 1465 successu,

500 1491 697 1551 15863
731 1482 1000 1541 Venetiis
1042 1493 1240 1552 1567;
1288 1484 1561 1543 Coloniae
1599 1495 1624 1546 1
1643 1494 1766 1548 579
1826 1486 1998 1544 fldem
2031 1485 2377 1544 catholicam
2409 1487 2650 1551 strenue
2670 1501 2810 1542 voce
2841 1482 3108 1555 stiloque

488 1578 604 1629 etc.
638 1571 778 1630 otto
812 1572 1124 1631 cardinalis
1159 1578 1530 1648 augustanus
1563 1579 1768 1633 aucto·
1825 1575 2245 1651 propugnavit,
2281 1593 2414 1633 mox
2446 1576 2507 1631 et
2537 1575 2770 1647 martyr
2799 1570 2933 1633 fuso
2969 1588 3107 1631 san?

492 1663 574 1719 ris
608 1660 782 1719 laude
829 1661 1149 1735 praemissa
1192 1663 1499 1731 mandavit
1543 1666 1768 1739 profes-
1825 1664 2006 1741 guine
2039 1664 2408 1731 confirmavit
2441 1658 2501 1741 (†
2537 1672 2589 1723 7.
2610 1660 2746 1720 Jan.
2775 1657 2988 1740 1562).
3018 1691 3107 1715 -=-÷

493 1750 728 1809 soribus
762 1750 1104 1824 dilinganiS‚
1138 1754 1210 1808 ut
1243 1751 1403 1809 hunc
1433 1756 1506 1809 tr.
1540 1771 1574 1810 a
1604 1753 1767 1828 prin·
1828 1754 1997 1811 Alius
2064 1752 2273 1811 Scotus
2350 1751 2674 1821 Quintilius
2735 1747 3108 1822 Kennedy

491 1839 644 1913 cipio
675 1857 867 1913 usque
918 1839 992 1897 ad
1025 1839 1201 1905 finem
1246 1840 1312 1907 in
1355 1840 1571 1899 scholis
1603 1861 1770 1916 prae·
1826 1842 1983 1903 OSB.
2031 1842 2334 1900 nobilibus
2366 1839 2715 1917 parentibus
2761 1840 3105 1915 prognatus,

491 1929 757 2003 legerent
817 1931 879 1986 et
938 1929 1313 2003 explicarent.
1395 1931 1529 1988 Alia
1588 1931 1770 1989 etiam
1826 1932 2004 1990 abbas
2038 1929 2582 2007 crossraguelensis,
2616 1928 2784 1986 fortis
2817 1926 2934 1985 fuit
2970 1926 3106 1983 fidei

490 2017 825 2091 composuit
881 2017 943 2075 in
1007 2017 1329 2076 utilitatem
1398 2020 1605 2094 populi
1664 2039 1771 2095 per
1825 2021 2143 2079 catholicae
2177 2021 2489 2095 apologeta
2518 2018 2891 2083 tristissimae
2910 2015 3105 2077 defec-

494 2105 733 2163 modum
779 2106 1165 2165 catechetieae
1226 2107 1629 2168 institutionis
1681 2109 1772 2167 vel
1824 2111 2007 2169 tionis
2055 2113 2335 2184 tempore.
2415 2102 2730 2186 Scripsitss)
2781 2106 2940 2164 inter
2991 2104 3108 2175 alia

488 2195 846 2253 catechismi.
889 2196 1053 2254 Duae
1081 2196 1207 2271 ejus
1238 2216 1326 2272 ep.
1362 2197 1437 2255 ad
1467 2197 1768 2256 Ruardum
1825 2202 1952 2258 Ane
1984 2198 2404 2273 compendious
2436 2196 2706 2255 Tractive
2749 2194 3011 2257 conform
3042 2198 3106 2251 to

491 2284 718 2359 Tapper
778 2286 847 2342 de
894 2287 1200 2342 concordia
1247 2289 1473 2361 oratioe
1512 2295 1561 2344 et
1607 2287 1772 2346 liberi
1825 2290 1925 2347 the
1958 2289 2261 2361 Scripturs
2293 2284 3108 2362 ofAlmightyGod.Ressoun

490 2369 749 2446 arbit-rii,
797 2374 862 2431 in
909 2374 1128 2447 quibus
1178 2377 1385 2435 tuetur
1415 2376 1668 2451 gratiam
1702 2395 1769 2434 ex

486 2481 551 2521 se
614 2462 922 2532 efficacem,
987 2463 1275 2539 leguntur
1333 2464 1395 2522 in
1457 2466 1770 2541 Reginaldi

490 2570 666 2626 opere
700 2552 770 2609 de
802 2555 1000 2609 mente
1032 2570 1077 2609 a.
1100 2570 1257 2609 conc.
1280 2553 1598 2612 tridentini
1618 2555 1773 2613 circa

486 2639 746 2798 {riman}
780 2641 968 2715 seipsa
999 2640 1295 2700 efficacem
1340 2640 1435 2723 (cf.
1471 2644 1771 2705 Nomencl.

524 2732 547 2787 I
589 2774 601 2800 ,
638 2741 717 2796 46
753 2775 764 2786 .

585 2917 727 2969 671.
789 2908 861 2965 In
892 2909 1123 2986 Ata-ylio,
1157 2913 1317 2968 terra
1347 2909 1451 2968 illa
1482 2910 1589 2970 hoc
1622 2915 1771 2968 tem-

492 3015 632 3072 pore
677 2996 857 3055 ieraci
888 3002 1241 3073 martyrum,
1284 3017 1390 3073 pro
1436 2998 1549 3058 fide
1592 3004 1767 3058 stete-

490 3089 637 3143 runt
683 3086 969 3145 catholica
1013 3087 1270 3146 Joannes
1317 3088 1674 3164 Gynneth
1709 3090 1773 3147 in

491 3174 717 3233 musica
746 3174 1064 3250 insigniter
1095 3180 1384 3247 versatim,
1434 3179 1538 3253 qui
1572 3197 1634 3237 se
1667 3198 1772 3254 op-

493 3263 693 3339 posuit
742 3264 990 3322 Lutheri
1042 3269 1103 3323 et
1149 3266 1420 3342 Zwinglii
1471 3270 1771 3328 erroribus

490 3353 767 3430 Angliam
782 3354 903 3428 jam
923 3355 1045 3430 jam
1078 3354 1512 3415 invadentidus
1542 3357 1774 3416 Obiisse

492 3443 793 3522 videtur1)
847 3463 891 3501 c.
958 3465 1005 3501 a.
1064 3454 1248 3508 1557.
1309 3479 1395 3489 -
1443 3447 1774 3505 Guilelmus

493 3533 743 3608 Peryn
791 3532 853 3590 Ο.
890 3534 999 3602 Pr.‚
1052 3534 1164 3592 sub
1216 3535 1469 3594 Henrico
1520 3536 1672 3594 VIII.
1723 3558 1771 3595 a.

488 3639 671 3697 prope
720 3632 798 3684 20
850 3623 1156 3698 profugus,
1208 3624 1321 3682 sub
1353 3625 1540 3683 Maria
1572 3626 1776 3700 regina

492 3711 669 3769 rediit
720 3709 779 3786 (†
829 3721 925 3772 22.
962 3715 1111 3788 Aug.
1170 3710 1375 3794 1558),
1427 3715 1597 3789 cujus
1643 3715 1770 3773 lau·

488 3800 713 3859 dantur
767 3802 877 3859 Tre
928 3802 1141 3878 Godlye
1186 3803 1304 3860 and
1365 3805 1590 3862 notable
1639 3805 1773 3862 Ser-

490 3909 653 3948 mons
684 3890 749 3948 of
772 3891 875 3948 the
908 3896 1063 3961 most
1094 3893 1454 3950 honourable
1475 3893 1589 3950 and
1611 3893 1773 3951 Bles-

490 3979 590 4037 sed
640 3983 996 4047 Sacrament,
1043 3980 1287 4040 London
1337 3991 1533 4051 1546;
1590 3991 1773 4046 1548.

494 4100 573 4110 —-
601 4067 890 4124 Cuthbert
922 4069 966 4124 Τ
985 4070 1296 4126 unstall
1328 4070 1605 4144 plurimis
1637 4089 1773 4129 auc-

1826 2380 1945 2436 and
1965 2378 2254 2452 authority
2275 2376 2576 2449 declaring
2605 2375 2708 2433 the
2727 2376 2962 2432 nen-est
2992 2371 3108 2441 and

1827 2468 1984 2526 onlie
2015 2486 2145 2540 way
2176 2469 2238 2524 to
2271 2465 2593 2523 etablische
2640 2463 2739 2521 the
2772 2461 3108 2521 conscience

1827 2556 1892 2615 of
1930 2574 2039 2613 ane
2072 2555 2368 2613 Christian
2412 2573 2550 2611 man
2600 2552 2665 2611 in
2713 2552 2792 2610 all
2836 2550 3108 2611 matteris

1828 2645 2069 2721 quhilks
2101 2665 2167 2704 ar
2196 2645 2261 2704 in
2292 2643 2502 2702 debate
2533 2659 2910 2717 concernyng
2935 2639 3107 2708 Faith

1828 2736 1942 2793 and
1992 2735 2326 2810 Religioun‚
2385 2743 2571 2796 1558.
2634 2765 2721 2774 ——-
2784 2729 3108 2800 Richardus

1829 2825 1940 2883 Sm
1959 2825 1979 2881 i
1997 2825 2075 2882 th
2108 2823 2492 2883 Worcestriae
2521 2822 2583 2880 in
2604 2820 2826 2897 Anglia
2851 2830 3014 2882 1500
3050 2837 3108 2876 n.

1828 2913 2162 2989 theologiae
2212 2913 2414 2971 doctor
2458 2915 2587 2970 erat
2630 2913 2689 2969 et
2721 2909 3016 2986 professor
3045 2907 3111 2966 in

1829 3003 2129 3061 oxoniensi
2162 3001 2458 3061 academia
2501 2999 2712 3059 multis
2745 3001 2870 3073 jam
2915 2998 3108 3068 anniS,

1829 3092 1926 3150 sed
1962 3091 2074 3150 sub
2095 3091 2368 3150 Eduardo
2393 3090 2485 3148 VI.
2518 3090 2593 3149 ob
2624 3088 2758 3147 fidei
2792 3085 3111 3156 catholicae

1829 3181 2250 3256 professionem
2284 3181 2411 3238 loco
2438 3183 2637 3238 motus
2668 3181 2758 3237 est
2778 3175 2950 3250 eique
2983 3175 3111 3235 susq

1831 3269 2021 3328 sectus
2054 3271 2312 3328 famosus
2332 3270 2545 3327 Petrus
2567 3269 2793 3343 Mai-tyr
2822 3268 3110 3343 apostata.

1831 3359 1985 3418 Hinc
2027 3359 2089 3416 in
2125 3359 2398 3435 Belgium
2428 3357 2710 3434 migravit
2743 3349 2969 3436 (1549)
3018 3357 3108 3422 at·

1829 3468 1944 3523 que
1977 3447 2222 3507 Lovanii
2274 3448 2538 3506 obtinuit-
2570 3446 2907 3504 cathedram
2940 3443 3111 3501 theo.-

1831 3538 2096 3612 logicam.
2175 3537 2316 3595 Cum
2364 3555 2501 3595 vero
2551 3552 2672 3594 non
2720 3533 2913 3592 multo
2975 3535 3113 3607 post

1831 3627 2076 3684 obiisset
2106 3626 2421 3684 Eduardus
2446 3628 2506 3684 et
2537 3624 2650 3683 sub
2683 3623 2865 3682 Maria
2907 3623 3113 3698 regina

1831 3715 2035 3791 religio
2068 3715 2357 3773 catholica
2395 3715 2457 3773 in
2491 3715 2709 3790 Anglia
2748 3715 3110 3771 restaurare-

1830 3808 1950 3874 tur,
2003 3823 2309 3879 regressus
2359 3808 2449 3863 est
2497 3804 2562 3862 in
2593 3802 2865 3877 patriam,
2919 3801 3111 3858 factus

1831 3895 2067 3968 reginae
2101 3893 2492 3953 confessarius
2525 3892 2657 3951 aliis
2688 3895 2900 3950 auctus
2934 3890 3110 3952 bene·

1832 3982 1977 4041 ficiis
2042 3987 2102 4041 et
2151 3983 2515 4052 muneribus,
2579 3981 2757 4039 etiam
2816 3979 3111 4055 dignitate

1831 4072 2290 4131 vicecancellarii
2322 4071 2655 4130 oxoniensis
2689 4067 2933 4152 (1555).
2984 4067 3112 4136 Qua

490 4163 592 4215 tus
638 4156 967 4225 beneficiis,
1031 4157 1122 4215 bis
1172 4158 1372 4234 regius
1423 4160 1656 4236 legatus
1702 4160 1775 4218 ad
1831 4161 2109 4219 defuncta
2171 4162 2618 4220 recrudescente
2669 4160 2734 4217 in
2794 4158 3111 4217 catholicos

490 4245 800 4304 tractanda
832 4250 1027 4304 status
1057 4248 1298 4324 negotia
1320 4249 1508 4307 factus
1540 4251 1774 4325 estep'-
1828 4251 2257 4325 persecutione,
2310 4250 2527 4308 iterum
2576 4249 2847 4308 exsulare
2891 4252 2985 4305 est
3015 4263 3112 4304 co-

491 4353 705 4409 scopus
741 4335 1121 4406 londinensis,
1174 4336 1313 4394 dein
1345 4337 1772 4400 dui-hamensis
1829 4343 2014 4398 actus.
2077 4340 2283 4397 Altera
2314 4358 2452 4414 ergo
2485 4339 2609 4398 vice
2640 4338 2915 4414 Belgium
2946 4335 3110 4406 adiit,

492 4425 850 4499 Episcopatu
881 4424 1153 4500 privatus
1186 4428 1504 4485 restitutus
1538 4431 1629 4486 est
1660 4429 1772 4485 sub

573 4599 605 4664 ¹)
635 4595 718 4652 Cf.
745 4595 953 4650 Gillow
993 4598 1056 4651 A.
1099 4596 1354 4665 Literary
1395 4597 1509 4649 and
1554 4597 1773 4662 biogra-

1906 4530 1945 4636 ἒ)
1975 4527 2058 4652 g}
2084 4526 2282 4650 ginon
2311 4525 2378 4607 Y,
2406 4530 2529 4618 556.
2963 4594 2974 4604 .

2045 4638 2057 4650 .
2132 4598 2418 4652 ellesheim
2448 4598 2628 4651 (aesch
2656 4597 2710 4649 d.
2730 4597 2886 4651 kath.
2907 4594 3112 4648 Kirche

492 4667 684 4736 phicol
712 4667 944 4736 Histoi-y
975 4708 986 4720 .
1016 4707 1028 4720 .
1058 4711 1069 4723 .
1098 4669 1162 4721 of
1184 4670 1276 4722 the
1306 4668 1543 4739 English
1572 4661 1775 4722 Catho-
1830 4669 1890 4723 in
1958 4669 2256 4724 chottlaud
2287 4669 2352 4733 ΙΙ,
2381 4674 2478 4730 2ος
2508 4668 2729 4722 Echard
2759 4668 2824 4733 ΙΙ,
2851 4670 2972 4725 182.

492 4739 591 4791 lics
622 4740 714 4802 ΙΙΙ,
742 4745 839 4800 7ος
884 4756 1053 4808 quem
1097 4741 1167 4793 cf.
1213 4740 1383 4793 etiam
1432 4740 1501 4792 de
1529 4739 1773 4793 Hem-ico

1903 4748 1942 4807 ⁸)
1974 4741 2058 4795 Cf.
2105 4742 2279 4809 hujus
2323 4741 2511 4810 operis
2553 4739 2841 4810 epitomen
2887 4739 3115 4806 aliaque

492 4810 535 4860 P
554 4827 581 4862 e
600 4830 634 4863 n
653 4812 772 4866 dle
793 4815 918 4864 ton
980 4811 1421 4865 Manchestrensi
1475 4815 1654 4882 (1557)
1709 4813 1772 4875 V,
1829 4813 2079 4866 auctoris
2129 4812 2307 4867 nostri
2359 4829 2530 4882 opera
2573 4811 2728 4881 apud
2778 4809 3114 4865 Bellesheim

489 4886 611 4936 256.

1831 4902 1922 4952 op.
1955 4883 2048 4937 cit.
2081 4885 2118 4944 Ι,
2145 4889 2248 4940 4Ο2
2279 4900 2347 4936 ss.
