3475 5364
625 369 745 423 627
861 355 1233 409 1351—1375.
1259 351 1569 421 Theologia
1596 351 1767 407 schol.
1795 351 1883 406 Jo.
1911 351 1980 405 de
2011 349 2373 423 Rupescissa,
2403 351 2492 404 Fr.
2520 347 2591 401 de
2609 348 2870 402 Bachone
2884 349 3021 408 etc..

3142 363 3257 415 628

624 541 833 598 tuetur
877 541 940 597 et
984 538 1299 597 admodum
1344 537 1577 596 extollit
1622 537 1908 597 adversus
1966 539 2136 614 cujus
2187 537 2483 614 quondam
2537 535 2837 595 sententia
2884 552 3000 592 ceu
3058 551 3260 591 oracu-

626 627 1058 686 Marsilium
1081 627 1434 687 Patavinum
1455 627 1907 688 etJoannem
1967 628 2094 686 lum
2136 627 2406 686 Coloniae
2451 625 2800 684 habebatur.
2844 656 2933 667 —
2988 621 3261 681 Henri·

624 717 696 776 de
727 716 1022 775 Janduno.
1085 715 1332 792 Scripsit
1373 719 1676 792 praeterea
1724 718 1907 793 colly-
1964 733 2096 775 cus
2146 716 2220 776 de
2270 705 2524 774 Hums'
2563 710 2662 796 (de
2713 712 2935 782 Hunis,
2992 708 3261 789 Hunnis)

623 807 780 865 rium
815 800 1163 887 (ineditum)
1197 806 1476 865 adversus
1510 806 1796 876 haereses,
1844 808 1908 865 in
1966 805 2351 874 Trevirensis,
2396 824 2502 881 per
2534 803 2874 880 pontificem
2907 801 3264 860 licentiatus

553 969 556 972 Ι
624 914 743 972 quo
763 897 1026 954 recenset
1045 895 1314 953 haereses
1339 905 1454 963 663
1486 896 1910 954 commentaria
1964 894 2158 971 gradu
2203 893 2461 953 donatus
2480 938 2494 964 ,
2545 895 2733 953 lector
2786 890 3159 951 coloniensis
3208 887 3263 969 ljl*

623 986 687 1043 in
718 984 822 1042 Ev.
859 1003 904 1045 s,
938 980 1283 1064 Matthaei1)
1316 986 1427 1044 etc.
1459 1017 1546 1026 -—
1577 983 1908 1043 Adamus
1973 980 2184 1064 1361).
2201 979 3127 1058 —ThomasLyldAnglns,
3142 998 3263 1037 ma·

625 1073 827 1132 Godh
847 1092 955 1131 am
996 1068 1306 1151 (Goddam,
1355 1073 1591 1148 proprie
1621 1074 1909 1133 dicendus
1964 1073 2151 1150 gister
2180 1072 2675 1149 cantabrigiensis
2720 1074 2784 1129 et
2822 1070 3157 1146 episcopus
3184 1068 3264 1126 el·

623 1162 1122 1232 Wodehamensis‚
1157 1159 1518 1242 Wodheam)‚
1553 1163 1787 1222 Occami
1818 1163 1909 1221 di-

627 1252 913 1326 scipulus,
947 1259 1009 1310 et
1028 1252 1165 1310 huic
1183 1251 1453 1311 doctrina
1483 1253 1603 1311 fere
1623 1253 1906 1327 aequalis,

624 1359 668 1400 s.
690 1341 1026 1418 theologiae
1057 1339 1262 1400 doctor
1278 1341 1629 1410 oxoniensis,
1666 1343 1729 1401 in
1753 1342 1908 1400 mul·

624 1431 701 1489 tis
751 1429 979 1489 ordinis
1030 1429 1324 1489 coenobiis
1373 1430 1560 1489 lector
1608 1431 1904 1505 publicus,

627 1519 956 1595 plurimum
1019 1537 1127 1578 suo
1180 1522 1446 1594 tempore
1508 1520 1788 1578 inclaruit
1849 1523 1910 1579 et

625 1609 784 1667 inter
813 1607 1111 1683 principes
1143 1608 1547 1667 numerandus
1592 1617 1683 1667 est
1713 1609 1906 1667 nomi-

624 1697 864 1756 nalismi
909 1697 1169 1756 fautores
1215 1695 1276 1774 (†
1317 1692 1524 1778 1358).
1576 1698 1720 1774 Ejus
1759 1717 1907 1757 com-

627 1788 896 1845 mentarii
966 1789 1029 1844 in
1089 1785 1435 1862 mayistrum
1496 1789 1909 1846 sententiarum

623 1875 980 1952 prodierunt
1010 1875 1255 1934 Parisiis
1298 1885 1461 1939 1512
1496 1877 1560 1934 111
1590 1876 1630 1938 f.
1677 1910 1765 1922 —-
1798 1876 1907 1935 His

624 1964 921 2024 addantur
963 1965 1066 2023 alii
1112 1984 1180 2023 ex
1225 1965 1428 2024 eodem
1473 1965 1769 2028 Minorum
1815 1985 1906 2025 or-

625 2053 781 2123 dine,
833 2072 1088 2129 quorum
1135 2054 1360 2113 labores
1407 2054 1569 2130 typis
1614 2073 1733 2114 non
1781 2054 1910 2113 fue-

625 2147 770 2201 runt
799 2142 962 2201 editi.
1020 2144 1111 2201 Ita
1142 2143 1582 2204 Guilelmus
1626 2143 1698 2203 de
1744 2145 1908 2203 Bel-

624 2232 996 2302 lomonte,
1049 2232 1121 2291 de
1167 2251 1284 2307 quo
1331 2252 1405 2291 ne
1434 2233 1634 2309 patria
1663 2233 1906 2309 quidem

626 2325 685 2379 et
717 2321 879 2379 natio
911 2324 1087 2380 notae
1119 2326 1280 2382 sunt.
1330 2355 1416 2368 --
1465 2321 1907 2382 Guilelmus

626 2410 1032 2470 Almoinus
1084 2407 1183 2491 (de
1233 2410 1459 2480 Almut‚
1512 2411 1755 2482 Almoit,
1804 2412 1907 2471 Al-

625 2496 934 2577 muchiae),
981 2500 1078 2558 cui
1123 2499 1301 2557 etiam
1346 2500 1704 2559 tribuuntur
1749 2517 1904 2558 com·

626 2588 951 2646 mentarius
971 2590 1036 2646 in
1054 2588 1453 2665 Apocalypsin
1486 2592 1548 2646 et
1565 2588 1911 2663 quodlibeta

630 2685 730 2739 28.
782 2712 869 2721 --
918 2677 1258 2738 Joannes
1308 2677 1381 2736 de
1431 2678 1909 2755 Rupescissa

627 2762 1123 2848 (Boquetaillade)
1169 2768 1463 2843 propheta
1507 2767 1731 2835 infelix,
1781 2770 1905 2845 qui,

631 2856 863 2923 ,nescio
932 2874 1052 2931 quo
1101 2856 1320 2931 spiritu
1379 2856 1660 2916 seductus
1706 2858 1910 2934 inquit

545 2986 548 2989 .
624 2943 1105 3004 Trithemius
1151 2945 1224 3002 de
1272 2944 1376 3006 SE.
1421 2963 1466 3003 c.
1503 2957 1648 3015 511,
1696 2966 1771 3005 116
1817 2946 1907 3005 di-

625 3051 750 3091 cam
796 3033 1097 3105 inductus,
1149 3034 1572 3094 desolationem
1619 3035 1909 3095 Ecclesiae

627 3121 974 3192 catholicae,
1028 3126 1089 3182 et
1117 3123 1233 3182 alia
1279 3123 1568 3199 quaedam
1617 3125 1911 3184 terribilia

623 3211 958 3287 praedicere
1004 3212 1175 3287 quasi
1221 3213 1507 3288 propheta
1536 3232 1796 3284 exorsus),
1845 3214 1909 3273 in

625 3318 911 3359 carcerem
955 3320 991 3360 a
1032 3301 1323 3360 ministris
1369 3302 1464 3360 sui
1507 3302 1733 3362 ordinis
1767 3322 1906 3362 con-

615 3391 814 3465 jectus
835 3393 928 3450 est
959 3397 1020 3449 et
1038 3390 1320 3450 inventus
1352 3395 1441 3449 est
1472 3392 1722 3465 spiritus
1743 3412 1907 3451 men-

624 3480 736 3538 dax
769 3480 830 3539 in
865 3498 964 3538 ore
995 3477 1246 3558 ejus2).‘
1289 3479 1514 3539 Obiisse
1574 3481 1814 3540 videtur
1845 3482 1907 3541 in

624 3587 855 3628 carcere
893 3579 1078 3633 1362.
1127 3570 1375 3645 Aliquae
1416 3588 1486 3628 ex
1518 3571 1648 3646 ejus
1681 3571 1907 3629 revela-

623 3658 891 3717 tionibus
924 3663 985 3716 et
1005 3659 1336 3718 visionibus
1358 3658 1654 3718 habentur
1684 3659 1748 3718 in
1770 3660 1906 3722 fasc.

624 3766 821 3807 rerum
855 3750 1315 3823 expetendarum
1361 3751 1426 3807 et
1466 3748 1905 3824 fugiendarum,

623 3836 876 3895 Londini
919 3847 1103 3907 1690,
1137 3838 1211 3906 11,
1251 3847 1377 3900 494
1414 3855 1491 3899 ss,

716 4022 860 4077 321.
902 4014 999 4073 Ex
1028 4015 1229 4073 ordine
1262 4015 1739 4074 Prczedicatorum
1769 4015 1906 4075 nul-

624 4104 745 4161 lum
792 4103 1045 4178 alicujus
1079 4104 1456 4163 auctoritatis
1504 4124 1608 4164 seu
1653 4106 1908 4165 nominis

623 4193 950 4268 reperimus
1010 4193 1373 4270 theologum.
1441 4194 1620 4253 Pauci
1667 4198 1908 4254 tantum

624 4282 915 4341 nominari
935 4286 1204 4358 possunt,
1240 4283 1343 4357 qui
1376 4284 1811 4343 sententiarum
1832 4284 1907 4342 li-

622 4372 758 4430 bros
806 4372 1188 4430 commentati
1237 4372 1376 4440 sint,
1438 4373 1668 4432 nullius
1731 4391 1909 4449 opera

623 4460 782 4537 typis
821 4461 1000 4537 digna
1045 4462 1246 4520 habita
1291 4464 1451 4522 sunt.
1513 4463 1607 4522 Ita
1638 4462 1907 4522 Henri-

623 4550 837 4609 ricus
887 4550 1127 4610 Hazer
1176 4552 1501 4610 Germanus
1553 4546 1616 4632 (†
1680 4549 1904 4631 1360),

702 4778 738 4845 ¹)
766 4774 848 4829 Cf.
891 4773 1013 4829 Nic.
1054 4775 1337 4829 Antonius
1374 4775 1510 4830 bibl.
1557 4778 1667 4828 vet.
1694 4775 1844 4845 hisp.
1870 4776 1905 4831 1.

509 4856 512 4857 ’
624 4847 696 4901 IX
725 4863 770 4901 c.
797 4852 833 4903 4
861 4864 914 4901 n.
941 4850 1047 4903 :220
1072 4864 1170 4905 ss.:
1225 4846 1520 4900 Grammer
1545 4845 1659 4902 ΚΒ.
1688 4848 1755 4911 1²,
1784 4851 1905 4905 667.

697 4921 739 4990 ⁹)
766 4918 848 4973 Cf.
877 4917 1070 4973 Oudin
1088 4918 1181 4982 111,
1199 4922 1333 4974 1011
1356 4941 1367 4978 ς
1398 4918 1692 4988 Sbaraglia
1712 4937 1765 4988 p.
1783 4922 1905 4976 495.

1965 1163 2147 1221 lensis
2168 1158 2417 1248 (1344),
2452 1160 2558 1236 qui
2574 1160 2882 1220 Avenione
2913 1159 3097 1218 exsul
3118 1157 3266 1216 obiit

1968 1261 2066 1314 23.
2099 1251 2241 1310 Jun
2283 1261 2469 1314 1361.
2517 1284 2605 1294 -
2634 1250 2978 1309 Joannes
3027 1247 3266 1307 Ouzia

1966 1337 2243 1422 (Cussim)
2262 1339 2821 1416 Luxemburgensis,
2844 1338 2952 1413 qui
2971 1339 3104 1395 alia
3120 1354 3265 1412 quo·

1965 1448 2081 1505 que
2102 1429 2424 1505 reliquisse
2443 1427 2759 1506 legiturffl.
2778 1439 2805 1490 1
2831 1423 3263 1507 1613)-ὓηί-

1966 1520 2240 1579 lelmus
2276 1518 2444 1577 Rom
2465 1518 2590 1577 ani
2652 1517 2881 1589 Gallus,
2916 1516 3135 1575 doctor
3164 1534 3262 1591 pa-

1963 1608 2251 1676 risiensis,
2301 1608 2415 1666 sub
2444 1605 2790 1667 Innocentio
2825 1606 2924 1668 VI.
2958 1623 3003 1664 s.
3055 1603 3263 1681 palatii

1963 1698 2264 1774 magister,
2302 1692 2386 1777 (fl.
2425 1708 2450 1759 1
2467 1691 2623 1778 370)
2656 1698 2769 1758 etc.

2054 1884 2200 1938 322.
2236 1875 2790 1934 Excarmaelitarum
2824 1871 3068 1949 familia
3099 1892 3260 1948 mag·

1964 1984 2106 2024 num
2158 1965 2270 2023 sibi
2319 1983 2534 2024 nomen
2596 1963 2740 2022 fecit
2786 1962 3262 2022 Franciscus

1963 2054 2036 2112 de
2086 2055 2436 2113 Bachone
2487 2051 2585 2136 ((16
2633 2049 2856 2133 Bacho)
2906 2052 3251 2112 catalanos.

1963 2144 2258 2217 professor
2288 2142 2635 2218 parisiensis
2681 2145 2744 2200 et
2788 2142 3140 2217 provinciae
3171 2158 3257 2198 ca-

1965 2233 2197 2290 talanae
2258 2232 2667 2308 praepositus,
2732 2232 2932 2289 doctor
2994 2230 3260 2289 subitum

1963 2321 2301 2397 appellatus
2361 2317 2424 2403 (†
2476 2332 2530 2385 8.
2580 2322 2734 2398 Aug.
2796 2318 3026 2399 1372),
3096 2320 3261 2393 cujus

1961 2413 2380 2470 commentaria
2420 2413 2485 2469 in
2515 2413 2554 2470 4
2587 2411 2645 2472 ll.
2677 2411 3107 2468 aerumnarum
3139 2407 3257 2467 edi·

1965 2500 2053 2558 dit
2083 2500 2215 2575 ejus
2246 2500 2462 2559 sodalis
2495 2499 2839 2559 Franciscus
2884 2498 2961 2557 de
2996 2497 3256 2568 Medicis,

1963 2588 2340 2664 praepositus
2373 2590 2709 2665 provinciae
2749 2606 3035 2647 romanae
3081 2595 3147 2646 et
3178 2585 3256 2643 vi·

1964 2678 2157 2738 carius
2203 2677 2498 2756 generalis
2543 2678 2733 2738 totius
2763 2676 2994 2749 Italiae,
3046 2677 3256 2738 Romae

1972 2777 2136 2830 1484
2180 2768 2244 2826 in
2286 2768 2326 2829 f.
2378 2801 2459 2811 —
2511 2768 2853 2827 Arnoldo
2893 2767 3255 2827 deBisca-

1965 2853 2127 2937 lisl)
2176 2857 2487 2926 GermanO,
2539 2858 2813 2934 episcopo
2849 2853 3090 2938 (1366)
3137 2854 3252 2932 gal·

1962 2946 2195 3005 teliensi
2247 2943 2509 3027 (Galtelli
2528 2978 2555 2992 -
2571 2942 2815 3028 Nuovo)
2877 2947 3113 3006 tribuit
3168 2944 3251 3002 bi·

1962 3034 2260 3094 bliotheca
2313 3036 2695 3095 carmelitana
2742 3037 3154 3095 distinctiones
3196 3032 3252 3092 in

1964 3125 2320 3199 magistrum
2366 3125 2800 3184 sententiarum
2846 3124 2910 3182 in
2952 3126 3253 3199 epitomen

1962 3213 2248 3284 redactaS,
2283 3233 2434 3289 quae
2457 3215 2782 3291 impressae
2801 3213 3113 3286 dicuntur,
3145 3214 3247 3271 Pa-

1963 3303 2123 3361 risiis
2165 3314 2352 3366 1541.
2398 3336 2486 3346 —
2531 3304 2803 3363 Aliorum
2834 3301 3252 3364 commentaria

1964 3393 2025 3450 in
2075 3392 2435 3469 magistrum
2483 3396 2838 3452 manserunt
2885 3392 3143 3463 inedita,
3191 3395 3251 3449 ut

1964 3481 2273 3540 Nicolai
2308 3482 2640 3541 Durham
2674 3482 2964 3540 Durhami
3005 3484 3108 3542 vel
3139 3482 3249 3540 Du·

1963 3571 2146 3630 nelmi
2177 3570 2321 3641 nati,
2355 3572 2528 3647 cujus
2559 3574 2923 3629 memoratur
2954 3576 3020 3630 et
3052 3574 3093 3635 l.
3124 3587 3251 3630 eon·

1961 3663 2057 3718 tra
2072 3659 2292 3719 Wiclefi
2323 3660 2607 3719 articulos
2627 3656 2709 3741 (fl.
2748 3655 2947 3742 1360)
2965 3682 2982 3732 ;
3002 3695 3094 3705 —
3114 3658 3247 3720 Til·

1961 3750 2219 3808 manni
2253 3748 2326 3808 de
2360 3750 2863 3827 Aquisgrano
2896 3745 2996 3831 (de
3018 3750 3249 3810 Hohen·

1965 3839 2139 3907 stein,
2187 3839 2259 3898 de
2303 3839 2428 3898 alto
2470 3836 2713 3921 lapide),
2761 3838 2985 3915 prioris
3018 3838 3246 3917 provin-

1964 3927 2125 3987 cialis
2155 3927 2500 3987 Germaniae
2531 3928 2853 3999 inferioris,
2901 3930 3014 4005 qui
3058 3926 3248 3988 docuit

1963 4016 2204 4075 Parisiis
2237 4020 2299 4077 et
2330 4016 2618 4087 Coloniae,
2665 4017 2772 4093 qui
2819 4017 3077 4094 insuper
3121 4016 3244 4077 reli·

1963 4105 2096 4182 quit
2144 4107 2433 4166 lecturam
2479 4106 2542 4164 in
2587 4106 2691 4168 Ev.
2727 4106 3020 4166 Matthaei
3068 4112 3133 4167 et
3160 4124 3245 4181 qq.

1964 4195 2310 4271 disputatas.
2327 4229 2415 4239 —
2429 4195 2673 4254 Henrici
2690 4195 2763 4254 de
2785 4196 2833 4254 D
2844 4197 2919 4255 ol
2935 4198 2956 4254 1
2974 4217 3063 4256 611
3076 4197 3117 4256 d
3131 4216 3162 4255 o
3176 4211 3243 4268 rp

1963 4284 2317 4361 professoris
2382 4284 2726 4360 parisiensis
2778 4281 2839 4363 (†
2901 4283 3123 4369 1366).
3172 4314 3239 4326 ‘-

2044 4496 2076 4555 Ι)
2106 4489 2245 4543 Tam
2309 4490 2654 4545 Trithemiue
2705 4506 2879 4560 quam
2930 4489 3245 4546 Hartzheim

1961 4561 2101 4615 bibl.
2118 4562 2224 4617 601.
2244 4580 2299 4632 p.
2316 4566 2385 4618 22
2403 4564 2752 4617 mentionem
2776 4559 3242 4617 faciuntArnol·

1962 4633 2034 4687 di
2063 4632 2132 4687 de
2184 4632 2523 4688 Bessalis
2572 4633 2634 4689 O.
2689 4635 2872 4689 Carm.
2927 4632 3240 4705 theologiae

1962 4704 2294 4787 professore,
2322 4704 2423 4774 qui
2449 4704 2706 4760 floruerit
2720 4704 2997 4760 Coloniae
3001 4709 3064 4788 (ἢ
3080 4708 3241 4774 1486),

1964 4777 2058 4830 6111
2110 4777 2282 4846 plura
2322 4777 2594 4831 tribuunt
2636 4793 2811 4848 opera
2853 4776 3100 4835 inedita.
3152 4775 3239 4831 Hic

1963 4848 2108 4903 forte
2132 4848 2285 4902 idem
2312 4851 2400 4902 est
2422 4865 2551 4903 oum
2580 4850 2790 4914 nostro,
2819 4849 2929 4903 etei
2944 4849 3021 4902 sit
3048 4849 3242 4904 dissen-

1962 4937 2058 4973 sus
2084 4919 2231 4973 eirca
2257 4921 2504 4974 aetatem
2533 4923 2592 4973 et
2616 4936 2807 4990 opera.
