3475 5364
520 290 681 345 1563

512 459 607 517 cui
639 458 873 516 muneri
902 458 1278 516 renunciavit
1309 477 1359 515 a.
1405 465 1562 519 1515
1602 451 1664 535 (†
1694 468 1787 519 16.

510 548 640 606 Jan.
701 546 910 626 1525),
978 565 1128 622 quae
1179 546 1528 622 prodierunt
1590 547 1649 604 11.
1710 556 1785 609 12

512 636 777 714 venetiis
823 645 999 705 1524,
1048 636 1311 695 collectio
1357 636 1668 695 rarissima.
1703 669 1787 679 --

510 725 546 783 J
551 726 713 784 acobi
731 726 783 782 H
800 726 819 783 i
836 745 866 783 e
882 745 911 783 r
928 744 961 783 o
975 744 1015 783 n
1031 745 1069 801 y
1089 726 1181 783 mi
1215 726 1278 788 O.
1296 725 1791 808 Carth3sermones

511 815 856 889 prodierunt
891 814 1135 872 Parisiis
1178 824 1360 877 1538.

603 931 744 983 6330.
762 921 1111 996 praeprimis
1124 921 1362 980 laudem
1376 926 1563 979 meret
1579 921 1617 979 J
1629 940 1662 980 o
1674 942 1706 979 a
1718 940 1788 978 n-

512 1030 641 1069 nes
705 1010 982 1068 Justus
1046 1007 1342 1089 (Gerecht.)
1392 1010 1463 1068 de
1510 1011 1789 1069 Lands·

509 1101 548 1156 b
565 1119 595 1157 e
613 1120 642 1157 r
656 1119 695 1176 g
728 1096 1185 1180 (Landsberger)
1210 1100 1273 1158 O.
1296 1099 1488 1159 Carth.
1522 1100 1787 1159 Bavarus

510 1208 565 1246 n.
614 1188 765 1246 circa
820 1197 1002 1257 1490,
1056 1189 1161 1263 qui
1209 1190 1479 1248 Coloniae
1525 1189 1787 1265 philoso-

510 1277 681 1352 phiae
743 1282 804 1334 et
866 1277 1196 1353 theologiae
1259 1297 1494 1353 operam
1546 1278 1790 1337 dederat

410 1397 419 1404 -
508 1366 842 1441 ibidemque
864 1366 1168 1442 ingressus
1184 1368 1245 1424 0.
1261 1368 1786 1426 carthusianorum

511 1454 873 1514 carthusiam
924 1456 1085 1514 illam
1120 1455 1267 1514 duce
1302 1457 1475 1513 Petro
1512 1458 1785 1516 Blomen-

511 1564 702 1603 venna
773 1544 1021 1603 maxime
1083 1542 1488 1625 illustravit1).
1576 1546 1787 1604 Vicarii

510 1652 753 1691 munere
804 1634 1044 1691 functus
1094 1639 1185 1691 est
1236 1639 1459 1708 septem
1508 1636 1678 1693 annis
1728 1639 1789 1693 et

511 1722 701 1780 officio
735 1723 1004 1798 magistri
1056 1723 1436 1782 novitiorum.
1499 1726 1630 1799 Ipse
1663 1743 1783 1782 om·

510 1813 677 1870 nium
727 1830 949 1875 eorum,
1001 1831 1150 1886 quae
1200 1813 1261 1868 in
1309 1812 1475 1870 libris
1522 1814 1784 1881 docebat,

509 1902 711 1958 vivum
743 1901 1039 1974 quoddam
1059 1901 1441 1959 simulacrum
1458 1906 1584 1959 erat
1604 1903 1784 1960 nihil-

508 2008 624 2070 que
673 1990 734 2046 in
780 2008 840 2048 se
874 1990 1242 2057 admittebat,
1296 1991 1453 2065 quod
1485 1991 1786 2050 doctrinae

510 2098 649 2137 suae
684 2078 1059 2152 aliquatenus
1076 2079 1498 2138 adversaretur.
1534 2081 1787 2138 Docebat.

511 2187 661 2242 quae
695 2168 818 2243 ipse
840 2168 1013 2244 longa
1033 2169 1449 2227 exercitatione
1469 2170 1663 2227 fuerat
1689 2189 1786 2226 ex-

508 2261 733 2332 pertu8‚
768 2276 959 2331 neque
992 2258 1398 2316 committebat
1429 2260 1786 2317 tenerrimae

510 2346 900 2404 conscientiae
948 2347 1053 2407 vir.
1102 2351 1173 2405 ut
1219 2348 1311 2405 vel
1345 2348 1491 2406 levis
1524 2349 1786 2405 maculae

510 2436 766 2510 suspicio
817 2436 876 2492 in
926 2436 1122 2493 animo
1181 2437 1479 2498 resideret.
1546 2437 1785 2494 Ordinis

508 2525 784 2600 rigorem,
834 2544 1151 2598 perennem
1185 2525 1344 2582 illam
1380 2526 1783 2591 solitudinem,

508 2613 736 2671 inediae
769 2615 1254 2671 consuetudinem
1293 2620 1556 2690 tamqum
1597 2615 1788 2673 adhuc

509 2704 708 2761 mollia
729 2703 1040 2778 religiosae
1066 2704 1218 2761 vitae
1241 2705 1578 2763 rudimenta
1598 2705 1785 2762 ultro-

508 2793 633 2850 neis
668 2793 1047 2866 poenitentiis
1079 2793 1403 2867 asperavit3
1439 2793 1626 2851 durus
1649 2813 1788 2870 erga

510 2903 587 2944 se.
623 2900 761 2956 erga
793 2881 938 2938 alios
970 2882 1241 2950 blandus,
1291 2882 1483 2939 seculo
1517 2887 1787 2940 mortuus

510 2972 627 3027 Deo
671 2973 839 3027 totus
884 2970 1045 3037 vixit,
1099 2971 1298 3038 comiS,
1350 2971 1475 3045 ipsa
1538 2972 1780 3041 caritas3

512 3059 918 3132 virtutumque
953 3059 1213 3117 omnium
1259 3060 1556 3134 exemplar
1587 3061 1785 3118 verbis

510 3152 567 3204 et
601 3147 838 3221 scriptis
874 3148 1166 3205 sodalium
1213 3149 1439 3206 animos
1475 3150 1692 3208 mirum
1724 3151 1786 3208 in

508 3238 747 3294 molum
794 3237 1161 3302 aedificabat.
1215 3241 1283 3296 ut
1314 3238 1660 3313 disciplinae
1692 3259 1785 3297 re-

509 3326 748 3402 ligiosae
781 3326 990 3396 fervor,
1025 3346 1142 3402 quo
1176 3330 1321 3386 tunc
1355 3328 1454 3384 illa
1487 3329 1786 3386 carthusia

508 3416 721 3484 floruit,
757 3435 971 3491 magna
1021 3436 1088 3474 ex
1139 3415 1305 3491 parte
1339 3417 1449 3491 ipsi
1482 3418 1784 3480 debeatur.

1143 277 1513 330 1521—1540.
1540 272 1774 328 Ascesis.
1799 272 1830 325 J
1836 288 1885 327 0.
1912 271 2109 326 Justus
2135 273 2538 342 Landsberger‚

2963 292 3127 345 1364

1844 458 2141 517 Juliacum
2174 463 2451 517 evocatus
2495 459 2749 534 priorem
2798 458 2923 534 egit
2957 461 3129 518 annis

1845 552 2172 624 quatuoret
2187 547 2553 622 aliquamdiu
2564 548 2890 607 visitatoris
2903 548 3128 607 ordinis

1846 638 2085 696 socium.
2150 637 2258 696 Sed
2293 636 2636 695 valetudine
2669 638 3007 712 morbisque
3039 638 3126 696 af·

1847 727 1970 803 fligi
2002 727 2214 802 coepit,
2265 726 2401 784 hinc
2433 727 2732 784 Coloniam
2784 728 3004 785 reverti
3035 734 3131 785 est

1846 822 2100 885 coactus,
2135 815 2241 874 ubi
2273 815 2501 890 aliquot
2535 815 2705 873 annis
2739 816 3010 874 infirmus
3033 816 3126 890 ja-

1846 906 1968 963 cuit
1986 910 2057 963 ut
2076 924 2291 963 aurum
2311 906 2375 962 in
2398 904 2633 962 fornace
2654 905 3128 981 expurgandum,

1844 994 2028 1053 donec
2062 994 2634 1053 increbrescentibus
2680 993 3127 1052 infirmitatibus

1846 1084 2070 1143 acerbis
2103 1103 2236 1142 cum
2260 1084 2460 1142 dolore
2492 1082 2724 1142 intenso
2747 1082 2819 1140 de
2842 1084 3016 1141 ruina
3033 1086 3125 1141 tot

1845 1174 2173 1232 animarum
2206 1171 2684 1230 candidissimum
2719 1173 2836 1230 Deo
2868 1171 3132 1229 reddidit

1843 1262 2112 1337 spiritum
2159 1273 2250 1324 ll.
2284 1262 2435 1338 Aug.
2480 1270 2661 1324 1539.
2726 1261 2993 1319 Plurima
3026 1279 3119 1319 re·

1845 1351 2022 1426 liquit
2037 1352 2269 1426 scripta,
2303 1369 2558 1425 quorum
2582 1350 2864 1425 pleraque
2883 1350 3123 1410 nonnisi

1843 1444 1978 1515 post
2027 1442 2155 1515 ejus
2190 1439 2541 1515 prodierunt
2585 1442 2865 1498 mortem:
2918 1457 3123 1497 eorum

1844 1548 2056 1605 scopus
2089 1533 2177 1588 est
2207 1529 2553 1587 confirmare
2573 1528 2890 1587 catholicos
2918 1528 2982 1586 in
3014 1527 3127 1585 fide

1844 1618 2122 1677 adversus
2156 1636 2383 1677 errores
2405 1618 2497 1675 sui
2514 1617 2816 1692 temporis,
2837 1616 3127 1676 reducere

1843 1707 2064 1775 deviOS,
2113 1711 2488 1782 peccatorum
2531 1706 2833 1765 conversio
2880 1708 2941 1765 et
2986 1724 3127 1764 con-

1843 1816 2042 1855 versos
2059 1814 2403 1871 promovere
2419 1800 2600 1869 atque
2618 1796 2913 1853 instruere
2929 1795 2989 1852 in
3005 1795 3128 1853 vita

1842 1890 2040 1943 sancte
2089 1886 2317 1961 agenda
2363 1890 2423 1942 et
2468 1883 2810 1943 meditanda
2849 1884 3126 1959 passione

1841 1978 1900 2031 et
1933 1978 2121 2033 morte
2159 1976 2223 2032 D.
2256 1975 2325 2031 N.
2360 1974 2414 2031 J.
2450 1973 2684 2031 Christi.
2750 1973 2834 2030 Ea
2885 1973 3128 2031 collecta

1842 2063 2192 2138 prodierunt
2253 2082 2393 2122 cura
2442 2064 2504 2123 P.
2555 2061 2903 2121 Garnefeldt,
2953 2062 3123 2120 soda-

1842 2153 1917 2210 lis
1968 2153 2237 2211 Coloniae
2295 2162 2492 2220 16:303
2554 2161 2716 2214 1693
2765 2159 2808 2209 t..
2861 2160 2894 2212 5
2948 2150 3012 2208 in
3068 2164 3125 2211 4.

1845 2240 2051 2321 (editio
2101 2261 2235 2300 rara
2268 2262 2341 2300 m.
2379 2238 2552 2321 200),
2605 2259 2859 2315 quorum
2903 2250 2951 2301 1.
2985 2258 3123 2297 con-

1843 2331 1995 2388 tinet
2026 2333 2259 2404 praeter
2292 2332 2550 2388 auctoris
2583 2330 2765 2386 vitam
2802 2329 2876 2387 ab
2901 2329 3129 2387 editore

1842 2420 2187 2477 adornatam
2221 2438 2507 2477 serteeones
2543 2414 2809 2499 (latinos)
2846 2419 2908 2475 in
2943 2437 3121 2476 evan-

1842 2509 1995 2583 gelia
2028 2514 2088 2567 et
2135 2508 2409 2583 epistolas
2451 2507 2862 2573 dominicales;
2916 2514 2969 2566 2.
3004 2526 3123 2564 ser·

1845 2597 2108 2655 monesin
2124 2597 2504 2674 evangeliaet
2516 2596 2801 2671 epistolas
2818 2596 3122 2663 festorum;

1847 2697 1898 2749 3.
1933 2688 2205 2744 homilias
2242 2699 2320 2750 56
2359 2690 2421 2744 in
2432 2688 2765 2760 passionem
2784 2693 2834 2743 et
2854 2688 3122 2760 ayoniam·

1847 2777 2063 2834 Christe·
2095 2777 2163 2834 D.
2184 2799 2208 2850 ,·
2240 2777 2611 2834 theoremata
2647 2785 2722 2835 23
2758 2777 2827 2832 de
2848 2775 3129 2849 beneficiis

1847 2867 2090 2936 Clzristi,·
2112 2873 2525 2923 monatesseron
2542 2883 2646 2922 seu
2665 2864 3123 2934 elucidationem

1843 2955 1903 3011 in
1921 2955 2252 3028 passionem
2274 2954 2504 3012 Domini
2529 2953 2847 3011 secundum
2869 2956 3127 3027 quatuor

1843 3043 2235 3118 evangelistas
2298 3048 2438 3110 etc.;
2507 3053 2560 3104 4.
2627 3043 2954 3119 apoloyiam
3009 3060 3126 3116 pro

1843 3135 2220 3201 monasteriis,
2268 3133 2340 3190 de
2384 3151 2525 3191 vera
2555 3132 2842 3206 religione
2875 3137 2935 3189 et
2966 3133 3125 3189 votis

1843 3222 2178 3279 monasticis
2228 3221 2301 3279 ad
2347 3221 2618 3280 Carolum
2668 3220 2765 3289 V.;
2817 3220 3126 3293 Speculum

1843 3312 2572 3383 christiwmeperfectionis
2586 3331 2615 3382 ‚·
2634 3310 2987 3367 enchiridion
3010 3309 3120 3367 mi·

1843 3401 2005 3458 litiae
2068 3401 2442 3466 christianae,
2506 3399 2870 3474 prohibitum
2922 3403 3123 3456 tamen

509 3503 811 3580 Quidquid
887 3506 1172 3580 temporis
1251 3506 1461 3565 habuit
1532 3508 1785 3565 orationi
1844 3489 2046 3551 donec
2121 3491 2468 3564 corrigatur⁴
2545 3487 2722 3570 (quae
2800 3487 3124 3561 PYOhibiliO

509 3594 951 3669 scribendisque
1015 3595 1076 3653 in
1142 3595 1396 3654 aliorum
1460 3597 1785 3654 utilitatem
1839 3578 2010 3636 m0d0
2071 3585 2164 3636 03¹3
2226 3574 2503 3657 sublata)
2552 3577 2787 3651 aliaque
2855 3576 3124 3645 ascetleffi

508 3683 673 3741 libri-3
708 3684 1010 3759 impendit.
1076 3685 1208 3758 Ipse
1255 3684 1521 3743 lucratus
1568 3695 1659 3742 est
1691 3704 1787 3742 or-

507 3773 661 3830 dinis
683 3774 842 3830 illius
861 3773 1037 3830 decus
1055 3773 1591 3847 splendidissimum
1614 3776 1784 3832 Laur.

509 3863 739 3919 Surium
793 3860 886 3942 (cf.
922 3863 1330 3920 Nomenclator
1366 3863 1444 3931 12,
1485 3859 1608 3932 36).
1675 3865 1784 3920 Su·

508 3951 683 4008 binde
748 3952 1092 4009 Cant-avium
1159 3947 1543 4033 (Vogelsang)
1607 3972 1785 4028 prope

584 4127 621 4174 Γ)
650 4123 731 4175 Cf.
762 4121 1087 4174 Hartzhcim
1118 4139 1169 4189 p.
1200 4126 1303 4178 183
1331 4140 1401 4177 s:
1456 4122 1646 4174 Kessel
1675 4121 1786 4174 KL.

512 4194 654 4252 Vis—2
684 4197 855 4248 16992
908 4193 1168 4246 Boutrais
1210 4193 1318 4246 Der
1356 4193 1551 4245 Karth.
1580 4193 1788 4246 Lands·

510 4268 705 4333 berger
732 4264 824 4318 ein
844 4264 1144 4317 Vorliiufer
1160 4265 1257 4317 der
1274 4283 1314 4318 s.
1336 4264 1406 4317 M.
1430 4264 1789 4330 Margaretha

510 4338 795 4402 Alacoque
822 4335 899 4389 itu
930 4341 1013 4391 16.
1035 4335 1233 4389 Jahrb.
1264 4337 1379 4388 und
1410 4335 1501 4388 die
1524 4337 1791 4388 Andacht

507 4427 634 4462 zum
686 4407 1001 4474 gottlichuu
1049 4408 1265 4460 Herzen
1312 4409 1461 4469 jesu,
1509 4409 1792 4461 filuersctzt

509 4480 625 4533 und
674 4479 776 4531 init
820 4479 1000 4532 vielen
1034 4479 1304 4530 Zusittzen
1350 4479 1631 4531 vermehrt
1677 4497 1788 4532 von

510 4552 670 4606 Bern.
700 4551 947 4610 Hermes,
979 4550 1162 4601 Mainz
1194 4555 1346 4605 18³8.
1401 4551 1484 4605 Cf.
1518 4549 1788 4604 Katholik

509 4629 662 4680 1880.
706 4624 769 4682 ΙΙ,
814 4626 1079 4678 317—24.
1136 4621 1208 4675 M.
1253 4621 1461 4674 Martia
1501 4621 1549 4674 J.
1579 4622 1789 4674 Lands-

508 4712 705 4764 perget
758 4695 857 4746 Die
911 4697 1079 4744 unter
1124 4709 1163 4745 a.
1220 4692 1437 4747 Numen
1491 4693 1788 4760 geliendeu

508 4766 789 4818 Schriften
832 4764 948 4817 und
998 4763 1117 4815 ihre
1150 4763 1451 4828 Vert'usser‚
1482 4767 1789 4830 Augsbnrg

508 4843 661 4892 1902.

1843 3667 2123 3741 pleraque
2156 3667 2518 3742 germanice3
2553 3671 2592 3724 t.
2632 3676 2685 3728 5.
2709 3666 3127 3740 complectitur

1843 3757 1960 3814 alia
2037 3757 2302 3822 ascetica,
2384 3757 2542 3814 inter
2602 3775 2752 3830 quae
2814 3756 3124 3829 pharetrae

1842 3847 2023 3902 divini
2055 3847 2271 3903 amoris
2302 3847 2360 3902 Il.
2398 3850 2456 3905 2.
2520 3845 2743 3903 Iterum
2791 3844 2953 3918 typis
2987 3863 3120 3918 pro-

1843 3935 1956 3991 diit
2002 3935 2144 3992 haec
2190 3934 2276 3992 ed.
2325 3939 2531 3992 nostra
2578 3937 2770 3991 aetate
2806 3932 3125 3992 Montreuil

1845 4043 1948 4081 sur
1996 4026 2116 4081 Mer
2166 4042 2207 4082 s.
2260 4044 2307 4081 a.
2355 4027 2397 4086 t.
2434 4033 2504 4092 5;
2552 4024 2784 4096 aliquot
2833 4024 3128 4096 opuscula

1845 4113 2186 4187 prodierant
2211 4113 2332 4186 jain
2368 4114 2611 4170 collecta
2628 4112 2897 4169 Coloniae
2929 4121 3125 4173 1554-

1850 4213 1923 4263 55
1961 4206 2004 4264 t.
2042 4212 2074 4262 2
2114 4202 2174 4259 in
2209 4206 2242 4259 f.
2279 4198 2378 4282 (m.
2424 4199 2583 4277 150).
2648 4201 2932 4276 Vulgavit
2977 4220 3123 4274 quo·

1845 4310 1961 4365 que
2015 4292 2329 4366 vertitque·
2369 4292 2416 4349 h.
2467 4293 2775 4348 Gertrude's
2843 4289 2895 4345 V.
2951 4291 3122 4347 ritum

1846 4388 2010 4455 atque
2031 4383 2395 4438 ret-elationes
2426 4381 2488 4438 in
2510 4398 2836 4438 sermonem
2870 4379 3125 4436 latinum

1846 4475 1906 4527 et
1939 4471 2153 4526 iterum
2205 4470 2268 4527 in
2319 4470 2717 4545 germanicum
2770 4468 2987 4524 idioma
3020 4468 3125 4526 Co-

1847 4560 2036 4616 loniae
2081 4570 2239 4621 1657
2295 4559 2354 4615 in
2392 4567 2445 4620 8.
2488 4593 2555 4601 -
2601 4559 2769 4614 Alius
2824 4557 3124 4631 piissimus

1846 4648 2258 4706 carthusianus
2323 4647 2440 4705 fuit
2503 4647 2955 4704 Guilelmus
3009 4646 3126 4703 Bi-

1844 4738 2173 4794 bantius
2227 4737 2492 4804 Flandcr,
2546 4737 2651 4811 qui
2703 4735 2954 4794 fulmine
3004 4739 3124 4793 ter-

1845 4825 1999 4883 ritus
2033 4826 2104 4883 ad
2138 4827 2327 4883 instar
2360 4826 2529 4883 Pauli
2574 4825 2646 4882 ad
2697 4825 3000 4883 meliorem
3037 4824 3124 4881 vi-
