3475 5364
307 372 464 427 1321

301 540 623 610 cordantia,
676 558 831 615 quae
878 538 1098 597 ibidem
1130 537 1355 614 prodiit
1393 549 1418 600 1
1435 547 1581 608 496;

302 629 373 688 ad
405 629 726 688 editionem
771 647 813 687 s.
849 629 1012 704 Aug
1029 647 1067 685 u
1087 645 1114 686 s
1130 627 1192 685 ti
1210 628 1287 685 ni
1333 628 1401 685 de
1449 628 1582 685 civi-

301 726 413 776 tate
445 719 555 777 Dei
586 719 641 776 ll.
677 721 796 792 22;
825 735 1064 793 operum
1096 735 1139 775 S.
1172 716 1581 786 Ambrosii,

301 810 509 867 decreti
558 807 607 865 G
621 827 652 865 r
666 826 700 865 a.
715 806 777 864 ti
793 827 825 864 a
840 806 938 877 ni,
990 807 1357 865 decretalium
1407 806 1456 864 G
1471 826 1501 864 r
1520 825 1580 864 e·

302 897 510 973 gorii
544 895 1172 965 1x3'1'rithemiil.
1195 897 1265 954 de
1283 897 1583 971 scriptori—

302 987 406 1045 bus
454 986 856 1054 ecclesiasticis,
907 985 946 1042 l.
997 984 1155 1043 Sexti
1196 985 1582 1054 decretalium,

304 1074 654 1134 Panormiac
686 1074 765 1132 1v
782 1092 816 1132 o
829 1074 906 1131 ni
926 1092 972 1143 s,
1007 1073 1279 1132 Summae
1297 1074 1586 1150 anqelicoe

301 1166 355 1223 A
371 1184 412 1222 n
427 1183 468 1239 g
481 1182 512 1222 e
529 1163 587 1221 11
619 1163 690 1221 de
722 1162 987 1222 clavasio
1018 1162 1391 1237 aliorumque
1421 1165 1585 1221 vete-

303 1273 438 1311 rum
471 1271 733 1327 operum.
769 1252 1104 1329 Diligenter
1122 1251 1432 1310 nitebatur
1451 1270 1585 1327 pro-

305 1360 538 1400 movere
571 1340 771 1399 studia
801 1341 1151 1400 humaniora
1194 1344 1256 1400 et
1296 1339 1584 1416 juridica:

305 1430 444 1489 hinc
475 1430 707 1489 curavit
737 1430 1061 1489 editionem
1104 1448 1350 1505 operum
1382 1433 1585 1488 aucto-

305 1539 438 1577 rum
471 1523 757 1579 veterum.
788 1519 1067 1594 Majorem
1096 1522 1297 1577 tamen
1329 1518 1586 1577 nominis

308 1608 709 1667 celebritatem
744 1608 964 1667 meruit
978 1605 1027 1689 1)
1059 1608 1184 1667 81118
1214 1607 1588 1683 poematibus

308 1692 515 1756 latinis
566 1697 859 1774 religiosis
901 1700 965 1756 et
1013 1697 1287 1772 politicis.
1351 1698 1421 1755 In
1465 1695 1587 1755 illis

306 1786 569 1846 celebrat
600 1786 779 1845 etiam
811 1787 867 1845 b.
904 1785 1209 1862 Virginem
1245 1785 1588 1861 fervideque

306 1877 435 1951 ejus
448 1879 659 1934 tuetur
674 1875 1112 1935 immaculatam
1127 1874 1586 1950 conceptionem.

307 1965 471 2023 Inter
516 1965 632 2023 alia
678 1965 794 2023 huc
854 1964 1058 2024 referri
1107 1968 1359 2041 possunt
1387 1966 1586 2041 Arqu-

307 2062 556 2112 mentum
585 2052 653 2111 in
681 2053 804 2113 Jac.
826 2053 1428 2130 Wimphelingii
1459 2072 1586 2111 car-

307 2162 444 2201 men
458 2142 531 2202 de
544 2145 833 2219 conceptu
846 2143 1116 2219 virginis,
1135 2143 1396 2201 Basileae
1422 2153 1446 2204 l
1462 2152 1540 2204 49
1554 2154 1584 2202 4

1326 351 1694 407 Sebastianus
1718 353 1911 417 Brant,

2751 368 2915 424 1322

1640 542 1701 598 et
1777 539 1996 615 spiritu
2058 539 2380 598 christiano
2442 538 2788 608 animatum,
2851 542 2923 598 ut

1640 628 1903 686 Geiler
1965 628 2037 686 de
2098 626 2618 704 Kaisersberg
2692 627 2920 687 concio-

1638 720 1814 776 nator
1845 717 2210 777 clarissimus
2257 717 2411 776 illud
2441 717 2738 776 vocaverit
2769 735 2923 794 ,spe-

1641 807 1844 864 culum
1891 806 2128 865 salutis‘
2174 809 2353 882 atque
2405 805 2788 866 concionibus
2817 825 2924 884 po-

1639 896 1786 971 pulo
1830 895 2246 972 explicandum
2290 896 2568 971 selegerit
2614 895 2805 970 deque
2856 914 2926 955 eo

1640 985 1806 1043 ultra
1839 1003 2061 1043 annum
2115 985 2197 1045 sit
2227 985 2622 1044 concionatus.
2685 984 2793 1043 Est
2822 1005 2924 1044 va-

1641 1074 1818 1143 rium,
1866 1073 2200 1133 eruditione
2244 1074 2639 1150 mythologice.
2680 1077 2739 1132 et
2769 1074 2924 1133 anti-

1642 1163 1896 1237 quitatis
1929 1162 2233 1233 refertum‚
2268 1163 2372 1221 sed
2391 1181 2512 1221 non
2542 1162 2686 1221 satis
2719 1163 2924 1222 ordine

1642 1252 1833 1328 logico
1865 1270 2207 1322 connexum,
2240 1252 2378 1310 hinc
2409 1252 2742 1322 obscurum,
2766 1252 2926 1327 quod

1645 1340 1807 1422 haud
1837 1359 1969 1399 raro
2000 1340 2233 1417 indiget
2273 1340 2711 1410 commentariO,
2745 1342 2925 1400 stilus

1642 1448 1759 1489 non
1794 1432 1887 1488 est
1917 1429 2061 1488 adeo
2092 1430 2357 1489 rusticus
2397 1433 2458 1488 et
2474 1429 2752 1489 indecens
2772 1430 2926 1490 sicut

1642 1522 1737 1577 tot
1770 1518 2244 1578 humanistarum
2280 1520 2448 1578 illius
2482 1520 2610 1579 aevi
2627 1516 2690 1599 ¹).
2743 1522 2927 1595 Saepe

1640 1607 1862 1683 prodiit
1893 1610 2073 1683 atque
2105 1609 2168 1667 in
2200 1609 2344 1667 alias
2380 1608 2613 1685 linguas
2644 1607 2762 1667 fuit
2793 1628 2925 1668 ver-

1644 1716 1792 1756 sum.
1845 1696 2116 1772 Optimae
2166 1697 2458 1756 editiones
2504 1701 2649 1757 sunt
2691 1698 2925 1773 Lipsiae

1652 1795 1815 1849 1854
1866 1803 2007 1844 cura
2049 1786 2142 1844 Fr.
2176 1786 2434 1857 Zarnke;
2466 1786 2544 1844 ib.
2583 1796 2750 1850 1872
2804 1805 2924 1845 cur.

1645 1874 1950 1945 Goedeke3
2000 1875 2130 1951 ejus
2174 1875 2364 1935 versio
2415 1894 2535 1935 cur.
2568 1876 2642 1940 K.
2674 1875 2923 1946 Simrok,

1643 1964 1908 2022 Berolini
1978 1973 2163 2026 1872.
2236 1965 2370 2023 Alia
2430 1964 2690 2041 ejusdem
2752 1983 2927 2041 opera

1646 2056 1816 2111 sunt:
1879 2052 2291 2128 Expositiones
2342 2054 2463 2113 sive
2512 2055 2928 2113 declarationes

1645 2144 1908 2200 omnium
1921 2143 2219 2201 titulorum
2229 2143 2393 2218 juris
2403 2146 2523 2201 tam
2541 2142 2732 2201 civilis
2749 2161 2928 2217 quam

307 2232 372 2289 in
390 2243 461 2301 43
494 2233 563 2290 de
582 2233 800 2309 oriyine
815 2239 865 2289 et
879 2234 1300 2290 conversatione
1314 2232 1590 2290 bonorum
1645 2230 1931 2299 canonici,
1986 2231 2263 2290 collectae
2294 2234 2355 2290 et
2384 2232 2628 2302 revisas,
2661 2232 2926 2291 Basileae

308 2339 510 2397 reyum
554 2324 617 2378 et
647 2320 823 2379 laude
864 2320 1120 2379 civitatis
1151 2320 1590 2396 Hierosolymae
1652 2319 2001 2389 14901114;
2041 2329 2241 2390 1500;
2282 2329 2477 2391 1503;
2522 2331 2718 2393 1504;
2761 2332 2920 2384 1505

309 2428 445 2468 011111
477 2409 884 2469 exhortatione
916 2409 1183 2485 ejusdem
1234 2427 1588 2485 recuperan-
1646 2411 1756 2466 etc.
1773 2427 1943 2483 saepe
1960 2408 2140 2467 etiam
2157 2410 2335 2479 alibi3
2367 2410 2507 2468 liber
2525 2412 2694 2485 faceti
2713 2408 2927 2468 docens

308 2498 434 2568 dae,
468 2498 736 2558 Basileae
776 2508 961 2568 1495,
994 2499 1032 2555 1.
1064 2516 1236 2557 rarus
1270 2494 1374 2578 (m,
1414 2494 1586 2575 100);
1645 2515 1836 2555 mores
1886 2498 2208 2569 hominum,
2259 2500 2573 2575 praecipue
2616 2500 2925 2575 juvenum,
2958 2532 2965 2539 -

309 2606 449 2662 prae
480 2586 692 2663 primis
726 2587 857 2646 Das
876 2587 1415 2661 Narrcnschiffvon
1436 2587 1586 2645 Nar-
1643 2586 1709 2644 in
1755 2587 2239 2662 supplementum
2281 2587 2542 2657 illorum,
2589 2588 2695 2664 qui
2742 2608 2776 2647 a
2821 2586 2927 2646 Oa-

309 2676 572 2754 18801118,
605 2676 873 2737 Basileae
901 2686 1066 2740 1494
1090 2676 1155 2735 in
1178 2687 1247 2748 43
1281 2676 1589 2754 Augustae
1646 2679 1788 2735 tone
1822 2679 1995 2736 erant
2026 2675 2246 2747 omissi,
2286 2688 2487 2747 1496;
2537 2677 2927 2753 Memmingae

310 2765 376 2828 V.
435 2774 600 2831 1498
656 2762 755 2847 (m.
812 2762 998 2847 250);
1061 2766 1250 2825 latine
1311 2785 1418 2843 per
1465 2765 1587 2824 Jac.
1648 2784 1693 2827 s,
1727 2785 1778 2827 a.
1811 2769 1919 2826 etc.
1953 2784 2125 2841 saepe
2157 2766 2386 2838 editus;
2419 2767 2561 2826 liber
2590 2769 2793 2825 moreti
2823 2766 2928 2825 do-

309 2855 595 2914 Locher
645 2855 949 2932 Stultifera
999 2858 1182 2933 novis,
1236 2875 1279 2914 s.
1330 2856 1366 2918 1.
1421 2863 1585 2918 1497
1646 2873 1785 2913 00118
1816 2874 2005 2914 mores
2037 2856 2324 2931 juvenum
2356 2860 2482 2927 etc„
2521 2866 2683 2919 1496
2703 2875 2745 2915 s.
2762 2857 2927 2915 Letc.

311 2941 412 3025 (m.
454 2940 622 3026 170),
688 2940 1021 3026 (Lugduni)
1065 2955 1265 3015 1498;
1327 2945 1589 3003 Basileae

319 3044 482 3096 15⁰6
516 3029 622 3117 (ω’
646 3031 820 3114 2⁰⁰)'
855 3053 1004 3110 opus
1026 3034 1367 3110 satyricum'
1389 3034 1453 3093 in
1472 3052 1591 3109 quo
1724 3101 1765 3169 ¹)
1793 3099 1826 3153 J
1842 3115 1876 3151 a
1892 3046 2013 3152 1188
2029 3115 2059 3151 0
2077 3116 2114 3150 11
2159 3097 2357 3151 Gesch.
2402 3098 2499 3151 des
2544 3096 2597 3152 d.
2637 3097 2848 3152 Volkes
2889 3098 2929 3161 Ι,

310 3142 523 3197 magna
556 3122 832 3181 fibertm
863 3125 923 3181 '³‘
954 3124 1159 3181 acerbe
1189 3123 1381 3198 emit
1399 3122 1589 3182 ⁰m¹¹i⁸
1647 3173 1753 3226 303
1770 3169 1857 3224 ed.
1875 3173 1971 3225 18:
2005 3168 2107 3223 Die
2137 3169 2527 3223 erfreuliohste
2543 3167 2932 3239 Erscheinung

312 3209 666 3268 conditionis
717 3215 778 3269 et
823 3215 1014 3270 status
1059 3216 1180 3269 tam
1213 3210 1591 3270 ecclesiastici
1649 3242 1819 3294 unser
1845 3239 1998 3294 allen
2025 3240 2165 3293 gest„
2191 3240 2311 3293 und
2339 3239 2827 3310 Sittengedichten
2856 3239 2933 3294 ist

313 3317 489 3371 quam
522 3298 657 3357 laici
690 3299 867 3357 vitia:
903 3299 1004 3357 sed
1037 3299 1180 3357 adeo
1213 3300 1471 3358 salutare
1503 3306 1593 3358 est
1650 3310 1753 3364 das
1789 3352 1802 3366 ,
1833 3353 1846 3366 ,
1884 3353 1896 3366 ,
1938 3311 2017 3363 im
2043 3312 2093 3366 J,
2119 3316 2261 3368 1494
2303 3311 2665 3365 emchienene
2691 3314 2930 3366 Nam-en-
2966 3373 2974 3384 θ

1648 3385 1813 3449 schiff
1832 3399 1945 3435 von
1971 3383 2022 3436 S.
2052 3381 2188 3436 Bra
2205 3400 2243 3435 n
2261 3385 2299 3447 t,
2345 3383 2436 3436 ein
2464 3382 2563 3436 der
2590 3381 2754 3435 Form
2783 3383 2930 3435 nach

1651 3452 2008 3520 satyrisches‚
2037 3451 2116 3506 im
2142 3453 2435 3506 innersten
2461 3453 2615 3506 Kern
2641 3453 2747 3506 reli
2787 3453 2931 3507 10808

391 3527 429 3590 ¹)
459 3519 542 3577 Cf.
567 3522 807 3576 Janssen
833 3520 973 3576 ΚῙΖι.ἰ
1017 3522 1083 3586 11,
1112 3526 1280 3579 1200:
1334 3520 1595 3575 Schmidt
1651 3523 1912 3589 Gedicht,
1943 3524 2182 3577 welches
2210 3524 2355 3578 nach
2382 3523 2566 3579 einem
2590 3524 2759 3577 Vei-fa
2782 3524 2930 3577 lvon

314 3591 516 3647 Notice
568 3611 664 3646 sur
718 3592 1012 3647 Sebastien
1062 3592 1241 3647 Brant
1287 3592 1351 3646 in
1401 3592 1593 3646 Revue
1649 3594 2115 3650 Jahrhunderten
2155 3595 2246 3649 die
2285 3594 2555 3648 deutsche
2582 3594 2933 3649 Dichtkunst

313 3663 586 3729 d'Alsace,
615 3664 802 3718 Nouv.
828 3664 996 3728 Serie,
1020 3663 1416 3721 001111811874.
1432 3664 1522 3719 111.
1540 3667 1597 3718 et
1650 3666 1728 3719 im
1758 3665 1995 3719 Inlande
2023 3665 2130 3718 wie
2173 3668 2251 3719 im
2292 3665 2585 3721 Auslande
2630 3684 2699 3719 zu
2727 3682 2930 3719 neuem

311 3734 374 3787 in
400 3734 546 3790 Hist.
574 3735 750 3790 litter.
789 3735 1047 3790 d’Alsace
1085 3737 1125 3798 l,
1167 3739 1466 3802 191—334,
1495 3735 1595 3805 qui
1652 3737 1916 3791 Ansehen
1946 3737 2139 3792 erhob.
2165 3736 2447 3807 Wenigen
2475 3736 2725 3790 Werken
2751 3737 2811 3790 iu
2832 3736 2933 3791 der

315 3825 369 3876 p.
396 3811 503 3863 330
528 3807 598 3861 de
624 3806 723 3861 illo
764 3807 847 3861 iti.
887 3811 1107 3861 censet:
1159 3806 1311 3861 Pour
1345 3807 1596 3861 1081111101·
1651 3808 1940 3862 Literatur
1978 3807 2135 3862 kann
2176 3808 2269 3862 die
2296 3808 2627 3863 Geschichte
2668 3808 2759 3862 die
2787 3808 2932 3862 Ehre

314 3895 447 3932 mon
476 3878 714 3948 opinion
742 3896 839 3932 sur
881 3881 1043 3933 notre
1084 3881 1306 3944 auteur,
1345 3880 1405 3946 je
1447 3878 1595 3932 dii-ai
1652 3880 1809 3934 einer
1836 3896 1895 3934 so
1936 3880 2314 3950 grossartigcn,
2358 3878 2628 3950 plotzlich
2663 3879 2933 3933 einschla-

314 3948 457 4017 qu'il
481 3967 515 4003 a
541 3967 611 4004 eu
639 3952 829 4004 tontes
853 3949 934 4004 les
962 3949 1227 4019 qualites,
1264 3949 1367 4018 qui
1392 3950 1595 4004 consti·
1693 3951 1877 4004 endeu
1920 3950 2207 4020 Wirkung
2251 3954 2613 4005 zuerkennen
2656 3952 2762 4005 wie
2802 3950 2929 4005 dem

314 4023 762 4076 tuentl'homme
776 4038 925 4090 sage,
943 4023 1135 4091 probe,
1156 4022 1425 4086 honnete,
1452 4020 1597 4091 qu'il
1708 4022 2056 4078 arrenschiff.
2103 4023 2183 4077 Cf.
2230 4023 2443 4076 ibidem
2483 4024 2547 4076 in
2585 4026 2780 4078 annot.
2821 4022 2934 4076 alia

314 4108 347 4144 a
372 4092 462 4145 ete
489 4093 637 4146 doue
663 4091 1014 4163 d'aptitudes
1040 4092 1302 4157 diverses,
1341 4093 1500 4162 plein
1526 4093 1596 4147 de
1653 4093 1956 4163 splendida
1972 4093 2177 4164 elogia.
2198 4093 2279 4148 cf.
2292 4094 2464 4148 etiam
2480 4094 2523 4158 1,
2541 4098 2660 4151 135.
2685 4094 2783 4157 „In
2799 4112 2933 4163 qu0,

314 4164 745 4218 connaissances
795 4168 854 4218 et
892 4165 960 4217 de
1008 4166 1221 4218 bonnes
1261 4163 1596 4228 intentione,
1653 4165 1851 4232 inquit
1876 4164 2228 4219 Trithemius
2254 4167 2354 4219 SE.
2382 4183 2427 4221 c.
2454 4171 2575 4229 924,
2620 4181 2848 4220 causam
2877 4167 2936 4219 et

313 4234 455 4287 mais
501 4234 638 4288 d'un
685 4236 1008 4290 charactere
1053 4239 1183 4305 trop
1227 4235 1501 4291 assombri
1541 4240 1600 4290 et
1651 4236 1897 4290 radicem
1940 4237 2197 4291 omnium
2238 4236 2617 4291 stultitiarum
2659 4236 2799 4290 adeo
2826 4235 2933 4291 ele-

314 4304 453 4359 d’un
505 4307 681 4376 esprit
725 4309 854 4376 trop
901 4307 1122 4360 confine
1166 4306 1309 4360 dans
1341 4306 1395 4360 le
1421 4307 1596 4361 cerole
1654 4311 1859 4378 gauter
1886 4308 2179 4378 expressit,
2203 4324 2385 4363 mores
2405 4308 2703 4363 hominum
2731 4308 2933 4379 carpit,

315 4376 489 4431 etroit
513 4377 581 4430 de
607 4376 884 4431 cei-taines
911 4377 1084 4444 idees,
1123 4394 1271 4448 pour
1311 4379 1428 4432 etre
1454 4378 1598 4432 vrai-
1653 4381 1712 4433 et
1754 4379 2035 4447 quaedam
2076 4379 2351 4434 salutaria
2398 4381 2648 4435 remedia
2691 4379 2934 4449 singulis

314 4449 476 4502 ment
491 4466 569 4501 un
585 4448 812 4502 homme
830 4448 1130 4519 superieur
1146 4451 1250 4505 etc.
1272 4448 1410 4520 Ejus
1426 4465 1598 4521 opera
1654 4450 1848 4514 tradit,
1875 4453 1944 4505 ut
1968 4468 2083 4506 non
2107 4451 2233 4521 jure
2259 4450 2564 4506 stultorum
2588 4451 2814 4514 librum,
2836 4450 2933 4504 sed

315 4522 569 4573 recenset
593 4518 663 4582 11,
688 4523 954 4578 340—76.
980 4519 1061 4574 De
1079 4520 1201 4590 ejus
1217 4521 1599 4576 controversia
1657 4522 1912 4575 divinam
2002 4522 2153 4577 otius
2198 4526 2446 4591 satyram
2493 4540 2637 4591 opus
2663 4521 2811 4575 illud
2839 4539 2934 4591 ap-

314 4607 440 4645 cum
458 4590 753 4654 Wirt(cf.
770 4596 983 4661 p.1113
995 4597 1065 4663 a.)
1082 4595 1315 4662 propter
1330 4590 1597 4647 immacu·
1656 4593 1942 4663 pellasset.
2025 4594 2173 4647 escio
2201 4594 2355 4648 enim
2395 4595 2440 4648 si
2469 4594 2606 4663 quid
2636 4595 2934 4664 tempesta-

316 4661 492 4716 latam
516 4662 769 4732 Virginis
786 4663 1213 4733 conceptionem
1230 4663 1300 4717 cf.
1320 4664 1602 4718 Lauchert
1656 4664 1729 4718 tis
1755 4667 1982 4719 nostrae
1999 4665 2196 4719 usibus
2210 4666 2496 4720 salubrius
2509 4667 2613 4720 aut
2618 4663 2937 4735 jucundius

313 4733 444 4786 hist.
470 4734 665 4789 Jahrb.
696 4737 832 4791 1897
861 4754 917 4805 p.
945 4739 1049 4790 770
1074 4751 1144 4790 88.

1656 4734 1773 4807 legi
1800 4738 2040 4806 posset“.
