3475 5364
178 352 301 405 437
879 336 1073 405 Steph.
1098 336 1167 389 de
1194 336 1525 401 Salanhaco,
1553 336 1585 390 J
1590 352 1803 390 oannes
1831 335 2129 391 Columna.
2683 351 2816 406 438

177 522 381 598 inquit
416 520 639 590 Quetif
666 522 737 603 (1,
775 517 948 602 415),
994 523 1099 597 qui
1131 541 1248 581 non
1284 523 1477 580 solum
1504 516 1509 543 *
1534 521 1960 599 magistrorum
2000 517 2137 603 (18)
2187 521 2518 598 theologiae
2550 521 2816 591 Parisiis,

173 611 481 688 praeclam
534 611 718 688 gestis
763 614 958 670 aetate
990 630 1099 671 sua
1130 611 1384 686 patriam
1417 614 1480 669 et
1534 630 1714 686 quem
1745 611 1810 668 B.
1845 610 2133 670 Guidonis
2182 610 2559 669 continuavit
2589 612 2650 668 et
2680 629 2817 686 per-

179 700 450 758 ordinem
490 699 839 769 illustravit,
870 701 975 761 sel
1005 700 1105 759 cui
1136 700 1478 759 obincuna·
1534 700 1691 769 fecit,
1741 698 2162 759 documentum
2188 700 2391 775 judice
2423 699 2646 757 Denifle
2677 718 2812 775 pre-

177 789 317 846 bula
348 788 615 859 ordinis,
663 808 817 864 quae
848 789 969 847 fere
1002 789 1174 848 testis
1207 790 1478 848 oculatus
1531 790 1760 849 tiosum
1791 807 1899 865 pro
1931 788 2184 847 historia
2213 788 2478 847 literaria
2511 788 2574 847 Ο.
2607 789 2810 847 Praed.

186 878 343 947 vidit,
429 878 681 953 scriptis
756 878 1034 937 mandata
1109 879 1476 954 antiquaque
1532 878 1715 937 Illum
1764 880 2004 936 auctum
2046 882 2106 936 et
2149 877 2309 937 notis
2358 876 2581 936 criticis
2631 880 2813 951 atque

180 967 353 1041 primi
404 967 611 1025 nostri
663 967 854 1025 seculi
904 970 1290 1027 monumenta
1336 968 1475 1025 dili·
1533 967 1816 1025 litorariis
1847 967 2216 1025 illustratum
2235 967 2476 1025 exhibet
2506 965 2821 1025 Denifle

184 1056 547 1132 gentissime
596 1056 846 1114 collecta
894 1058 955 1114 et
1003 1060 1237 1115 servata
1283 1056 1476 1132 pluri·
1532 1057 1597 1113 in
1627 1056 1848 1115 Archiv
1883 1066 1938 1125 2,
1976 1066 2100 1119 204
2135 1074 2212 1114 ss.
2264 1089 2352 1098 —-
2383 1054 2656 1131 Denirme
2698 1056 2820 1114 huc
2891 1090 2896 1094 ·

181 1164 340 1202 mum
404 1150 696 1203 tenemur
709 1152 755 1202 ⁴⁵.
836 1146 1031 1203 Natus
1081 1150 1174 1204 est
1221 1146 1374 1204 circa
1426 1166 1475 1204 a.
1532 1144 1743 1203 referri
1774 1147 1971 1222 potest
2001 1144 2436 1221 quadamtenus
2466 1144 2505 1201 J
2522 1162 2811 1203 oannes

195 1243 387 1302 12103
450 1237 692 1292 vestem
742 1252 786 1292 s.
839 1233 1133 1293 Dominici
1181 1234 1382 1293 induit
1429 1253 1475 1293 c.
1533 1234 1898 1292 Columna
1947 1233 2011 1291 Ο.
2045 1233 2250 1292 Praed.
2301 1252 2370 1291 ex
2416 1232 2664 1308 antiqua
2709 1235 2813 1292 Co·

196 1331 368 1404 1230.
440 1323 609 1391 ‚Hic
655 1323 792 1392 fuit,
844 1323 1046 1398 inquit
1095 1324 1476 1383 Bernhardus
1533 1323 1938 1382 lumnensium
1971 1323 2158 1399 stirpe
2177 1325 2376 1391 natm,
2409 1322 2570 1380 inter
2589 1322 2820 1396 primos

189 1411 476 1470 Gnidonis
490 1407 567 1491 1),
654 1411 960 1489 religionis
1037 1413 1341 1488 speculum
1418 1415 1479 1470 et
1532 1411 1757 1471 ordinis
1802 1412 1961 1471 viros
1993 1414 2056 1470 et
2091 1414 2413 1472 assertores
2457 1409 2814 1480 laudandae,

193 1501 393 1577 imag0‚
430 1500 636 1577 gratia
654 1501 1129 1575 praedicationis,
1162 1502 1479 1578 prudentia
1532 1500 1637 1576 qui
1669 1520 1704 1558 a
1733 1504 1951 1576 patruo
2002 1500 2344 1559 adolescens
2377 1499 2637 1558 Parisios
2670 1500 2813 1558 mis-

192 1594 248 1646 et
292 1588 608 1666 sapientia
653 1590 963 1666 regiminis
1011 1591 1334 1666 praedituS,
1390 1591 1479 1649 fa·
1533 1608 1635 1648 sus
1668 1590 1788 1649 fuit
1817 1590 2013 1649 literis
2046 1589 2429 1658 erudiendus,
2473 1588 2821 1664 ibidemque

198 1678 404 1736 cundia
425 1678 728 1737 sermonis
749 1679 1085 1748 redimitus,
1119 1681 1480 1756 experientia
1532 1679 1839 1756 ingressus
1872 1682 1966 1737 est
1997 1678 2265 1737 ordinem
2297 1697 2341 1736 s.
2364 1677 2662 1739 Dominici
2681 1677 2816 1736 fru-

194 1767 377 1824 multa
422 1767 678 1826 doctus:
727 1768 793 1825 in
837 1767 927 1826 his
973 1787 1124 1843 quae
1168 1769 1477 1846 religionis
1534 1770 1657 1826 stra
1686 1767 1997 1827 obnitente
2045 1771 2275 1843 patruo,
2327 1766 2612 1825 cardinali
2663 1766 2811 1825 alio·

203 1859 336 1914 sunt
382 1856 619 1931 optime
660 1857 993 1915 instructus
1042 1861 1101 1915 et
1149 1856 1476 1927 instruens,
1533 1857 1682 1932 quin
1714 1856 2148 1932 potentissimo,
2197 1857 2302 1932 qui
2333 1856 2429 1915 vel
2461 1856 2815 1932 Gregorium

201 1949 461 2003 narrator
493 1949 810 2021 gestorum
843 1949 906 2005 et
935 1947 1339 2021 exemplorum
1370 1965 1477 2006 no·
1533 1946 1629 2004 IX.
1675 1946 1740 2005 in
1786 1949 2098 2005 strenuum
2149 1944 2470 2003 commovit
2510 1947 2813 2020 juvenem.

206 2032 460 2092 tabilium
495 2035 801 2111 gratiosus
834 2038 897 2093 et
914 2034 1212 2110 copiosus,
1244 2054 1473 2094 morum
1534 2035 1799 2094 Praesuit
1813 2035 1906 2093 bis
1923 2035 2259 2110 provinciae
2276 2033 2816 2103 Tusciae‚etetiam

1531 2143 1836 2183 romanae:
1888 2124 1963 2182 ab
2012 2123 2343 2182 Alexandro
2393 2122 2490 2181 IV.
2541 2143 2590 2181 a.
2646 2131 2826 2186 1255·

1532 2217 1843 2288 promotus
1875 2217 1967 2272 est
1995 2212 2068 2271 ad
2115 2213 2312 2271 sedem
2359 2230 2816 2280 messanensem,

1534 2320 1653 2376 qua
1697 2305 1898 2361 tamen
1939 2311 2104 2364 1262
2153 2320 2215 2360 se
2261 2301 2572 2371 abdicavit,
2619 2300 2815 2359 factus

1532 2390 2007 2466 archiepiscopus
2039 2389 2412 2449 nicosiensis,
2453 2390 2699 2449 Romam
2721 2408 2819 2447 se-

1534 2480 1715 2538 cessit
1764 2481 2005 2557 egitque
2055 2480 2170 2539 sub
2203 2479 2439 2537 Urbano
2489 2478 2584 2537 IV.
2639 2478 2820 2536 Urbis

1533 2569 1818 2628 vicarium
1883 2565 1942 2650 (†
2000 2578 2163 2632 1313
2231 2568 2560 2627 secundum
2621 2568 2817 2636 GamS,

1533 2658 1692 2733 quod
1722 2660 1924 2718 tamen
1955 2658 2050 2718 vix
2085 2652 2406 2739 credibile).
2461 2656 2823 2732 Compilavit

1534 2748 1703 2806 Mare
1733 2749 2114 2807 historiarum
2130 2742 2176 2828 ¹)
2210 2748 2284 2805 ab
2306 2766 2354 2806 o.
2377 2765 2424 2806 c.
2444 2747 2516 2805 ad
2550 2765 2595 2805 s,
2614 2745 2811 2804 Ludo-

228 2833 419 2892 etitum
436 2855 553 2896 non
566 2837 865 2912 perduxit,
890 2837 1028 2895 hinc
1047 2841 1110 2895 et
1122 2838 1303 2896 etiam
1321 2857 1475 2896 nun-
1534 2837 1648 2895 vici
1667 2837 1763 2895 IX.
1786 2837 2010 2895 Galliae
2026 2837 2183 2913 regis
2202 2839 2470 2911 tempora
2499 2835 2818 2904 inclusive,

226 2939 375 2994 quam
402 2942 470 2983 ex
489 2926 731 3003 integro
761 2926 1003 3001 prodiit,
1037 2927 1139 2985 sed
1171 2927 1477 2986 materiam
1532 2945 1567 2983 a
1614 2944 1656 2984 s·
1689 2925 1995 2985 Antonino
2041 2925 2466 2995 collaudatum,
2515 2925 2685 3000 cujus
2716 2943 2817 2982 ex-

232 3011 473 3082 praebuit
502 3015 817 3073 laboribus
849 3015 1106 3073 utilibus
1136 3017 1309 3074 Bern.
1331 3016 1477 3074 Gui-
1533 3019 1736 3090 cerpta
1783 3015 2135 3091 prodierunt
2181 3015 2247 3073 in
2292 3014 2418 3073 ΜΘ.
2467 3013 2564 3072 SS.
2609 3012 2818 3082 XXIV,

233 3096 373 3159 donis
406 3101 500 3182 (de
532 3121 656 3179 quo
686 3099 888 3183 infra),
921 3104 1028 3180 qui
1058 3105 1166 3163 hac
1195 3105 1268 3163 de
1297 3124 1362 3163 re
1393 3106 1479 3164 ita
1537 3112 1841 3167 266—84
1874 3107 1936 3162 et
1958 3105 2085 3179 jam
2129 3109 2305 3162 antea
2348 3102 2509 3178 apud
2538 3104 2819 3176 Bouquet

239 3187 496 3273 scribit²):
551 3192 786 3262 ,Quem
836 3189 1213 3275 (tractatum)
1262 3211 1369 3270 ego
1413 3194 1479 3252 in
1533 3193 1769 3252 Recueil
1813 3192 1991 3263 XXII,
2046 3202 2295 3256 107-2
2307 3203 2362 3254 4.
2424 3191 2515 3250 De
2559 3193 2702 3250 viris
2744 3192 2816 3248 il-

239 3280 422 3336 notulis
453 3282 743 3357 scriptum
763 3282 836 3339 de
856 3301 1037 3340 manu
1069 3301 1178 3341 sua
1196 3283 1477 3357 semiper·
1532 3283 1811 3340 lustribus
1842 3281 2094 3340 ethnicis
2131 3285 2192 3339 et
2222 3280 2580 3348 christianis,
2613 3280 2679 3339 in
2698 3299 2821 3355 quo

241 3363 421 3426 fectum
449 3371 752 3446 reperiens
784 3370 1139 3447 diligentius
1178 3371 1475 3448 recollegi,
1533 3371 1794 3445 primum
1840 3370 1967 3447 agit
1997 3371 2069 3428 de
2102 3370 2339 3429 Socrate
2384 3369 2638 3444 aliisque
2684 3369 2814 3443 phi-

241 3450 399 3526 ipsum
444 3459 834 3536 compingens
881 3461 1116 3519 noviter
1161 3461 1477 3519 ref'ormavi
1532 3460 1792 3536 Iosophis
1839 3460 2187 3537 gentilibus,
2241 3459 2404 3534 quod
2451 3476 2594 3516 cura
2623 3459 2817 3516 Bene-

241 3540 487 3620 pluraque
530 3547 914 3625 superaddidi
948 3548 1013 3606 in
1046 3549 1190 3607 locis
1225 3550 1349 3608 suis
1382 3568 1470 3609 se·
1534 3548 1677 3606 dicti
1696 3549 1956 3608 Zoanelli
1986 3549 2386 3607 casanatensis
2419 3547 2816 3605 bibliothecae

246 3632 464 3693 eundum
484 3638 838 3714 exigentiam
862 3638 1157 3707 materiae,
1191 3657 1363 3713 quam
1380 3639 1473 3697 in·
1531 3638 1816 3713 praefecti
1832 3639 1946 3696 sub
1966 3637 2131 3713 prelo
2151 3637 2366 3695 sudare
2386 3636 2566 3694 refert
2580 3630 2637 3717 (l
2657 3635 2809 3714 721)

246 3734 478 3781 veneram
518 3727 582 3784 in
627 3727 835 3785 eodem
849 3734 896 3783 ⁴¹.
960 3727 1140 3785 Plura
1183 3746 1251 3785 ex
1284 3744 1352 3786 eo
1383 3746 1475 3785 re·
1532 3727 1596 3785 in
1626 3727 1744 3785 fine
1776 3745 1918 3785 suae
1949 3726 2338 3785 bibliothecae
2370 3725 2612 3783 Echard.

249 3808 514 3877 veriuntur
543 3816 605 3873 in
638 3815 862 3874 Delisle
894 3834 984 3890 op.
1017 3815 1228 3874 Notice
1260 3835 1365 3875 sur
1391 3817 1476 3875 les

249 3902 554 3962 manuscrits
587 3904 659 3962 de
678 3904 944 3963 Bermrd
977 3905 1091 3963 Gui
1127 3902 1214 3986 (in
1236 3905 1475 3964 Notices
1613 3899 1647 3965 ¹)
1676 3896 1851 3950 Aliud
1892 3897 1965 3950 ab
1991 3913 2082 3976 OP:
2124 3896 2333 3965 gallice
2360 3894 2548 3949 edit&
2589 3897 2674 3948 La
2704 3914 2818 3948 ”¹0²⁸

254 3983 297 4037 et
320 3990 535 4049 extrasts
567 3993 669 4051 des
706 3994 1068 4052 manuscrits
1100 3993 1315 4052 XXVII
1346 4014 1399 4070 p·
1437 4003 1471 4057 2
1531 3966 2807 4052 deshi'stce'i'es,PariSiisl488;auctumib.1516

1530 4054 1657 4092 reco
1699 4042 1886 4091 nitum
1917 4043 2072 4102 1036,
2115 4038 2268 4106 quod
2314 4041 2399 4090 est
2443 4037 2820 4090 Brochart

253 4080 678 4177 P’152-455)
740 4082 877 4140 ‘Iam
922 4101 1061 4182 Vfro
1108 4083 1173 4140 in
1220 4103 1273 4159 P·
1310 4094 1365 4146 3·
1405 4084 1476 4142 de
1533 4109 1662 4162 theo
1692 4110 1805 4178 ogi.
1863 4109 2142 4164 Joanncm
2183 4112 2441 4162 nostrum
2484 4107 2579 4161 vix
2641 4125 2816 4162 ierve-

256 4156 432 4223 illustri
448 4171 603 4242 prole
622 4176 818 4248 coepit
836 4171 1110 4230 exhibere
1143 4172 1472 4249 catalogum
1534 4180 1682 4233 nisse
1708 4181 1780 4233 ad
1808 4197 1859 4233 a.
1900 4185 2041 4237 1290
2079 4185 2270 4234 censet
2311 4179 2577 4244 Quetif
2613 4127 2650 4243 ll,
2691 4184 2820 4235 419.

1532 4252 1649 4306 Sub
1675 4252 1907 4305 nomine
1946 4251 2269 4306 Joannis
2310 4251 2646 4305 Coloniia
2691 4269 2816 4320 pro-

338 4387 341 4390 *
1532 4323 1640 4376 diit
1679 4323 1890 4376 Romae
1938 4326 2076 4380 1885
2119 4327 2400 4377 chimis'con
2445 4326 2592 4377 breve
2641 4323 2714 4376 ab
2765 4339 2817 4378 a.

323 4386 350 4428 ¹³
373 4383 425 4437 In
448 4394 695 4463 catalogo
723 4394 977 4463 priorum
1004 4394 1205 4449 lemov.
1233 4394 1309 4448 ib.
1533 4398 1906 4456 isal-4311,
1962 4393 2115 4461 quod
2167 4410 2300 4447 sane
2347 4393 2525 4446 nostri
2575 4392 2815 4446 Joannis

206 2128 257 2179 et
281 2127 569 2199 gestuum
600 2124 953 2182 maturitate
984 2125 1361 2200 compositus.
1394 2126 1475 2183 fa·

210 2229 391 2269 mosus
421 2213 542 2271 toti
574 2213 802 2288 patriae
854 2211 914 2293 (†
947 2221 1002 2276 8.
1035 2214 1167 2271 Jan.
1222 2209 1473 2294 1291).‘

211 2299 581 2360 concinnavit
611 2302 707 2359 Tr.
740 2303 810 2360 de
841 2310 1118 2379 quatuor,
1165 2304 1229 2360 in
1273 2303 1479 2380 quibus

216 2388 352 2447 Deus
367 2391 857 2449 Praedicatorum
872 2393 1136 2450 ordinem
1151 2394 1478 2469 insiqnivit:

224 2488 264 2538 1.
291 2478 357 2535 de
400 2480 562 2537 bono
611 2498 682 2538 ac
726 2481 971 2538 strenuo
1018 2480 1167 2539 duce
1199 2500 1242 2539 s.
1277 2482 1478 2539 Domi-

218 2566 363 2637 nic03
412 2578 467 2630 2.
501 2568 577 2628 de
609 2568 871 2646 glorioso
901 2570 1139 2628 nomine
1171 2570 1477 2629 Praedica-

222 2658 423 2728 torum
477 2666 534 2721 3.
568 2658 643 2717 de
675 2658 905 2717 illustri
951 2659 1145 2733 prole3
1195 2668 1251 2721 4.
1283 2659 1356 2718 de
1388 2677 1476 2719 se-

222 2746 447 2805 curitate
478 2747 892 2824 professionis⁷
946 2748 1098 2806 Eum
1130 2748 1372 2823 quidem
1404 2749 1477 2807 ad

270 4457 350 4570 11)
372 4458 515 4526 Apud
532 4464 745 4546 Denifle
761 4468 837 4546 (p.
855 4469 957 4521 167
973 4469 1063 4529 8.),
1080 4465 1181 4533 qui
1197 4465 1408 4520 Archiv
1425 4472 1479 4530 2,
1534 4464 1737 4534 nequit
1762 4481 1896 4519 esse.
1925 4464 2053 4518 Non
2076 4468 2267 4544 nostro
2297 4465 2391 4518 sed
2420 4463 2521 4546 alii
2545 4466 2577 4519 J
2597 4481 2628 4517 o
2645 4481 2677 4516 a
2695 4464 2813 4545 nni

295 4527 491 4596 3³³—248
511 4535 889 4589 eruditissime
925 4536 994 4590 de
1021 4537 1279 4590 fontibus
1307 4537 1479 4591 histo·
1533 4537 1603 4590 de
1654 4536 1694 4590 C
1712 4553 1744 4590 o
1763 4536 1782 4588 l
1800 4555 1835 4589 u
1854 4555 1908 4589 m
1926 4553 2013 4589 na
2052 4541 2128 4604 (n.
2175 4541 2334 4600 1298)
2380 4537 2583 4589 tribuit
2628 4535 2818 4589 Waitz

270 4603 357 4646 me
378 4597 429 4650 Ο·
453 4600 633 4660 Praed.
660 4607 904 4662 disserit.
1533 4611 1689 4663 Mare
1712 4612 2083 4662 historiarum.
2134 4606 2215 4663 Cf.
2247 4606 2508 4660 Potthast
2537 4625 2666 4676 pag.
2693 4611 2817 4663 659.
