3475 5364
507 361 663 414 1571

990 345 1361 399 1541—1563.
1389 341 1701 411 Theologia
1726 342 2077 396 scholastica.
2105 340 2382 395 Melchior
2408 342 2611 409 Canna,

2946 358 3112 414 1372

498 533 597 587 tor
644 531 704 587 et
754 528 1077 587 honoratus
1126 527 1308 585 titulo
1367 525 1596 601 „Patris
1642 545 1778 601 pro·
1835 525 2014 584 etiam
2080 527 2461 585 relectionem
2512 528 2581 585 de
2628 530 3005 586 sacramentis
3053 530 3117 585 in

500 618 784 676 vinciae«
848 617 1119 693 Magistri
1165 616 1258 675 sui
1301 616 1557 693 vestigia
1587 616 1778 674 iniens
1833 634 2032 690 yenere
2063 623 2114 674 et
2143 617 2211 673 de
2233 617 2605 691 poenitentia,
2642 616 2720 675 ib.
2751 626 2938 685 1550,
2965 635 3114 693 quae

502 707 874 782 splendorem
907 707 1088 781 hujus
1107 706 1433 764 academiae
1453 705 1776 780 plurimum
1834 704 2081 781 adjungi
2134 706 2285 763 solet
2334 705 2420 763 ed.
2456 705 2672 780 prioris
2718 725 2809 783 op.
2844 705 3115 765 Coloniae

499 796 683 857 auxit.
704 795 870 854 Inter
885 813 1024 853 suos
1041 793 1370 870 discipulos
1391 795 1556 852 fuere
1577 794 1776 851 Barth.
1844 803 2025 856 1605.
2090 795 2158 852 In
2207 814 2279 853 ea
2310 797 2516 853 contra
2548 812 2592 853 s.
2626 794 2725 852 Th
2745 814 2778 853 o
2799 814 2953 853 mae
2985 813 3114 853 sen·

495 885 571 943 de
605 884 916 953 Medina,
966 882 1406 943 Dom.13afiez
1447 888 1508 942 et
1539 883 1774 943 Ludo—

501 989 537 1031 v
555 974 616 1031 ic
631 994 674 1031 u
691 992 718 1031 s
735 973 1116 1049 Legionensis
1134 973 1197 1032 Ο.
1217 972 1271 1030 S.
1290 975 1439 1049 Aug.
1458 976 1566 1034 etc.
1600 973 1650 1029 A
1674 973 1776 1030 Ca-

499 1064 625 1121 rolo
659 1062 723 1122 V.
758 1062 975 1121 missus
1008 1066 1101 1119 est
1132 1081 1265 1121 cum
1299 1062 1497 1120 Barth.
1531 1061 1602 1119 de
1638 1063 1775 1120 Car-

500 1172 674 1210 ranza
717 1151 1032 1227 theologus
1078 1152 1148 1209 ad
1197 1150 1515 1209 concilium
1549 1150 1775 1209 triden-

498 1242 712 1310 tinum,
738 1241 842 1298 ubi
861 1240 1017 1299 haud
1034 1259 1241 1315 parum
1261 1240 1505 1298 emicuit
1522 1261 1535 1309 3
1569 1240 1706 1298 dein
1725 1259 1774 1301 a.

1833 883 2082 940 tentiam
2137 892 2190 944 2.
2244 892 2296 945 2.
2345 902 2400 959 q.
2451 892 2528 945 62
2565 904 2614 941 a.
2661 885 2769 942 ult.
2820 884 2992 943 docet
3020 885 3112 943 in·

1833 970 2186 1030 firmissimis
2219 972 2611 1048 argumentiS,
2649 991 2810 1041 ,non
2841 974 3113 1049 protinus

1832 1061 2020 1118 teneri
2055 1080 2223 1119 reum
2256 1062 2479 1137 peccati
2499 1061 2770 1120 mortalis
2803 1062 3114 1136 poeniten·

1831 1150 1972 1207 tiam
2009 1168 2201 1225 agere,
2236 1169 2343 1210 nec
2375 1152 2555 1209 etiam
2580 1169 2711 1209 eum
2735 1155 2974 1228 peccata
2993 1171 3114 1211 me-

1829 1239 2048 1298 moriae
2100 1240 2519 1302 occurrerint.‘
2590 1240 2745 1299 Hinc
2777 1240 3005 1299 Echard
3036 1241 3112 1309 II,

506 1339 669 1393 1552
724 1350 857 1388 eum
910 1330 1253 1406 episcopum
1305 1330 1495 1388 voluit
1547 1324 1773 1409 (1552)
1842 1336 1955 1389 178
1992 1331 2209 1398 censet,
2243 1348 2370 1386 eam
2402 1330 2473 1387 ab
2507 1333 2747 1388 auctore
2776 1348 2897 1389 non
2929 1330 3115 1388 fuisse

494 1420 934 1477 canariensem:
987 1420 1085 1477 sed
1139 1438 1335 1477 amore
1385 1419 1537 1477 forte
1589 1418 1772 1475 studii
1829 1418 2206 1493 recognitam,
2238 1417 2357 1476 imo
2377 1418 2574 1478 forsan
2591 1438 2664 1476 ne
2682 1418 2959 1495 scriptam
2978 1419 3113 1493 qui—

502 1508 694 1567 sedem
730 1527 894 1566 suam
941 1527 1248 1583 nunquam
1298 1508 1458 1574 adiit,
1507 1512 1567 1565 et
1604 1507 1775 1565 brevi
1832 1506 1963 1564 dem
1996 1524 2140 1577 esse,
2176 1525 2307 1566 curn
2355 1526 2547 1583 neque
2594 1508 2801 1566 stilum
2853 1509 2980 1583 ejus
3011 1527 3113 1566 re·

499 1601 632 1674 post
660 1598 713 1656 ei
746 1597 1117 1656 renunciavit
1138 1592 1190 1678 (1
1214 1595 1382 1676 554).
1414 1597 1653 1655 Electus
1685 1599 1779 1654 est
1831 1594 2042 1653 doleat.
2103 1596 2259 1654 Haec
2302 1600 2504 1656 tamen
2535 1597 2720 1655 dubia
2748 1597 2968 1656 refellit
3008 1597 3110 1655 Ca·

500 1686 860 1745 asodalibus
879 1686 972 1744 bis
990 1686 1320 1761 inpriorem
1340 1685 1775 1760 provincialem,
1834 1684 2054 1742 ballero
2105 1704 2197 1760 op.
2249 1685 2344 1743 cit.
2398 1686 2499 1744 Ed.
2551 1686 2885 1762 praecipua,
2932 1705 3112 1761 quam

501 1795 650 1851 quae
669 1780 868 1833 tamen
889 1774 1100 1834 electio
1133 1775 1206 1832 ab
1236 1774 1461 1834 ordinis
1490 1775 1778 1851 magistro
1834 1773 2065 1830 curavit
2096 1774 2464 1850 Hyacinthus
2497 1778 2671 1851 Serry
2704 1793 2795 1849 op.
2830 1776 2903 1833 M.
2938 1775 3110 1844 canc,

501 1883 619 1925 non
640 1865 756 1922 fuit
775 1865 1131 1940 approbata:
1166 1864 1600 1923 controversiae
1620 1864 1777 1920 enim
1833 1864 2006 1919 aucta
2055 1867 2148 1920 est
2210 1864 2571 1938 praefatione
2633 1864 2821 1922 instar
2882 1864 3113 1941 prologi

501 1955 823 2012 nonnullae
855 1956 916 2011 et
946 1953 1339 2011 dissensiones
1370 1953 1620 2010 aBarth.
1643 1951 1774 2010 Car·
1833 1951 2064 2027 galeati,
2118 1969 2235 2026 quo
2285 1959 2584 2011 auctorem
2624 1955 2833 2011 tuetur
2865 1974 2900 2012 a
2932 1953 3110 2012 variis

500 2061 673 2101 ranza
704 2061 812 2103 suo
844 2042 1145 2118 quondam
1189 2042 1410 2117 collega
1454 2042 1780 2099 turbarunt
1833 2041 2300 2114 exceptionibus,
2337 2042 2561 2101 Patavii
2605 2051 2800 2111 1720:
2853 2042 3112 2101 Venetiis

500 2150 683 2192 annos
713 2132 870 2189 vitae
916 2150 1057 2189 suae
1098 2131 1359 2189 ultimos
1424 2130 1778 2189 confessarii
1842 2139 2038 2199 17593
2087 2129 2346 2189 Viennae
2399 2140 2581 2194 1759.
2647 2132 2900 2189 Victoria
2944 2132 3012 2189 de
3060 2134 3112 2188 si

498 2221 645 2297 regii
695 2239 914 2278 munus
964 2241 996 2278 a
1045 2220 1322 2295 Philippo
1373 2220 1444 2276 Il.
1507 2220 1778 2277 oblatum
1833 2219 2049 2288 misum,
2069 2218 2393 2278 Valladolid
2420 2231 2585 2283 1550
2620 2221 3110 2282 exitalicoversa.

500 2311 762 2368 modeste
824 2310 1132 2367 recusavit.
1196 2309 1515 2367 Maculavit
1576 2313 1778 2366 tamen
1834 2307 2024 2381 Opera
2072 2308 2266 2366 omnia
2315 2309 2663 2383 prodierunt
2708 2310 2921 2367 Romae
2970 2328 3113 2367 cura

494 2398 768 2457 nonnihil
831 2398 1088 2457 nominis
1151 2398 1368 2455 famam
1415 2417 1448 2454 a
1510 2396 1775 2456 moribus

500 2487 765 2561 alioquin
798 2487 1092 2545 illibatam
1111 2487 1576 2545 obstinatissima
1608 2505 1774 2544 aver·

501 2576 665 2634 sione
697 2596 731 2634 a
762 2576 1038 2635 societate
1058 2576 1097 2633 J
1101 2594 1204 2633 esu
1235 2585 1502 2634 recenter
1535 2594 1569 2633 a
1601 2594 1644 2633 S.
1679 2575 1775 2651 Ig-

498 2666 659 2724 natio
693 2666 1006 2726 instituta:
1053 2684 1257 2723 verum
1292 2684 1442 2740 quae
1476 2665 1584 2723 hac
1616 2665 1679 2723 in
1712 2682 1775 2722 re

497 2756 621 2832 egit
652 2755 1005 2830 scripsitque
1034 2755 1593 2830 praetermittamus,
1641 2773 1776 2811 cum

500 2848 769 2902 nostrum
804 2844 884 2901 sit
915 2844 1045 2918 ejus
1075 2843 1139 2900 in
1160 2843 1464 2901 scientiam
1485 2842 1772 2918 theologi-

496 2951 620 2991 cam
655 2933 932 3007 prosequi
962 2933 1192 2990 merita.
1226 2932 1490 2990 Decessit
1518 2931 1776 2990 illustris

500 3021 594 3079 hic
637 3021 955 3096 theologus
996 3021 1183 3079 Toleti
1234 3029 1331 3083 30.
1380 3021 1539 3096 Sept.
1592 3031 1773 3083 1560.

500 3111 690 3168 Pauca
721 3110 911 3168 Canus
945 3109 1149 3180 edidit,
1194 3109 1296 3168 sed
1329 3110 1776 3169 celeberrimum

498 3199 671 3257 illum
721 3199 981 3258 reddidit
1029 3217 1201 3275 opus,
1260 3199 1421 3275 quod
1470 3199 1777 3275 inscripsit

490 3289 568 3346 de
598 3289 733 3346 locis
761 3288 1089 3365 theoloyicis
1118 3288 1357 3370 ILXII,
1411 3305 1529 3363 quo
1561 3307 1775 3365 parens

498 3376 615 3435 fuit
647 3396 832 3436 novae
853 3377 1201 3453 disciplinae
1220 3378 1581 3453 theologicae
1603 3381 1776 3436 antea

497 3467 596 3524 vix·
630 3467 918 3544 cognitae,
965 3486 1125 3526 nunc
1172 3471 1371 3526 autem
1404 3485 1775 3542 summopere

496 3557 855 3614 necessariae
901 3558 1026 3615 scil.
1065 3557 1394 3633 theologiae
1426 3556 1773 3614 fundamen-

497 3645 655 3704 talis.
690 3646 980 3721 Intelligit
1009 3647 1275 3705 locorum
1316 3647 1553 3703 nomine
1584 3644 1772 3703 domi·

498 3734 635 3793 cilia
665 3741 1151 3812 argumentorum
1182 3734 1670 3812 theologicorum,
1704 3753 1772 3792 ex

499 3824 716 3899 quibus
748 3824 1005 3901 theologi
1051 3842 1186 3883 suas
1226 3824 1772 3900 argumentationes

499 3914 621 3971 sive
675 3913 746 3971 ad
798 3913 1263 3972 confirmandum
1315 3913 1436 3970 sive
1482 3913 1556 3970 ad
1600 3911 1772 3971 refel-

499 4002 741 4060 lendum
774 4003 1048 4061 derivant
1079 3999 1265 4080 (op.‹l.
1302 4013 1346 4064 l.
1368 4021 1411 4060 c.
1438 3997 1518 4080 3).
1552 4002 1772 4059 Eorum

1833 2395 2044 2455 Cucchi
2091 2407 2250 2459 1890
2286 2400 2328 2455 t.
2367 2409 2419 2461 3.
2484 2398 2716 2456 Inedita
2761 2402 3112 2456 manserunt

1832 2487 2240 2544 annotationes
2273 2487 2337 2544 in
2379 2499 2425 2549 l.
2465 2496 2518 2547 2.
2553 2490 2611 2544 et
2634 2497 2687 2548 2.
2715 2495 2768 2548 2.
2793 2505 2835 2545 s.
2857 2486 3110 2545 Thomae

1832 2578 1892 2631 et
1923 2574 2142 2633 scholia
2171 2575 2235 2632 in
2271 2585 2324 2637 4.
2361 2577 2395 2633 l.
2432 2576 2859 2634 sententiarum
2877 2572 2941 2655 ¹).

1922 2761 2066 2814 633.
2102 2752 2210 2811 His
2242 2754 2515 2812 addimus
2535 2772 2652 2812 non
2686 2755 2883 2812 minus
2918 2755 3104 2832 insig-

1831 2858 1967 2898 nem
2027 2841 2385 2919 theologum‚
2439 2842 2734 2902 Victoriae
2779 2845 2850 2901 ut
2910 2844 3112 2902 ferunt

1830 2929 2210 3004 discipulum,
2266 2932 2454 3007 ipsius
2487 2933 2644 2989 sicut
2674 2936 2735 2989 et
2766 2934 2839 2990 M.
2873 2933 3013 2991 Cani
3046 2933 3118 2991 in·

1831 3020 2105 3077 cathedra
2149 3021 2450 3097 collegam,
2498 3021 2976 3080 Dominicum
3021 3018 3106 3104 (in

1832 3107 2125 3183 baptismo
2141 3109 2363 3168 dictum
2377 3107 2779 3191 Franciscum)
2792 3110 2863 3168 de
2877 3110 2914 3168 S
2927 3129 2960 3169 o
2971 3106 3103 3191 120²)

1830 3215 1885 3254 n.
1931 3207 2093 3259 1494
2130 3203 2301 3274 patre
2332 3199 2619 3257 tenuioris
2651 3199 2940 3262 fortunae.
2973 3200 3104 3258 Vic-

1907 3407 1945 3474 ¹)
1975 3404 2056 3459 Cf.
2084 3404 2154 3458 de
2183 3405 2270 3458 his
2310 3408 2571 3460 accurate
2613 3407 2760 3460 sicut
2792 3409 2849 3460 et
2880 3406 2949 3460 de
2989 3405 3108 3458 vita

1831 3475 1906 3528 M.
1934 3475 2074 3529 Cani
2091 3476 2457 3531 disserentem
2477 3477 2645 3532 Ehrle
2661 3476 2940 3531 Katholik
2950 3479 3106 3534 1885.

1830 3548 1869 3610 1,
1898 3550 2174 3608 85—-102;
2228 3549 2565 3618 praeprimis
2605 3566 2738 3603 vero
2765 3548 2982 3602 Firmin
3009 3550 3107 3602 Oa-

1831 3618 2045 3673 ballero
2091 3619 2238 3672 vida
2281 3619 2375 3674 del
2418 3620 2500 3674 ill.
2545 3620 2619 3673 M.
2666 3620 2837 3685 Can0,
2885 3619 3108 3673 Maeli-id

1830 3693 1964 3747 1871
1987 3713 1998 3750 ;
2051 3689 2120 3744 N.
2167 3692 2452 3745 Antonius
2497 3691 2640 3746 Bibl.
2686 3691 2754 3746 H.
2805 3708 2987 3746 novae
3039 3691 3106 3758 11,

1831 3766 1932 3818 119
1961 3779 2059 3821 εκ
2102 3761 2497 3816 Hundhausen
2524 3762 2636 3816 KL.
2663 3763 2758 3826 112,
2786 3765 3107 3826 iem-1812,

1831 3833 1930 3901 qui
1957 3832 2025 3886 de
2054 3833 2206 3887 Cano
2234 3833 2460 3888 scribit:
2487 3835 2639 3888 Cano
2671 3836 2830 3889 besass
2856 3833 2947 3887 ein
2974 3834 3108 3888 reiz·

1832 3906 1990 3958 bares
2007 3904 2082 3958 Te
2091 3909 2455 3974 mperament,
2473 3907 2607 3960 aber
2617 3904 2783 3960 einen
2798 3906 2975 3959 tiefen
2985 3905 3104 3958 und

1831 3973 2171 4046 lebendigen
2199 3977 2475 4042 Glauben‚
2503 3980 2671 4046 grol’e
2699 3976 2960 4031 Klarheit
2987 3976 3108 4030 und

1830 4047 2060 4100 Scharfe
2089 4047 2184 4100 des
2212 4046 2444 4112 Geistes,
2544 4048 2807 4102 ssndliche
2843 4048 2963 4102 und
2989 4065 3107 4101 um-

496 4095 767 4148 recenset
806 4103 897 4152 ¹0·
963 4091 1257 4168 CogimVit
1303 4091 1592 4166 subjicere
1637 4091 1698 4146 ll·
1736 4100 1770 4153 3
1829 4118 2088 4172 fassende
2151 4119 2478 4172 Gelehrsam
2525 4120 2618 4182 eit,
2682 4119 2844 4173 einen
2902 4119 3108 4173 weiten

490 4180 570 4236 de
602 4180 865 4238 locorum
910 4198 1043 4251 usu,
1091 4200 1278 4239 unum
1327 4181 1389 4237 in
1423 4180 1775 4238 scholastica
1829 4190 2018 4244 theolo
2063 4190 2256 4243 ischen
2299 4190 2465 4243 Blick
2516 4190 2633 4243 und
2686 4191 2780 4244 ein
2825 4190 3108 4262 gesundes

497 4287 717 4344 pugna,
754 4270 1007 4328 alterum
1058 4271 1121 4328 in
1155 4289 1196 4331 e.
1233 4269 1565 4342 Scripturae
1600 4287 1772 4343 expo-

497 4359 741 4428 sitione3
776 4363 1140 4433 postremum
1162 4358 1458 4434 speciatim
1492 4357 1772 4416 adversus

496 4447 634 4504 fidei
668 4447 1014 4506 christianae
1048 4448 1315 4524 singulos
1348 4447 1635 4515 inimicos,
1669 4466 1773 4522 pa-

496 4556 701 4612 ganos,
736 4536 1016 4607 Judaeos,
1065 4539 1400 4604 Saracenos,
1453 4537 1552 4594 sed
1585 4540 1773 4594 morte

497 4629 854 4700 praeventus
915 4627 1173 4701 primum
1218 4629 1450 4683 tantum
1501 4626 1773 4687 absolvit.

500 4715 728 4774 Prodiit
779 4715 1115 4790 saepissime
1166 4716 1271 4773 hoc
1323 4732 1471 4790 opus
1518 4715 1769 4773 utilissi-

1830 4260 2029 4315 Urthei
2056 4304 2067 4325 ,
2098 4262 2223 4315 eine
2243 4261 2390 4315 hohe
2411 4261 2828 4317 Beredsamkeit
2845 4261 2963 4316 und
2981 4263 3108 4316 eine

1831 4333 1979 4386 leine
2008 4333 2126 4386 und
2166 4335 2443 4402 elegante,
2495 4334 2774 4403 geradezu
2800 4333 3109 4388 klassische

1830 4403 2152 4458 Schreibart
2177 4412 2282 4460 etc.

1905 4480 1942 4545 ²)
1969 4477 2057 4530 Ab
2083 4492 2147 4530 eo
2175 4475 2456 4546 distingui
2485 4476 2694 4530 debent
2732 4475 2774 4529 P
2792 4478 2957 4530 etru
2975 4494 3000 4529 s
3038 4476 3109 4529 de

1831 4547 2199 4616 Sot0,dequo
2229 4547 2394 4611 infra,
2428 4551 2484 4601 et
2510 4547 3109 4619 Christophorus

1830 4618 1898 4672 de
1944 4619 2078 4674 Soto
2119 4621 2181 4673 O.
2225 4621 2276 4674 b.
2318 4618 2390 4674 M.
2432 4620 2500 4673 de
2542 4619 2727 4683 Mero„
2773 4620 2876 4687 qui
2915 4618 3111 4673 floruit

1830 4690 2027 4744 eodem
2053 4693 2304 4760 tempore
2333 4694 2387 4744 et
2418 4690 2602 4744 clarus
2643 4694 2764 4745 erat
2788 4690 3109 4760 theologiae

1829 4763 2111 4831 professor
2137 4761 2196 4816 in
2226 4761 2417 4816 schola
2454 4763 2610 4816 urbis
2637 4762 2956 4831 pincianae.
3009 4759 3109 4814 Re-

495 4825 676 4904 mam.
712 4807 1104 4904 numerantur
1134 4804 1288 4862 enim
1324 4805 1535 4862 saltem
1557 4805 1769 4906 &³:27⁹
1828 4833 2003 4901 liquit
2052 4834 2455 4887 commentaria
2507 4834 2764 4905 (inedita)
2816 4834 2878 4887 in
2928 4849 3016 4902 ep.
3066 4849 3106 4886 a.

494 4912 756 4966 primum
809 4893 1195 4951 salmanticae
1253 4903 1436 4955 1563.
1512 4893 1774 4968 Reliquit
1828 4904 2085 4960 ⁸Ioannis,
2192 4934 2196 4938 ·
