3475 5364
407 322 569 377 1433
864 305 1060 361 Theol.
1086 305 1347 375 polemici
1375 306 1436 359 in
1464 305 1527 362 Ο.
1550 306 1690 363 Min.
1719 305 2054 371 Helmesius,
2085 305 2348 374 Winzler,
2377 306 2558 377 Cling.
2847 323 3015 378 1434

400 492 504 549 der
534 491 588 548 h.
622 491 938 551 Geschrifft
966 492 1134 550 unnd
1165 511 1271 551 aus
1301 492 1417 550 den
1435 493 1597 552 alten
1618 493 1672 551 h.
1729 493 1934 551 tentiis
1968 493 2116 551 miro
2148 492 2393 551 artificio
2424 496 2485 551 et
2516 493 2849 551 eruditione
2871 511 3012 552 con·

399 580 873 650 Kirchenlerern‚
925 581 1201 657 Dilingae
1241 591 1438 653 1555;
1502 582 1566 640 in
1602 591 1672 652 43
1729 582 2008 651 cinnavit‚
2033 581 2304 641 Coloniae
2336 591 2534 651 155ος
2574 592 2767 652 1556;
2798 582 3013 641 Euchi-

408 678 609 741 15563
678 679 879 741 15:373
936 679 1142 741 15583
1198 680 1400 741 15693
1472 682 1674 741 1599;
1729 671 1921 730 ridion
1954 672 2023 729 de
2053 690 2187 730 vera
2217 678 2267 728 et
2293 671 2552 746 perfecta
2599 672 3010 747 impiijuscifi'-

400 758 586 817 latine
619 777 788 817 versa
820 779 855 818 a
885 760 981 818 Su
1000 760 1115 817 rio
1161 759 1435 818 Coloniae
1473 773 1498 824 1
1518 770 1675 831 5563
1729 762 1966 837 catione,
1993 760 2263 819 Coloniae
2293 770 2476 822 1554.
2511 761 2845 819 Decessisse
2866 759 3010 818 dici-

408 846 1080 917 15573Viennae15583
1107 849 1675 924 Antverpiae15593
1730 854 1833 909 tur
1883 869 1931 907 a.
1992 859 2176 913 1560.
2230 883 2308 892 -
2363 850 2625 908 «Ioannes
2676 849 3016 908 Winzler

402 936 642 995 Parisiis
681 946 876 1008 1558;
919 947 1117 1007 1564;
1170 948 1354 1000 1567.
1416 939 1560 997 Cum
1591 939 1676 996 Fl.
1731 959 1787 997 n.
1838 938 1902 996 in
1951 937 2166 1014 oppido
2200 938 2363 997 Horb
2413 938 2656 997 ditionis
2701 941 3016 996 wiirttem·

401 1025 659 1083 Illiricus
690 1026 851 1084 hunc
881 1026 916 1084 l.
950 1026 1125 1084 modo
1164 1027 1409 1103 indigno
1440 1028 1677 1104 impug-
1731 1027 2017 1103 bergicae,
2052 1027 2414 1103 Campoduni
2443 1027 2507 1086 in
2534 1027 2745 1103 Algoja
2776 1032 3014 1102 aposto-

400 1119 601 1173 nasset
620 1119 798 1190 atque
816 1118 1166 1192 argumenta
1184 1124 1262 1177 23
1286 1118 1676 1191 opposuisset,
1734 1116 1845 1186 lus,
1868 1117 1973 1192 qui
1995 1116 2377 1175 concionibus
2392 1117 2517 1174 suis
2537 1117 3012 1175 adversariorum

401 1203 574 1261 Fabri
632 1203 725 1261 illi
786 1204 1020 1263 fortiter
1081 1205 1337 1263 occurrit
1386 1223 1678 1279 response,
1733 1224 1960 1265 errores
1992 1206 2298 1278 insecutus
2344 1208 2438 1263 est
2481 1206 2916 1280 catholicosque
2948 1206 3016 1262 in

402 1295 581 1368 atque
611 1292 684 1350 ad
715 1293 951 1370 singula
979 1293 1289 1368 respondit
1309 1298 1677 1370 argumenta,
1734 1295 1847 1353 fide
1879 1294 2266 1365 confirmavit,
2299 1298 2371 1353 ut
2402 1295 2585 1353 variis
2614 1295 2679 1352 in
2711 1294 2871 1365 locis,
2905 1294 3009 1351 ubi

403 1381 558 1439 Dilin
568 1400 678 1458 gae
764 1392 950 1445 1568.
1029 1383 1193 1440 Johel
1267 1384 1371 1441 der
1432 1383 1681 1457 Prophet
1734 1384 2202 1443 concionatorem
2253 1384 2394 1459 egit,
2427 1404 2461 1441 a
2492 1384 2879 1442 novatoribus
2911 1402 3009 1440 ex-

403 1471 782 1529 christenlich
814 1471 937 1529 und
970 1472 1232 1530 trewlich
1264 1491 1336 1530 zu
1355 1473 1682 1549 besserung
1736 1474 1948 1548 pulsus
1965 1473 2163 1542 fuerit,
2177 1473 2261 1531 ita
2274 1473 2715 1549 Norimbergae,
2728 1472 3014 1543 Basileae,

402 1558 507 1618 der
536 1561 786 1636 glaubig
817 1561 1126 1637 ausgelegt
1156 1561 1283 1619 und
1314 1562 1678 1638 geprediget,
1735 1562 1935 1620 Ulmae
1968 1566 2074 1621 etc.
2110 1562 2484 1620 Guardianus
2517 1564 2647 1620 erat
2679 1561 3016 1620 Landshuti
3075 1588 3078 1595 ⁴

404 1648 679 1724 Dilingae
719 1659 881 1711 1557
918 1650 984 1707 111
1018 1660 1091 1719 4.,
1126 1650 1310 1709 latine
1341 1651 1679 1710 versusaT.
1735 1655 1796 1710 et
1824 1651 2198 1727 Ingolstadii,
2231 1651 2608 1727 praepositus
2643 1650 3016 1725 provinciam

402 1737 750 1796 Bredenb
765 1758 840 1796 ac
857 1740 912 1807 h,
947 1739 1191 1797 Lovanii
1223 1749 1406 1810 1563;
1439 1740 1680 1798 Parisiis
1735 1741 2012 1798 interfuit
2043 1759 2281 1816 quoque
2302 1740 2594 1815 colloquio
2614 1739 3011 1798 wormatiensi

414 1836 532 1889 157
544 1836 613 1897 8;
662 1828 1020 1904 Antverpiae
1060 1837 1256 1897 15523
1330 1838 1513 1892 1589.
1579 1829 1679 1887 ln·
1739 1825 1800 1911 (†
1841 1826 2050 1909 1554).
2113 1830 2199 1886 Ex
2231 1831 2359 1905 ejus
2392 1829 2630 1904 scriptis
2663 1829 2816 1886 nihil
2847 1828 3013 1886 vide—

403 1918 639 1974 structio
688 1917 1133 1992 saltzburyensis
1181 1936 1288 1992 pro
1321 1918 1590 1994 parochis
1624 1921 1684 1977 et
1734 1923 1839 1977 tur
1888 1919 2177 1994 prodiisse
2192 1914 2256 1998 1).
2307 1952 2395 1962 ——
2445 1917 2744 1977 Conradus
2794 1916 3018 1994 Cling

310 2052 319 2060 .
404 2005 929 2075 concionatoribus,
982 2024 1132 2080 quae
1166 2007 1391 2081 absque
1422 2006 1682 2066 auctoris
1741 2003 2068 2089 (Klingius)
2104 2006 2155 2065 N
2163 2008 2475 2066 ordhusiae
2506 2007 2570 2064 in
2600 2006 2926 2083 Thuringia
2955 2025 3011 2063 11.

404 2094 641 2153 nomine
709 2095 933 2170 prodiit
993 2095 1329 2171 germanice
1391 2096 1684 2173 Dillingae
1737 2095 2041 2155 Erfordiae
2092 2097 2326 2155 studuit
2369 2099 2549 2171 atque
2589 2116 2636 2153 a.
2678 2104 2841 2158 1520
2877 2094 3013 2153 doc-

411 2192 598 2244 1556.
661 2184 806 2241 Post
852 2186 945 2242 tot
987 2185 1319 2242 exantlatos
1365 2185 1593 2244 labores
1626 2189 1686 2243 et
1739 2188 1972 2244 toratus
2005 2188 2267 2244 lauream
2308 2189 2400 2243 est
2437 2185 2703 2260 adeptus.
2768 2185 3015 2241 Praeva-

406 2272 733 2331 certamina
762 2273 1000 2331 fortiter
1019 2275 1184 2349 gesta
1216 2273 1467 2332 decessit
1497 2274 1683 2350 insig·
1740 2274 2002 2333 lentibus
2063 2275 2367 2333 Erfordiae
2428 2272 2821 2332 sectatoribus
2888 2273 3017 2348 ipse

406 2361 499 2419 nis
545 2361 640 2419 hic
684 2363 997 2439 theologus
1014 2358 1057 2442 ¹)
1097 2371 1194 2424 27.
1227 2363 1393 2421 Febr.
1436 2372 1599 2426 1558
1635 2383 1684 2421 a.
1741 2365 1934 2422 factus
1966 2367 2056 2422 est
2073 2363 2193 2421 dux
2213 2363 2653 2432 catholicorum,
2689 2363 2825 2420 hinc
2844 2379 3012 2437 prae-

408 2450 620 2508 aetatis
657 2459 756 2513 54.
1740 2452 2067 2511 dicentium
2111 2453 2177 2511 in
2220 2472 2281 2511 se
2330 2452 2643 2511 concitavit
2673 2452 2809 2520 iras,
2844 2468 3019 2526 prae·

1742 2541 1944 2599 sertim
1977 2541 2144 2600 Justi
2175 2542 2373 2611 Menii,
2405 2541 2564 2599 unde
2596 2545 2688 2599 est
2717 2544 2845 2599 orta
2876 2557 3016 2598 con-

502 2637 644 2692 658.
679 2628 763 2686 Ex
809 2628 1014 2689 ordine
1058 2648 1105 2690 s.
1141 2629 1446 2689 Francisci
1493 2630 1684 2689 nomi·
1741 2631 1985 2690 certatio
2018 2631 2302 2702 literaria,
2337 2630 2388 2689 si
2419 2634 2615 2690 tamen
2668 2648 2735 2688 ea
2767 2630 2876 2688 hoc
2907 2647 3014 2687 no·

407 2718 539 2775 nari
576 2719 1211 2777 merentHenricus
1242 2719 1687 2779 Helmesius
1741 2740 1876 2778 men
1908 2724 2112 2790 meret,
2145 2738 2278 2779 cum
2313 2722 2492 2795 hujus
2524 2720 2747 2795 scripta
2771 2719 3016 2794 injuriis

409 2801 635 2889 (Helm)
674 2807 1212 2866 Halberstadiensis
1231 2812 1294 2867 et
1313 2809 1688 2867 concionator
1740 2812 1799 2866 et
1830 2810 2202 2886 improperiis
2235 2811 2622 2886 regurgitent.
2657 2809 2903 2867 Causam
2923 2826 3021 2865 ca-

407 2896 738 2954 celebratus
766 2895 831 2953 in
863 2897 1106 2956 ecclesia
1125 2897 1446 2956 cathedrali
1466 2898 1683 2956 coloni·
1741 2898 2096 2957 tholicorum
2140 2899 2443 2957 Erfordiae
2492 2899 2613 2957 fere
2646 2898 3019 2973 desperatam

407 2985 547 3054 ensi,
581 2986 955 3061 praepositus
1000 2986 1337 3060 provinciae
1385 2987 1686 3046 saxonicae
1743 2987 2065 3062 plurimum
2118 2988 2296 3063 juvit,
2374 2987 2796 3048 concionatoris
2857 2986 3016 3044 enirn

409 3072 471 3131 Ο.
505 3074 643 3130 Min.
679 3074 919 3132 Observ.
952 3075 1320 3149 temporibus
1359 3076 1480 3134 illis
1530 3076 1685 3134 diifi-
1740 3095 1981 3135 munere
2043 3077 2283 3135 functus
2333 3080 2426 3135 est
2457 3097 2505 3135 a.
2543 3086 2643 3147 36,
2695 3077 3020 3151 pluresque

407 3161 663 3232 cillimis,
714 3163 935 3237 quibus
986 3164 1416 3239 quamplurimi
1463 3165 1685 3224 ordinis
1739 3164 2119 3240 deceptorum
2152 3166 2224 3224 ad
2256 3166 2578 3225 Ecclesiam
2610 3165 2864 3236 reduxit,
2899 3184 3014 3223 nu-

407 3253 735 3310 conventus
783 3252 879 3310 vel
930 3272 963 3309 a
1012 3252 1267 3310 fanatica
1328 3254 1684 3312 rusticorum
1739 3257 1935 3312 tantes
1996 3255 2060 3313 in
2121 3253 2234 3312 fide
2297 3255 2680 3324 confirmavit,
2745 3273 3016 3330 magnam

408 3338 723 3397 rebellione
738 3340 832 3397 vel
854 3340 1191 3416 principum
1207 3342 1525 3417 tyrannide
1543 3361 1684 3418 sup-
1741 3344 1953 3402 saltem
2004 3343 2266 3402 civitatis
2315 3347 2544 3419 partem
2594 3344 2658 3401 in
2709 3342 3024 3419 religionis

407 3430 600 3503 pressi
648 3428 830 3486 fuere.
895 3429 1199 3488 Sollicitus
1248 3430 1369 3488 fuit
1421 3431 1682 3501 consilio,
1740 3427 3018 3512 catholicaeprofessioneservavit(†1556).

406 3517 585 3576 verbo
617 3520 679 3575 et
711 3517 947 3594 scriptis
992 3522 1308 3577 nutantem
1340 3520 1685 3596 religionem
1739 3520 1923 3580 Plura
1953 3539 2021 3579 ex
2054 3521 2288 3597 scriptis
2308 3525 2444 3597 post
2463 3522 2591 3596 ejus
2612 3525 2861 3580 mortem
2878 3538 3016 3595 pro-

405 3607 584 3665 variis
644 3606 707 3664 in
766 3607 1108 3683 regionibus
1170 3604 1405 3689 tueri2).
1482 3609 1686 3668 Edidit
1740 3610 1981 3669 dierunt
2012 3629 2151 3668 cura
2196 3611 2505 3668 Wicelii
2540 3610 2826 3685 junioris:
2862 3609 3024 3667 desi-

404 3696 563 3753 inter
607 3695 723 3754 alia
766 3696 835 3753 de
878 3697 1041 3754 verbo
1072 3697 1183 3756 Dei
1212 3698 1268 3761 ll.
1303 3699 1361 3766 3,
1411 3698 1684 3758 Coloniae
1741 3698 1983 3758 deratur
2001 3703 2200 3758 tamen
2221 3699 2375 3768 lima,
2410 3699 2602 3757 defuit
2620 3700 2780 3757 enim
2801 3698 3013 3756 editori

413 3795 578 3848 1560
611 3785 675 3843 in
711 3795 784 3854 4.‚
819 3784 854 3842 l.
887 3804 1088 3856 rarus;
1142 3788 1419 3844 adversus
1449 3788 1684 3861 captivi-
1737 3787 2006 3846 doctrina
2049 3789 2374 3846 necessaria
2414 3788 2486 3846 ad
2534 3789 2642 3846 illa
2672 3786 3020 3863 expolienda

406 3880 575 3932 tatem
652 3874 1043 3950 babylonicam
1117 3874 1383 3947 Lutheri‚
1447 3875 1685 3934 Parisiis
1740 3882 1801 3934 et
1845 3874 2250 3959 accuranda2).
2312 3878 2477 3936 Inter
2520 3896 2590 3935 ea
2637 3880 2813 3936 sunt:
2878 3876 3020 3934 Loci

414 3973 607 4034 15533
650 3973 810 4026 1657
836 3983 848 4024 z
878 3964 1272 4022 Homiliarum
1302 3964 1365 4022 in
1380 3966 1686 4042 evangelia
1739 3984 2063 4025 communes
2092 3966 2383 4044 theologici
2413 3985 2519 4043 pro
2539 3966 2795 4025 Ecclesia
2814 3965 3013 4023 catho-

406 4065 468 4108 et
527 4070 729 4111 omnes
807 4053 1087 4128 epistolas
1146 4053 1455 4112 canonicas
1518 4057 1559 4112 t.
1627 4065 1681 4124 5,
1739 4054 1866 4124 lica,
1914 4055 2182 4114 Coloniae
2235 4067 2259 4116 1
2279 4065 2436 4125 5593
2496 4065 2654 4117 1562
2706 4074 2776 4113 ex
2825 4054 3012 4131 ipsius

404 4159 554 4214 quas
587 4161 655 4199 ex
688 4142 865 4199 meris
907 4141 1142 4200 divinae
1173 4143 1517 4217 Scripturae
1551 4161 1683 4201 sen·
1739 4144 1997 4202 auctoris
2029 4145 2430 4203 monumentis
2471 4144 2659 4219 dupla
2689 4142 3024 4204 accessione

1741 4251 1919 4309 supra
1949 4234 2210 4308 priorem
2241 4234 2329 4294 ed.
2350 4234 2540 4304 aucti;
2577 4234 2816 4292 Parisiis
2848 4242 3008 4296 1567
3067 4267 3074 4274 .

486 4365 520 4434 ι)
549 4362 631 4416 Cf.
660 4361 876 4417 Echard
906 4363 976 4426 ll,
1004 4367 1101 4420 161
1125 4386 1136 4423 ς
1187 4364 1409 4418 Streber
1450 4363 1562 4418 KL.
1588 4365 1684 4429 IV,

406 4438 541 4490 1171
564 4454 575 4493 ς
604 4435 699 4488 sed
730 4451 862 4505 prae
880 4435 1080 4504 primis
1097 4438 1165 4490 N.
1184 4435 1397 4489 Paulus
1410 4436 1684 4491 Katholik
1817 4441 1854 4510 ¹)
1884 4436 1966 4491 Cf.
1995 4437 2352 4492 Gaudentius
2379 4457 2433 4507 p.
2454 4443 2548 4498 18:
2580 4437 2793 4491 Paulus
2810 4437 3020 4492 Katho-

406 4509 561 4562 1892.
594 4506 630 4570 I,
660 4510 901 4564 17—36;
931 4510 1175 4563 los—27
1206 4510 1263 4560 et
1288 4512 1444 4565 1893.
1474 4508 1539 4572 ΙΙ,
1560 4513 1681 4568 221:
1737 4509 1821 4563 lik
1847 4512 2005 4566 1892.
2033 4510 2072 4574 1,
2093 4513 2228 4568 5612
2256 4509 2592 4578 praeprimis
2609 4514 2764 4566 1894.
2783 4509 3017 4573 1,40·57,

405 4575 496 4629 die
524 4577 831 4630 deutschen
858 4577 1266 4632 Dominikaner
1300 4597 1356 4648 p.
1384 4583 1684 4636 232—266.
1741 4579 1840 4634 ubi
1867 4580 2126 4650 longiora
2166 4580 2486 4650 fragmenta
2526 4597 2592 4632 ex
2632 4581 2753 4651 ejus
2794 4579 3028 4650 seriptis.

481 4653 518 4712 ²)
549 4648 630 4702 Cf.
660 4649 885 4702 Streber
905 4648 1016 4702 KL.
1040 4649 1105 4713 V,
1128 4653 1300 4708 1752:
1326 4649 1685 4704 Gaudentius
1740 4651 1982 4710 exhibet,
2118 4688 2129 4698 ·

402 4719 443 4784 1,
460 4723 545 4785 62,
564 4719 666 4786 qui
684 4737 813 4789 pag.
831 4724 899 4776 18
925 4719 1206 4774 Henrici
1234 4720 1284 4773 H
1303 4720 1406 4775 ell
1433 4721 1685 4794 (Helous)
1815 4727 1856 4793 ἢ)
1884 4722 1966 4775 Cf.
1994 4722 2064 4777 N.
2093 4722 2306 4776 Paulus
2334 4723 2605 4777 Katholik
2641 4727 2796 4779 1894.
2825 4723 2865 4775 1.
2894 4727 3019 4779 146-

404 4789 680 4856 meminit,
728 4808 897 4859 quem
925 4808 971 4845 c.
1001 4796 1140 4848 1553
1182 4792 1385 4846 obiisse
1411 4794 1601 4856 refert,
1630 4796 1689 4847 et
1741 4798 1873 4852 164:
1897 4793 2285 4847 Gaudentium
2314 4800 2481 4864 p.,15‚
2508 4794 2820 4847 secundum
2850 4811 3022 4862 quem

403 4862 497 4916 cui
524 4863 720 4916 eadem
746 4862 954 4917 tribuit
979 4879 1168 4932 opera,
1206 4880 1353 4932 quae
1380 4863 1685 4919 Helmeeio.
1740 4881 1789 4918 a.
1817 4869 1958 4922 1554
1983 4864 2156 4926 obiit;
2184 4865 2409 4919 Streber
2435 4865 2547 4920 KL.
2575 4866 2696 4929 111²,
2724 4869 2845 4921 552.
