3475 5364
920 336 1288 393 1541-1563.
1318 330 1623 399 Theologia
1648 328 1763 400 pol.
1787 328 1850 381 in
1875 325 2088 396 Belgio.
2117 325 2396 392 Allardus‚
2424 325 2712 387 Latonius,
2963 336 3136 395 1443

520 346 681 412 1447

513 533 650 587 tura
683 526 920 602 quidem
955 522 1272 589 surdaster,
1326 518 1424 577 sed
1475 515 1789 589 theologus
1847 531 1899 587 p.
1945 523 1965 573 1
2009 506 2131 589 ss),
2178 511 2538 585 Antverpiae
2593 518 2775 579 1521,
2827 510 2986 569 unde
3031 511 3136 568 vel

514 619 738 677 multae
769 613 1036 674 lectionis
1086 616 1146 669 et
1194 606 1569 674 eruditioni&-
1600 602 1791 662 literis
1844 602 1972 677 ipse
2016 600 2313 659 Lutherus
2375 600 2439 657 in
2501 600 2925 669 confutatione,
2978 599 3128 656 Wita

513 709 692 766 etiam
740 703 1114 782 politioribus
1164 718 1231 758 ac
1279 697 1467 774 polito
1513 693 1651 753 stilo
1695 692 1789 750 in·
1847 690 2182 764 tombergae
2241 697 2425 758 1521,
2472 696 2608 749 eum
2654 692 2748 747 est
2794 704 3131 765 aggressus,

515 800 793 865 structuS,
829 794 891 852 R.
923 794 1207 867 TapperO,
1241 788 1500 853 Latomo,
1548 784 1790 840 Erasmo
1847 779 1941 837 eui
1974 779 2255 836 Latonius
2300 788 2435 837 mox
2484 778 2809 854 respondit,
2844 777 3002 853 quod
3034 797 3134 837 re-

514 887 763 962 aliisque
793 883 939 942 viris
970 879 1221 940 eruditis
1253 873 1575 935 familiaris.
1627 870 1791 929 Obiit
1848 878 2131 942 sponsum
2165 867 2551 943 subjunctum
2573 871 2667 927 est
2683 872 2758 925 tr.
2781 869 3131 941 deprimam

513 964 758 1034 Lovanii
779 994 826 1032 a,
856 979 1020 1035 1544
1048 967 1397 1051 (secundum
1420 963 1565 1022 alios
1595 954 1787 1039 1541)
1847 975 1989 1015 rom.
2015 957 2322 1032 pontificis,
2373 957 2435 1013 in
2479 958 2620 1016 bibl.
2669 957 2879 1033 pontif.
2912 957 3131 1015 Rocca-¹

513 1065 624 1123 hoc
656 1064 769 1123 sibi
803 1063 1020 1136 scripto
1053 1055 1385 1134 epitaphio:
1422 1051 1607 1121 ,Tota
1640 1048 1792 1125 tegit
1846 1045 2000 1103 berti
2034 1048 2075 1103 t.
2096 1045 2265 1115 XIII3
2298 1047 2368 1103 de
2397 1048 2746 1120 confessione
2775 1053 2988 1104 secreta
3019 1045 3127 1103 ad-

512 1155 693 1213 tellus
710 1152 813 1229 qui
829 1151 1011 1210 tellus
1038 1150 1165 1207 tota
1192 1146 1456 1211 vocatur,
1474 1147 1502 1178 ⁴¹
1519 1139 1790 1197 alludens
1847 1152 2053 1193 versus
2085 1134 2600 1211 Oecolampadinm
2633 1131 2792 1217 (opp.
2814 1155 2871 1210 p.
2898 1144 2977 1198 98
3002 1132 3134 1214 ss.)·,

514 1244 587 1302 ad
639 1240 1021 1301 vernaculum
1072 1255 1285 1295 nomen
1318 1233 1566 1291 Al-aert.
1627 1228 1793 1285 Inter
1849 1224 1919 1282 de
1950 1224 2228 1291 Ecclesia,
2263 1223 2335 1281 de
2367 1224 2598 1283 ratione
2639 1224 2943 1300 obligandi
2975 1223 3124 1300 legis

515 1334 705 1408 plum,
728 1350 877 1407 quae
897 1320 1215 1407 scripsit1).
1252 1324 1365 1381 huc
1399 1339 1482 1379 ex,
1518 1338 1605 1393 gr,
1626 1334 1791 1391 spec·
1849 1314 2158 1381 humanae,
2192 1314 2550 1388 Antverpiae
2587 1326 2611 1375 1
2632 1314 2811 1376 5251.
2835 1332 3026 1384 rarus3
3060 1315 3138 1371 de

514 1426 675 1480 tant:
740 1421 1061 1493 Descriptio
1122 1410 1407 1485 haeretici,
1474 1406 1793 1482 Salingiaci
1849 1403 1961 1476 fide
1992 1409 2042 1459 et
2071 1402 2358 1478 operibus,
2394 1403 2465 1461 de
2498 1404 2922 1461 monachorum
2952 1403 3126 1460 insti-

521 1521 685 1574 1539
722 1511 785 1567 in
823 1519 855 1571 8
875 1531 888 1575 3
924 1508 991 1565 de
1011 1504 1388 1564 eucharistiae
1408 1502 1788 1569 sacramento,
1848 1490 2018 1559 tutis,
2041 1491 2196 1549 votis
2217 1496 2278 1548 et
2295 1492 2792 1568 obligationibus3
2826 1492 2897 1549 de
2918 1492 3125 1549 matri-

515 1586 754 1658 Lovanii
798 1605 957 1661 1537
993 1597 1056 1653 in
1094 1603 1161 1663 83
1198 1590 1645 1650 Dissertationes
1675 1591 1793 1641 tres
1852 1580 2066 1649 monio,
2101 1579 2174 1637 de
2205 1581 2472 1640 articulis
2504 1581 2570 1639 in
2602 1581 2862 1640 Ecclesia
2892 1582 3126 1639 contro-

515 1688 723 1747 breves
769 1706 834 1745 ac
885 1681 1350 1761 pernecessariae
1389 1678 1592 1735 contra
1623 1690 1788 1748 prae·
1849 1669 2056 1737 versis,
2110 1670 2181 1726 de
2230 1673 2562 1729 sanctorum
2611 1670 3002 1739 invocatione,
3055 1671 3134 1727 de

515 1778 757 1854 cipuum
787 1776 1244 1835 fundamentum
1293 1768 1467 1842 hujus
1499 1761 1790 1837 temporis
1849 1757 2750 1834 cultuimaginum,dereliquiis
2766 1763 3132 1829 sanctorum,

516 1867 975 1925 haereticorum:
1009 1863 1080 1921 de
1112 1862 1346 1936 peceato
1378 1852 1671 1931 originali,
1720 1851 1791 1908 de
1848 1847 2031 1916 festis,
2049 1847 2243 1905 missis
2263 1854 2373 1910 etc.
2407 1849 2496 1906 Ob
2516 1866 2694 1906 suum
2712 1848 2970 1907 tuendae
2988 1846 3128 1906 fidei

507 1956 935 2032 justificatione
980 1970 1085 2028 per
1115 1950 1432 2013 Christum,
1498 1943 1568 2000 de
1599 1943 1791 2014 iusto·
1849 1936 2168 1994 catholicae
2212 1937 2401 1995 zelum
2444 1938 2770 1996 Lutherani
2816 1954 2923 1996 nec
2968 1937 3130 2005 vive,

515 2065 650 2104 rum
700 2045 977 2121 operibns
1027 2059 1092 2099 ac
1141 2037 1385 2106 meritis,
1432 2029 1792 2105 Antverpiae
1847 2043 1954 2083 nec
1984 2031 2222 2083 mortuo
2254 2029 2662 2101 pepercerunt.
2697 2028 2784 2085 De
2814 2029 2994 2085 trium
3014 2027 3127 2083 lin-⁴

524 2138 677 2197 1541
735 2136 798 2192 in
835 2143 867 2196 g
903 2137 1011 2190 etc,
1061 2148 1145 2173 ..-
1190 2128 1230 2186 J
1247 2124 1531 2185 acobus
1577 2120 1790 2177 Lato·
1843 2132 2098 2190 quarum
2132 2122 2181 2170 et
2212 2117 2391 2172 studii
2421 2117 2712 2193 theoloqici
2742 2118 2966 2175 ratione
2996 2114 3128 2173 dia-

515 2219 728 2305 mus2)
765 2224 941 2298 vulgo
973 2221 1206 2278 Masson
1245 2236 1300 2273 n.
1336 2234 1379 2272 c.
1424 2220 1582 2274 1475
1622 2208 1788 2265 Com·
1848 2204 2020 2279 logus
2098 2207 2303 2262 contra
2361 2204 2688 2273 Erasmus,
2768 2203 3133 2280 Antverpiae

515 2314 709 2372 bronii
740 2330 921 2387 prope
955 2308 1074 2367 Ath
1107 2308 1170 2365 in
1201 2303 1535 2368 Hannonis,
1570 2298 1788 2358 artium
1857 2301 2042 2361 1519,
2105 2293 2172 2350 in
2220 2310 2338 2367 quo
2387 2293 2732 2352 libel-iorum
2779 2295 3125 2369 opinionum

516 2402 801 2479 magister
832 2399 1091 2465 Parisiis,
1125 2392 1427 2454 indeaJo.
1451 2388 1792 2450 Standonck
1848 2381 2148 2440 licentiam
2197 2383 2413 2456 carpit:
2467 2382 2603 2441 hinc
2634 2383 2915 2441 Erasmus
2963 2382 3130 2441 illico

517 2512 547 2551 e
580 2492 824 2567 collegio
858 2488 1077 2547 Montis
1123 2485 1280 2543 acuti
1319 2480 1643 2541 Lovanium
1689 2477 1790 2535 ad·
1850 2472 1904 2529 ei
1936 2471 2360 2529 occurrendum
2394 2472 2628 2530 censuit
2673 2473 2735 2530 in
2769 2473 2805 2531 l.
2839 2473 3130 2547 Apoloqt'a

516 2582 732 2640 ductus
765 2599 810 2638 c.
832 2600 881 2636 a.
911 2588 1095 2645 1500,
1129 2578 1199 2631 ut
1217 2574 1446 2649 primus
1470 2571 1625 2628 esset
1648 2584 1791 2625 suae
1845 2562 2108 2635 refellens
2133 2561 2499 2636 suspiciones,
2532 2561 2610 2619 ib.
2636 2572 2841 2629 1519„
2874 2566 3126 2634 uterque

514 2671 723 2730 domus
759 2666 1146 2728 Standonieae
1177 2681 1284 2740 pro
1306 2657 1618 2735 discipulis
1640 2676 1788 2733 pau·
1847 2649 1883 2710 l.
1918 2649 2117 2708 eodem
2144 2668 2193 2707 a.
2210 2649 2390 2707 etiam
2410 2650 2696 2710 Basileae.
2732 2650 2991 2710 Jacobus
3010 2650 3125 2708 La-·

513 2762 752 2837 peribus
783 2761 989 2819 rector,
1025 2756 1090 2812 In
1124 2754 1229 2812 hac
1262 2750 1553 2809 academia
1585 2747 1791 2804 doctor
1847 2744 2043 2797 tomus
2074 2740 2267 2813 ipsius
2300 2757 2484 2815 nepos
2536 2736 2596 2817 (†
2632 2749 2730 2802 29.
2766 2741 2886 2799 Jul.
2930 2736 3129 2819 1596)

511 2850 845 2922 theologiae
894 2845 1010 2903 fuit
1063 2842 1445 2901 renunciatus
1498 2855 1617 2895 una
1651 2855 1786 2894 cum
1847 2828 2088 2902 collegitv
2119 2827 2422 2903 ediditque
2455 2829 2737 2887 avunculi
2773 2827 2833 2910 (†
2869 2839 2968 2890 29.
2992 2830 3126 2904 Maj.

511 2921 744 2996 Ruardo
787 2937 1015 3011 Tapper
1052 2941 1148 2993 14.
1181 2931 1332 3005 Aug.
1376 2937 1556 2990 1519.
1619 2925 1791 2983 Rexit
1853 2914 2045 2997 1544)
2110 2935 2305 2993 opera,
2370 2937 2521 2992 quae
2581 2918 2861 2977 adversus
2910 2919 3122 2977 horum

511 3026 892 3101 theologicam
924 3020 1281 3088 cathedram,
1314 3017 1431 3075 fuit
1462 3015 1788 3074 haereticae
1845 3010 2178 3082 temporum
2199 3006 2463 3065 haereses
2492 3008 2896 3067 eruditissime
2916 3025 2982 3066 ao
3000 3008 3124 3065 sin·-

514 3115 819 3192 pravitatis
882 3111 1202 3187 inquisitor
1268 3103 1784 3183 vigilantissimuS,
1843 3095 2276 3171 gularijudicio
2296 3097 2926 3171 ⁰0n80fi985t2110vanii
2955 3106 3117 3160 155⁰

508 3209 701 3263 rector
731 3200 1141 3261 universitaffig
1176 3206 1414 3261 &1537
1454 3198 1514 3252 et
1546 3193 1784 3253 canoni-
1845 3187 1904 3242 in
1957 3185 1994 3241 f.
2048 3185 2255 3243 Gravis
2308 3189 2434 3243 erat
2497 3186 2968 3270 humanistarum
3017 3187 3122 3244 ad-

509 3313 613 3353 cus
648 3293 721 3352 ad
760 3311 801 3350 s,
836 3293 1094 3349 Petrum.
1159 3286 1514 3345 Gravissime
1546 3284 1783 3359 impug—

507 3384 673 3442 navit
705 3402 837 3440 cum
871 3380 1001 3439 aliis
1034 3376 1273 3453 collegis
1305 3374 1583 3433 articulos
1604 3391 1785 3448 quos-

507 3473 641 3533 dam
704 3472 776 3529 M.
830 3469 1073 3528 Lutheri
1134 3467 1197 3524 in
1248 3484 1335 3540 op.
1387 3463 1784 3522 Articulorum

505 3564 797 3621 doetrinae
849 3562 923 3634 fr.
962 3556 1039 3618 M.
1076 3557 1148 3615 L.
1205 3575 1310 3630 per
1358 3553 1662 3628 theologos
1695 3552 1782 3608 lo-

504 3652 813 3711 vanienses
846 3649 1258 3707 damnatorum
1291 3645 1439 3701 ratio
1473 3659 1540 3698 ex
1590 3659 1664 3697 ss.
1711 3639 1781 3696 li-

503 3742 648 3800 teris
696 3747 757 3799 et
802 3737 1103 3796 veteribus
1147 3731 1568 3792 tractatoribus
1622 3727 1778 3810 (opp.

581 3987 612 4047 ²)
644 3982 725 4035 Cf.
757 3980 1022 4048 Foppens
1052 3979 1091 4042 I,
1121 3982 1209 4033 38.

575 4059 613 4116 2]
642 4052 806 4105 Alius
833 4067 866 4103 a.
894 4050 1427 4103 Bartholomaeo
1456 4045 1515 4099 L.
1538 4048 1779 4112 (†1570),

497 4125 676 4177 Jaco
700 4125 778 4176 bo
808 4116 1778 4192 L.(†1596)etJoanneL.(†1600‘)‚

498 4195 566 4248 de
609 4194 820 4262 quibus
861 4195 1079 4262 egimus
1120 4189 1415 4246 Nomencl.
1458 4190 1523 4246 12.
1568 4192 1652 4242 12.
1696 4186 1778 4240 Cf.

497 4267 565 4319 de
582 4266 672 4318 his
699 4264 873 4318 etiam
902 4264 1144 4318 Roersch
1171 4267 1227 4316 et
1255 4264 1311 4316 F.
1334 4261 1491 4314 Neve
1511 4260 1571 4312 in
1590 4258 1777 4328 Biogr.

497 4340 612 4390 nat.
641 4336 709 4390 de
737 4336 894 4406 Belg.
922 4337 1136 4400 X1‚425
1153 4352 1252 4394 ss.;
1281 4334 1349 4386 de
1368 4334 1560 4384 nostro
1580 4331 1775 4399 Dupin

495 4409 640 4472 XIV,
670 4413 965 4474 169-172,
1014 4408 1113 4476 qui
1160 4407 1526 4474 conspectum
1571 4402 1655 4454 ita
1683 4404 1775 4456 ab·

495 4480 697 4534 solvit:
738 4479 799 4532 L.
827 4479 968 4533 etoit
1010 4497 1090 4532 un
1120 4478 1217 4530 des
1244 4477 1374 4546 plus
1399 4474 1620 4528 habiles
1649 4473 1775 4527 doc·

495 4556 645 4606 teurs
673 4551 817 4619 qu'il
857 4569 893 4619 y

1841 3275 2157 3333 vei-sarius.
2224 3306 2304 3317 --
2368 3274 2780 3333 Cornelius
2844 3276 3122 3334 Crocus

1842 3363 2386 3423 amstelodamensis
2438 3364 2706 3422 sacerdos
2759 3383 2824 3422 ac
2872 3364 3012 3422 ludo
3047 3365 3120 3422 li·-

1841 3454 2053 3511 terario
2087 3454 2150 3511 in
2180 3452 2372 3528 patria
2404 3453 2752 3527 praefectus
2806 3454 3125 3528 praeclaiis

1839 3547 2088 3600 naturae
2120 3546 2180 3600 et
2212 3542 2436 3616 gratiae
2486 3542 2655 3600 donis
2688 3547 2949 3612 ornatuS,
2984 3560 3118 3601 cum

1839 3630 2096 3700 Allardo,
2109 3633 2279 3706 cujus
2291 3635 2419 3688 erat
2427 3631 2756 3700 familiai-ie,
2769 3624 3122 3690 lutheranae

1839 3720 2111 3779 factionis
2142 3720 2406 3778 homines
2442 3723 2782 3778 constanter
2811 3735 3115 3798 oppugna*

1840 3812 1955 3871 bat.
1989 3810 2232 3868 Praeter
2271 3809 2388 3867 alia
2420 3809 2493 3866 ad
2526 3810 2754 3867 scholas
2787 3811 3122 3885 spectantia

1842 3900 2081 3975 scripsit
2094 3896 2140 3978 1)
2174 3900 2243 3957 de
2274 3915 2410 3956 vera
2442 3898 2716 3972 Ecclesia,
2753 3900 3116 3975 Antverpiae

1844 3998 2041 4058 1536;
2106 3989 2256 4064 disp.
2321 3992 2523 4045 contra
2585 3988 2989 4064 anabaptistas
3047 3989 3118 4046 de

1836 4080 2119 4153 baptismo
2130 4078 2528 4153 parvulorum,
2543 4077 2907 4152 Antverpiae
2929 4090 2947 4139 1
2969 4087 3001 4137 ε’)
3013 4087 3047 4140 3
3058 4087 3089 4138 5
3103 4100 3115 4147 ;

1835 4170 1902 4226 de
1918 4168 2228 4245 fraudibus
2242 4173 2291 4224 et
2305 4167 2641 4240 imposturis
2655 4167 3072 4225 haereticorum
3088 4188 3118 4239 ‚-

1835 4259 1906 4317 de
1939 4260 2050 4317 fide
2083 4261 2144 4315 et
2175 4255 2472 4333 operibus,
2506 4255 2584 4312 ib.
2628 4265 2784 4318 1581
2817 4277 2829 4320 ς
2855 4255 3112 4331 junctim

1837 4349 1911 4406 ib.
1953 4356 2116 4412 1612
2154 4347 2216 4404 in'
2257 4354 2351 4407 12.
2414 4346 2464 4402 A
2498 4344 2726 4402 «Ioanne
2775 4345 3115 4403 Lusitaniae

1833 4457 1969 4515 rege
1988 4437 2062 4496 ad
2078 4434 2556 4495 conimbricensis
2582 4433 2910 4506 academiae
2942 4434 3118 4493 initia

935 4554 1032 4605 effi,
1071 4550 1140 4603 (ιθ
1181 4565 1281 4600 son
1324 4553 1508 4616 temps
1550 4545 1691 4599 dans
1717 4545 1776 4598 la
1831 4528 2064 4605 magnis
2125 4527 2417 4585 honorum
2467 4523 2758 4580 invitatus
2801 4523 3112 4594 illecebris,

494 4622 727 4676 Eaculte
768 4623 836 4676 de
882 4621 1156 4677 Louvain.
1210 4620 1253 4672 ll
1293 4619 1452 4672 avoit
1479 4621 1775 4687 beaucoup
1831 4619 1919 4676 ire
1952 4616 2165 4686 noluit,
2199 4633 2272 4672 ne
2305 4613 2532 4688 patriae
2571 4613 2899 4687 juventuti,
2934 4619 3111 4688 quain

491 4696 559 4749 de
591 4697 700 4748 bon
729 4711 856 4746 sens
883 4697 940 4747 et
966 4694 1033 4746 de
1074 4692 1305 4747 lecture.
1362 4690 1405 4743 11
1434 4687 1672 4743 ecrivoit
1697 4689 1776 4740 fa-

489 4767 754 4822 cilement
796 4783 865 4819 en
893 4764 1079 4827 Latin,
1126 4763 1265 4816 mais
1305 4779 1434 4815 sans
1474 4762 1773 4828 beaucoup

489 4839 556 4892 de
585 4836 851 4906 politesse
881 4879 892 4889 .
924 4878 934 4890 .
964 4878 977 4891 .
1020 4838 1076 4889 et
1116 4836 1157 4888 il
1204 4835 1345 4888 (etoit
1371 4833 1487 4887 fort
1516 4846 1771 4902 prevenu

489 4927 557 4968 en
587 4909 789 4960 favour
816 4908 884 4960 de
913 4907 968 4959 la
997 4906 1408 4972 Scholastique.

1904 4825 2055 4952 ¹301&
2099 4822 2314 4878 Backer
2357 4819 2631 4875 Biblioth.
2693 4820 2788 4872 des
2841 4817 3119 4873 Ecriains

1831 4898 1898 4950 de
1948 4915 1980 4951 a
2008 4898 2202 4966 Conip.
2231 4896 2300 4950 de
2327 4894 2378 4948 J.
2406 4895 2446 4958 Ι,
2476 4899 2613 4950 1465
2641 4907 2711 4946 ss,
