3475 5364
1656 1591 1988 1675 XVIII.

720 1754 1296 1926 Theologi
1372 1794 1972 1887 annorum
2065 1749 2871 1886 1541—1563.

1187 2126 1242 2222 l.
1312 2124 1800 2244 Theologia
1865 2124 2440 2222 scholastica.
2512 2216 2521 2225 .

592 2371 734 2424 631.
784 2362 919 2419 Jam
972 2362 1044 2419 ad
1107 2362 1376 2419 ultimam
1435 2363 1777 2420 accedamus
1832 2364 2182 2436 exemplum,
2231 2366 2291 2420 et
2323 2362 2396 2420 ob
2429 2360 2655 2437 ingenii
2688 2360 3111 2436 praestantiam

498 2452 808 2526 periodum
843 2470 1088 2525 eamque
1122 2452 1579 2509 lectissimorum
1610 2452 1774 2509 theo·
1835 2452 2087 2508 Parisios
2150 2451 2369 2509 missus
2432 2451 2542 2508 sub
2607 2452 2778 2509 Petro
2835 2449 3114 2508 Crockart

498 2541 770 2616 logorum
787 2540 1245 2597 fertilissimam:
1281 2559 1397 2613 quo
1414 2542 1569 2597 enim
1589 2541 1776 2616 magis
1835 2540 1927 2615 (cf.
1965 2560 2091 2617 pag.
2137 2536 2330 2621 1108)
2364 2539 2650 2615 magistro
2685 2540 2864 2597 miros
2894 2538 3032 2597 fecit
3049 2538 3111 2595 in

497 2630 879 2688 abundarunt
911 2647 1153 2700 erroreS,
1189 2647 1255 2687 eo
1276 2629 1564 2704 copiosius
1598 2629 1776 2687 etiam
1834 2628 2051 2688 divinis
2102 2629 2368 2688 scientiis
2419 2647 2777 2706 progressus.
2842 2628 2995 2686 Hinc
3039 2626 3110 2685 ad

502 2719 907 2795 suppeditavit
940 2720 1094 2776 Deus
1129 2719 1417 2776 Ecclesiae
1452 2739 1589 2777 suae
1623 2720 1778 2777 viros
1833 2719 2206 2793 exponendas
2237 2719 2453 2776 ibidem
2478 2721 2803 2777 sententias
2836 2718 3112 2795 designa—

499 2809 718 2878 doctos,
753 2809 856 2883 qui
878 2827 1005 2865 eam
1042 2807 1441 2876 defenderent,
1474 2808 1775 2866 illumina·
1835 2813 1934 2865 tus
1967 2813 2061 2866 est
2095 2806 2342 2888 (1516).
2407 2808 2631 2865 Laurea
2661 2808 2906 2866 obtenta
2939 2806 3115 2864 rediit

502 2902 651 2966 rent,
705 2900 1000 2954 ornarent.
1066 2897 1345 2954 Nondum
1396 2896 1635 2970 quidem
1687 2901 1780 2954 tot

503 2989 647 3044 sunt
679 2988 749 3042 ut
770 2985 1157 3060 sequentibus
1177 2985 1456 3060 periodis,
1495 2985 1598 3060 qui
1633 2987 1779 3043 theo-

500 3076 711 3150 loqiam
745 3069 1161 3146 scholasticam,
1196 3094 1230 3131 a
1257 3094 1375 3148 qua
1392 3074 1632 3132 initium
1666 3075 1777 3132 du-

501 3165 707 3230 cimus,
743 3164 1089 3233 excolerent,
1130 3182 1261 3221 cum
1286 3164 1406 3222 sere
1423 3183 1778 3239 omnesapo-
1807 3167 1810 3186 ⁵

500 3253 691 3328 legiae
725 3253 910 3329 magis
943 3255 1141 3310 essent
1180 3253 1399 3311 intenti
1430 3259 1490 3311 et
1523 3272 1778 3330 pugnae,

498 3346 699 3400 tamen
760 3346 901 3400 sunt
949 3343 1103 3400 haud
1155 3342 1330 3416 pauci
1389 3342 1556 3401 nullo
1608 3343 1781 3401 modo

500 3430 1033 3505 praetermittendi.
1101 3431 1333 3489 Primus
1383 3432 1646 3489 omnium
1701 3431 1782 3489 sit

501 3521 968 3579 Franciscus
1002 3521 1072 3578 de
1106 3520 1477 3588 Victoria,
1531 3521 1634 3594 qui
1669 3521 1778 3578 hu·

493 3611 595 3684 jus
629 3609 976 3686 disciplinae
1011 3609 1168 3684 quod
1201 3608 1448 3667 formam
1471 3610 1780 3667 cultiorem

503 3700 737 3766 attinet,
771 3703 1153 3766 restaurator,
1205 3698 1432 3756 scholae
1480 3698 1780 3756 salmanti-

499 3789 688 3846 censis
701 3808 912 3862 parens
925 3788 1150 3845 censeri
1169 3788 1357 3862 possit
1389 3792 1449 3844 et
1468 3788 1777 3845 celeberri-

500 3897 726 3935 morum
748 3877 1029 3953 magister
1047 3876 1474 3950 discipulorum
1490 3873 1555 3957 ¹).
1588 3877 1782 3934 Natus

499 3973 588 4023 est
625 3967 972 4023 Franciscus
998 3965 1280 4023 Victoriae
1321 3968 1469 4024 circa
1504 3987 1551 4025 a.
1596 3975 1779 4034 1480,

501 4057 835 4112 adolescens
867 4055 1134 4112 ordinem
1168 4074 1210 4115 S.
1248 4056 1536 4113 Dominici
1567 4061 1658 4112 est
1691 4057 1781 4113 in·
1808 4045 1812 4170 ἰ

500 4163 739 4220 gressus
790 4145 986 4202 fratris
1035 4144 1272 4217 majoris
1308 4145 1506 4202 Didaci
1541 4151 1812 4202 secutus!

579 4369 614 4436 ¹)
644 4364 929 4434 Discipuli
962 4365 1112 4418 inter
1145 4365 1285 4418 alios
1321 4364 1556 4417 fuerunt
1581 4364 1781 4418 Melch.

501 4437 705 4498 Canna,
753 4437 855 4504 qui
899 4455 1027 4491 eum
1071 4437 1211 4489 dicit
1263 4454 1578 4496 „summum
1632 4437 1814 4498 theo-l

500 4508 689 4578 logiae
713 4513 1141 4578 praeceptorem,
1180 4524 1347 4574 quern
1378 4507 1653 4577 Hispania
1680 4507 1781 4560 Dei
1811 4501 1814 4560 l

1836 2897 2059 2974 (1522)
2110 2897 2183 2954 ad
2235 2916 2374 2954 suos
2423 2897 2487 2954 in
2538 2897 2883 2972 Hispaniam
2935 2899 3114 2970 atque

1837 2986 2093 3055 Pinciae,
2130 2986 2234 3043 ubi
2266 2986 2451 3044 totius
2483 2986 2821 3059 provinciae
2841 2988 2968 3043 erat
2987 2990 3113 3043 stu·

1837 3076 2017 3144 dium,
2055 3077 2281 3133 clarere
2314 3075 2506 3149 coepit
2539 3075 2857 3150 primarius
2889 3092 3114 3150 regens,

1838 3165 1981 3222 Cum
2015 3164 2336 3238 praecipua
2357 3163 2746 3221 Salmanticae
2768 3169 3003 3222 vacaret
3022 3180 3116 3220 ca-

1837 3253 2064 3322 thedra,
2102 3271 2392 3311 concursu
2426 3253 2579 3310 sacto
2611 3252 3023 3327 disputatione
3056 3257 3116 3310 et

1838 3343 2133 3400 communi
2185 3342 2373 3400 totius
2423 3342 2748 3400 academiae
2797 3345 2938 3399 voto
2988 3361 3114 3400 eam

1838 3451 1974 3506 prae
2025 3431 2274 3488 aemulis
2323 3431 2586 3506 alioquin
2636 3431 2977 3488 clarissimis
3024 3448 3115 3488 re·

1838 3521 2112 3595 port-avit.
2212 3519 2381 3588 „Qua
2442 3520 2504 3577 in
2565 3521 2805 3595 specula
2865 3521 3116 3593 positus,

1839 3611 2054 3667 mirum
2122 3612 2345 3682 quanto
2405 3629 2534 3667 eam
2589 3609 2844 3668 scholam
2894 3609 3118 3666 lumine

1839 3698 2120 3773 perfudit,
2173 3698 2314 3757 adeo
2365 3705 2436 3756 ut
2487 3718 2612 3756 eam
2654 3699 2948 3772 jacentem
2981 3697 3117 3756 hac-

1837 3791 2013 3845 tenus
2064 3788 2278 3861 vixque
2329 3792 2533 3845 notam
2589 3787 2818 3862 primus
2869 3787 3119 3845 erexisse

1839 3881 2147 3934 censeatur
2209 3879 2268 3933 et
2330 3875 2401 3932 ad
2465 3896 2609 3946 eam,
2675 3896 2793 3951 qua
2842 3876 3118 3952 deinceps

1839 3965 2025 4034 fulsit,
2061 3966 2284 4040 ubique
2316 3970 2608 4023 terrarum
2630 3965 3119 4025 existimationem

1839 4059 1898 4111 et
1944 4055 2198 4129 gloriam
2251 4055 2605 4128 provexisse.
2671 4055 2883 4112 Veram
2945 4054 3119 4120 enim,

1840 4163 2016 4218 quam
2042 4144 2281 4200 Parisiis
2313 4143 2617 4212 didicerat,
2656 4143 2903 4201 docendi
2940 4142 3119 4201 ratio-

1839 4252 1971 4290 nem
2008 4237 2286 4303 sectatus,
2319 4233 2677 4309 theologiam
2713 4232 3121 4290 scholasticam

1839 4341 1956 4379 non
2004 4323 2224 4395 jejune,
2279 4339 2395 4378 non
2445 4322 2668 4380 inculte
2713 4328 2785 4380 ut
2828 4321 2985 4390 aliaS,
3020 4320 3122 4379 sed

1841 4411 2069 4468 erudite
2133 4416 2192 4468 et
2257 4415 2464 4468 ornate
2514 4411 2823 4478 tractabat,
2877 4429 3006 4468 eam
3055 4428 3125 4467 ex

1842 4500 2089 4557 historia
2121 4500 2522 4558 ecclesiastica
2568 4504 2628 4558 et
2680 4519 2745 4558 ex
2781 4519 2852 4558 ss,
2889 4503 3124 4575 patrum

500 4581 780 4649 smgulari
821 4597 1053 4634 munere
1095 4580 1342 4648 acecpit⁶⁴
1389 4583 1443 4632 et
1483 4579 1784 4649 gratitudi-
1811 4569 1814 4620 Ῑ
1843 4589 2104 4647 sontibus
2183 4589 2449 4647 adhibito
2530 4589 2808 4647 severiori
2885 4588 3127 4646 erum-50

497 4653 602 4775 fois„
635 4652 1025 4704 testimonium
1078 4650 1268 4704 reddit
1310 4652 1369 4704 in
1415 4668 1516 4704 ⁸¹¹⁰
1571 4668 1664 4720 ΟΡ·
1715 4651 1782 4703 de
1811 4653 1814 4766 l
1843 4679 2211 4753 locupletans
2246 4697 2310 4736 ac
2344 4677 2613 4736 oratione
2639 4678 2865 4753 puriori
2901 4676 3126 4740 verbis-

559 4742 636 4776 ms
663 4723 837 4776 theol.
867 4724 903 4775 l.
930 4729 997 4778 1⁶2
1026 4738 1070 4774 c.
1100 4729 1148 4785 1,
1178 4721 1645 4776 Bartholomaeus
1674 4722 1782 4774 Me-

500 4795 653 4858 diua,
700 4794 1031 4846 Dominicus
1059 4795 1209 4857 Soto,
1259 4794 1537 4846 Martinus
1579 4795 1646 4846 dc
1687 4795 1782 4846 Le·
1842 4786 1956 4842 ‘lue
1980 4767 2446 4843 elegantioribus
2471 4768 2770 4843 explicans
2794 4769 2894 4828 Sic·
2919 4771 2988 4824 ut
3009 4785 3128 4825 non

499 4866 691 4917 desum
722 4871 826 4918 etc.
1842 4856 2028 4913 solum
2067 4876 2269 4913 omnes
2304 4856 2367 4913 in
2388 4857 2836 4915 admirationem
2870 4860 3129 4939 raperet,
