<?xml version="1.0" encoding="UTF-8"?>
<!DOCTYPE html PUBLIC "-//W3C//DTD XHTML 1.0 Transitional//EN"
    "http://www.w3.org/TR/xhtml1/DTD/xhtml1-transitional.dtd">
<html xmlns="http://www.w3.org/1999/xhtml" xml:lang="en" lang="en">
 <head>
  <title>
</title>
<meta http-equiv="Content-Type" content="text/html;charset=utf-8" />
  <meta name='ocr-system' content='tesseract 3.04.00' />
  <meta name='ocr-capabilities' content='ocr_page ocr_carea ocr_par ocr_line ocrx_word'/>
</head>
<body>
  <div class='ocr_page' id='page_1' title='image "./nomenclatorlite10hurtgoog_0098.png"; bbox 0 0 3475 5364; ppageno 0'>
   <div class='ocr_carea' id='block_1_1' title="bbox 900 367 3276 439">
    <p class='ocr_par' dir='ltr' id='par_1_1' title="bbox 900 367 3276 439">
     <span class='ocr_line' id='line_1_1' title="bbox 900 367 3276 439; baseline -0.003 -12"><span class='ocrx_word' id='word_1_1' title='bbox 900 375 1271 427; x_wconf 81' lang='lat'>1171—1200.</span> <span class='ocrx_word' id='word_1_2' title='bbox 1298 369 1610 439; x_wconf 85' lang='lat' dir='ltr'>Theologia</span> <span class='ocrx_word' id='word_1_3' title='bbox 1636 368 1751 439; x_wconf 76' lang='lat' dir='ltr'>pol,</span> <span class='ocrx_word' id='word_1_4' title='bbox 1779 371 2088 431; x_wconf 82' lang='lat' dir='ltr'>Hermann,</span> <span class='ocrx_word' id='word_1_5' title='bbox 2117 367 2476 433; x_wconf 86' lang='lat' dir='ltr'>Etherianus,</span> <span class='ocrx_word' id='word_1_6' title='bbox 2506 367 2636 432; x_wconf 91' lang='lat' dir='ltr'>Le0,</span> <span class='ocrx_word' id='word_1_7' title='bbox 2667 367 2884 432; x_wconf 79' lang='lat' dir='ltr'>Niceta,</span> <span class='ocrx_word' id='word_1_8' title='bbox 3121 387 3149 437; x_wconf 83' lang='lat'><em>1</em></span> <span class='ocrx_word' id='word_1_9' title='bbox 3177 385 3276 437; x_wconf 76' lang='lat'>72</span> 
     </span>
    </p>
   </div>
   <div class='ocr_carea' id='block_1_2' title="bbox 590 391 3278 1610">
    <p class='ocr_par' dir='ltr' id='par_1_2' title="bbox 590 391 3278 1610">
     <span class='ocr_line' id='line_1_2' title="bbox 594 391 706 443; baseline 0.009 -2"><span class='ocrx_word' id='word_1_10' title='bbox 594 391 619 440; x_wconf 90' lang='lat'>1</span> <span class='ocrx_word' id='word_1_11' title='bbox 637 391 669 443; x_wconf 84' lang='lat'><strong>7</strong></span> <span class='ocrx_word' id='word_1_12' title='bbox 686 391 706 441; x_wconf 96' lang='lat' dir='ltr'>l</span> 
     </span>
     <span class='ocr_line' id='line_1_3' title="bbox 590 550 3277 637; baseline -0.002 -21"><span class='ocrx_word' id='word_1_13' title='bbox 590 557 769 616; x_wconf 90' lang='lat' dir='ltr'>abbas</span> <span class='ocrx_word' id='word_1_14' title='bbox 815 557 879 615; x_wconf 92' lang='lat' dir='ltr'>in</span> <span class='ocrx_word' id='word_1_15' title='bbox 924 557 1138 634; x_wconf 83' lang='lat' dir='ltr'>Anglia</span> <span class='ocrx_word' id='word_1_16' title='bbox 1181 555 1619 632; x_wconf 77' lang='lat' dir='ltr'><strong>croylandensis</strong></span> <span class='ocrx_word' id='word_1_17' title='bbox 1669 550 1731 637; x_wconf 87' lang='lat'>(†</span> <span class='ocrx_word' id='word_1_18' title='bbox 1771 565 1870 616; x_wconf 88' lang='grc'>16.</span> <span class='ocrx_word' id='word_1_19' title='bbox 1925 554 2271 623; x_wconf 89' lang='lat' dir='ltr'>devolvunt,</span> <span class='ocrx_word' id='word_1_20' title='bbox 2327 555 2451 613; x_wconf 84' lang='lat' dir='ltr'>sive</span> <span class='ocrx_word' id='word_1_21' title='bbox 2516 555 2678 629; x_wconf 89' lang='lat' dir='ltr'>quod</span> <span class='ocrx_word' id='word_1_22' title='bbox 2728 554 2988 631; x_wconf 78' lang='lat' dir='ltr'>Spiritus</span> <span class='ocrx_word' id='word_1_23' title='bbox 3039 573 3109 617; x_wconf 80' lang='lat' dir='ltr'>s,</span> <span class='ocrx_word' id='word_1_24' title='bbox 3178 554 3277 611; x_wconf 81' lang='lat' dir='ltr'>ab</span> 
     </span>
     <span class='ocr_line' id='line_1_4' title="bbox 590 643 3278 724; baseline -0.001 -20"><span class='ocrx_word' id='word_1_25' title='bbox 590 646 737 708; x_wconf 85' lang='lat' dir='ltr'>Nov.</span> <span class='ocrx_word' id='word_1_26' title='bbox 781 643 991 724; x_wconf 93' lang='grc'>1109).</span> <span class='ocrx_word' id='word_1_27' title='bbox 1052 645 1217 704; x_wconf 87' lang='lat' dir='ltr'>Hanc</span> <span class='ocrx_word' id='word_1_28' title='bbox 1262 645 1493 720; x_wconf 84' lang='lat' dir='ltr'>primus</span> <span class='ocrx_word' id='word_1_29' title='bbox 1539 643 1728 702; x_wconf 78' lang='lat' dir='ltr'>edidit</span> <span class='ocrx_word' id='word_1_30' title='bbox 1761 643 1863 701; x_wconf 90' lang='lat' dir='ltr'>sed</span> <span class='ocrx_word' id='word_1_31' title='bbox 1925 648 2199 719; x_wconf 88' lang='lat' dir='ltr'>utroque,</span> <span class='ocrx_word' id='word_1_32' title='bbox 2234 644 2408 702; x_wconf 88' lang='lat' dir='ltr'>Patre</span> <span class='ocrx_word' id='word_1_33' title='bbox 2439 646 2502 702; x_wconf 88' lang='lat' dir='ltr'>et</span> <span class='ocrx_word' id='word_1_34' title='bbox 2533 644 2699 713; x_wconf 91' lang='lat' dir='ltr'>Filio,</span> <span class='ocrx_word' id='word_1_35' title='bbox 2745 644 3012 721; x_wconf 78' lang='lat' dir='ltr'>procedit</span> <span class='ocrx_word' id='word_1_36' title='bbox 3043 644 3133 702; x_wconf 86' lang='lat' dir='ltr'>ll.</span> <span class='ocrx_word' id='word_1_37' title='bbox 3184 653 3232 706; x_wconf 87' lang='lat'><strong>3</strong></span> <span class='ocrx_word' id='word_1_38' title='bbox 3258 663 3278 700; x_wconf 90' lang='lat'>:</span> 
     </span>
     <span class='ocr_line' id='line_1_5' title="bbox 594 732 3274 811; baseline 0 -18"><span class='ocrx_word' id='word_1_39' title='bbox 594 735 794 794; x_wconf 89' lang='lat' dir='ltr'>minus</span> <span class='ocrx_word' id='word_1_40' title='bbox 873 736 1165 811; x_wconf 84' lang='lat' dir='ltr'>integram</span> <span class='ocrx_word' id='word_1_41' title='bbox 1228 734 1299 796; x_wconf 90' lang='lat' dir='ltr'>H.</span> <span class='ocrx_word' id='word_1_42' title='bbox 1378 733 1638 792; x_wconf 89' lang='lat' dir='ltr'>Savilius</span> <span class='ocrx_word' id='word_1_43' title='bbox 1713 733 1873 790; x_wconf 90' lang='lat' dir='ltr'>inter</span> <span class='ocrx_word' id='word_1_44' title='bbox 1927 750 2033 808; x_wconf 88' lang='lat' dir='ltr'>pro</span> <span class='ocrx_word' id='word_1_45' title='bbox 2066 752 2183 807; x_wconf 89' lang='lat' dir='ltr'>quo</span> <span class='ocrx_word' id='word_1_46' title='bbox 2215 732 2550 791; x_wconf 82' lang='lat' dir='ltr'>Alexander</span> <span class='ocrx_word' id='word_1_47' title='bbox 2579 732 2686 792; x_wconf 91' lang='lat'>111.</span> <span class='ocrx_word' id='word_1_48' title='bbox 2718 733 2946 810; x_wconf 85' lang='lat' dir='ltr'>gratias</span> <span class='ocrx_word' id='word_1_49' title='bbox 2994 752 3100 808; x_wconf 89' lang='lat' dir='ltr'>ep-</span> <span class='ocrx_word' id='word_1_50' title='bbox 3165 742 3274 794; x_wconf 76' lang='lat'>49</span> 
     </span>
     <span class='ocr_line' id='line_1_6' title="bbox 592 820 3278 899; baseline -0.001 -17"><span class='ocrx_word' id='word_1_51' title='bbox 592 824 908 899; x_wconf 75' lang='lat' dir='ltr'>scriptores</span> <span class='ocrx_word' id='word_1_52' title='bbox 952 843 1150 882; x_wconf 84' lang='lat' dir='ltr'>rerum</span> <span class='ocrx_word' id='word_1_53' title='bbox 1197 822 1580 899; x_wconf 89' lang='lat' dir='ltr'>anglicarum,</span> <span class='ocrx_word' id='word_1_54' title='bbox 1613 820 1870 881; x_wconf 90' lang='lat' dir='ltr'>Londini</span> <span class='ocrx_word' id='word_1_55' title='bbox 1927 821 2156 879; x_wconf 87' lang='lat' dir='ltr'>auctori</span> <span class='ocrx_word' id='word_1_56' title='bbox 2188 821 2329 898; x_wconf 82' lang='lat' dir='ltr'>egit,</span> <span class='ocrx_word' id='word_1_57' title='bbox 2393 822 2620 879; x_wconf 84' lang='lat' dir='ltr'>Prodiit</span> <span class='ocrx_word' id='word_1_58' title='bbox 2651 825 2912 898; x_wconf 85' lang='lat' dir='ltr'>primum</span> <span class='ocrx_word' id='word_1_59' title='bbox 2948 822 3278 880; x_wconf 82' lang='lat' dir='ltr'>Basileae</span> 
     </span>
     <span class='ocr_line' id='line_1_7' title="bbox 599 910 3275 987; baseline -0.002 -14"><span class='ocrx_word' id='word_1_60' title='bbox 599 923 796 982; x_wconf 85' lang='grc'>1596;</span> <span class='ocrx_word' id='word_1_61' title='bbox 829 912 1199 971; x_wconf 76' lang='lat' dir='ltr'>Francofurti</span> <span class='ocrx_word' id='word_1_62' title='bbox 1239 921 1438 981; x_wconf 78' lang='lat'>16013</span> <span class='ocrx_word' id='word_1_63' title='bbox 1485 911 1870 987; x_wconf 78' lang='lat' dir='ltr'>integriorem</span> <span class='ocrx_word' id='word_1_64' title='bbox 1934 919 2133 979; x_wconf 73' lang='lat'><strong>15433</strong></span> <span class='ocrx_word' id='word_1_65' title='bbox 2190 913 2371 986; x_wconf 90' lang='lat' dir='ltr'>atque</span> <span class='ocrx_word' id='word_1_66' title='bbox 2415 910 2479 968; x_wconf 92' lang='lat' dir='ltr'>in</span> <span class='ocrx_word' id='word_1_67' title='bbox 2526 911 2668 969; x_wconf 89' lang='lat' dir='ltr'>bibl.</span> <span class='ocrx_word' id='word_1_68' title='bbox 2717 912 2827 969; x_wconf 90' lang='grc' dir='ltr'>ΡΡ.</span> <span class='ocrx_word' id='word_1_69' title='bbox 2880 911 3275 986; x_wconf 81' lang='lat' dir='ltr'>parisiensi,</span> 
     </span>
     <span class='ocr_line' id='line_1_8' title="bbox 593 999 3275 1077; baseline -0 -18"><span class='ocrx_word' id='word_1_70' title='bbox 593 1009 654 1060; x_wconf 87' lang='lat' dir='ltr'>et</span> <span class='ocrx_word' id='word_1_71' title='bbox 685 1002 975 1077; x_wconf 79' lang='lat' dir='ltr'>suppletis</span> <span class='ocrx_word' id='word_1_72' title='bbox 1007 1000 1237 1059; x_wconf 77' lang='lat' dir='ltr'>lacunis</span> <span class='ocrx_word' id='word_1_73' title='bbox 1271 1020 1404 1058; x_wconf 91' lang='lat' dir='ltr'>cum</span> <span class='ocrx_word' id='word_1_74' title='bbox 1424 1000 1871 1058; x_wconf 76' lang='lat' dir='ltr'>continuatione</span> <span class='ocrx_word' id='word_1_75' title='bbox 1927 999 2252 1058; x_wconf 85' lang='lat' dir='ltr'>coloniensi</span> <span class='ocrx_word' id='word_1_76' title='bbox 2273 1003 2335 1057; x_wconf 91' lang='lat' dir='ltr'>et</span> <span class='ocrx_word' id='word_1_77' title='bbox 2353 1000 2738 1076; x_wconf 87' lang='lat' dir='ltr'>lugdunensi.</span> <span class='ocrx_word' id='word_1_78' title='bbox 2773 1001 3041 1076; x_wconf 85' lang='lat' dir='ltr'>Rogante</span> <span class='ocrx_word' id='word_1_79' title='bbox 3057 1000 3275 1059; x_wconf 83' lang='lat' dir='ltr'>clero</span> 
     </span>
     <span class='ocr_line' id='line_1_9' title="bbox 591 1086 3275 1164; baseline -0.001 -15"><span class='ocrx_word' id='word_1_80' title='bbox 591 1091 785 1150; x_wconf 68' lang='lat' dir='ltr'>nostri</span> <span class='ocrx_word' id='word_1_81' title='bbox 853 1091 1007 1149; x_wconf 87' lang='lat' dir='ltr'>Petri</span> <span class='ocrx_word' id='word_1_82' title='bbox 1059 1091 1132 1148; x_wconf 91' lang='lat' dir='ltr'>ab</span> <span class='ocrx_word' id='word_1_83' title='bbox 1186 1110 1233 1151; x_wconf 89' lang='lat' dir='ltr'>a.</span> <span class='ocrx_word' id='word_1_84' title='bbox 1310 1099 1641 1151; x_wconf 89' lang='grc'>1091-11</span> <span class='ocrx_word' id='word_1_85' title='bbox 1667 1099 1737 1154; x_wconf 87' lang='lat'>18</span> <span class='ocrx_word' id='word_1_86' title='bbox 1786 1090 1872 1162; x_wconf 91' lang='lat' dir='ltr'>(et</span> <span class='ocrx_word' id='word_1_87' title='bbox 1927 1086 2137 1162; x_wconf 89' lang='lat' dir='ltr'>pisano</span> <span class='ocrx_word' id='word_1_88' title='bbox 2171 1088 2415 1163; x_wconf 85' lang='lat' dir='ltr'>scripsit</span> <span class='ocrx_word' id='word_1_89' title='bbox 2444 1089 2483 1151; x_wconf 91' lang='lat'>1.</span> <span class='ocrx_word' id='word_1_90' title='bbox 2517 1091 2587 1147; x_wconf 83' lang='lat' dir='ltr'>de</span> <span class='ocrx_word' id='word_1_91' title='bbox 2603 1093 2811 1148; x_wconf 84' lang='lat' dir='ltr'>anima</span> <span class='ocrx_word' id='word_1_92' title='bbox 2832 1107 3081 1164; x_wconf 79' lang='lat' dir='ltr'>corpore</span> <span class='ocrx_word' id='word_1_93' title='bbox 3102 1091 3275 1161; x_wconf 74' lang='lat' dir='ltr'>jam</span> 
     </span>
     <span class='ocr_line' id='line_1_10' title="bbox 591 1173 3270 1258; baseline -0.001 -21"><span class='ocrx_word' id='word_1_94' title='bbox 591 1179 839 1238; x_wconf 88' lang='lat' dir='ltr'>aliorum</span> <span class='ocrx_word' id='word_1_95' title='bbox 886 1180 1072 1237; x_wconf 89' lang='lat' dir='ltr'>trium</span> <span class='ocrx_word' id='word_1_96' title='bbox 1118 1173 1573 1258; x_wconf 83' lang='lat' dir='ltr'>anonymorum)</span> <span class='ocrx_word' id='word_1_97' title='bbox 1607 1177 1870 1236; x_wconf 83' lang='lat' dir='ltr'>Joannes</span> <span class='ocrx_word' id='word_1_98' title='bbox 1927 1184 2098 1234; x_wconf 74' lang='lat' dir='ltr'>exuta</span> <span class='ocrx_word' id='word_1_99' title='bbox 2148 1178 2271 1235; x_wconf 71' lang='lat' dir='ltr'>sive</span> <span class='ocrx_word' id='word_1_100' title='bbox 2322 1177 2392 1235; x_wconf 90' lang='lat' dir='ltr'>de</span> <span class='ocrx_word' id='word_1_101' title='bbox 2442 1196 2721 1255; x_wconf 87' lang='lat' dir='ltr'>regressu</span> <span class='ocrx_word' id='word_1_102' title='bbox 2771 1179 3125 1237; x_wconf 86' lang='lat' dir='ltr'>animarum</span> <span class='ocrx_word' id='word_1_103' title='bbox 3170 1178 3270 1235; x_wconf 77' lang='lat' dir='ltr'>ab</span> 
     </span>
     <span class='ocr_line' id='line_1_11' title="bbox 591 1264 3268 1348; baseline 0.001 -23"><span class='ocrx_word' id='word_1_104' title='bbox 591 1264 873 1348; x_wconf 67' lang='lat' dir='ltr'>Fellusl),</span> <span class='ocrx_word' id='word_1_105' title='bbox 922 1267 1129 1327; x_wconf 77' lang='lat' dir='ltr'>Oxonii</span> <span class='ocrx_word' id='word_1_106' title='bbox 1189 1275 1351 1329; x_wconf 79' lang='lat'>1684</span> <span class='ocrx_word' id='word_1_107' title='bbox 1384 1266 1431 1336; x_wconf 89' lang='grc' dir='ltr'>Ι,</span> <span class='ocrx_word' id='word_1_108' title='bbox 1473 1277 1627 1335; x_wconf 82' lang='grc'>107;</span> <span class='ocrx_word' id='word_1_109' title='bbox 1691 1267 1868 1325; x_wconf 90' lang='lat' dir='ltr'>Birch</span> <span class='ocrx_word' id='word_1_110' title='bbox 1928 1266 2152 1335; x_wconf 86' lang='lat' dir='ltr'>inseris,</span> <span class='ocrx_word' id='word_1_111' title='bbox 2202 1266 2476 1325; x_wconf 84' lang='lat' dir='ltr'>Coloniae</span> <span class='ocrx_word' id='word_1_112' title='bbox 2515 1278 2681 1331; x_wconf 85' lang='grc'>1540</span> <span class='ocrx_word' id='word_1_113' title='bbox 2732 1267 2797 1325; x_wconf 90' lang='lat' dir='ltr'>in</span> <span class='ocrx_word' id='word_1_114' title='bbox 2847 1277 2916 1337; x_wconf 81' lang='lat'>83</span> <span class='ocrx_word' id='word_1_115' title='bbox 2970 1266 3037 1327; x_wconf 90' lang='lat' dir='ltr'>in</span> <span class='ocrx_word' id='word_1_116' title='bbox 3069 1267 3268 1327; x_wconf 91' lang='lat' dir='ltr'>bibl.</span> 
     </span>
     <span class='ocr_line' id='line_1_12' title="bbox 592 1354 3268 1433; baseline -0.001 -18"><span class='ocrx_word' id='word_1_117' title='bbox 592 1357 657 1415; x_wconf 89' lang='lat' dir='ltr'>in</span> <span class='ocrx_word' id='word_1_118' title='bbox 688 1376 779 1432; x_wconf 88' lang='lat' dir='ltr'>op.</span> <span class='ocrx_word' id='word_1_119' title='bbox 814 1357 1117 1416; x_wconf 89' lang='lat' dir='ltr'>Chronicle</span> <span class='ocrx_word' id='word_1_120' title='bbox 1148 1356 1213 1413; x_wconf 83' lang='lat' dir='ltr'>of</span> <span class='ocrx_word' id='word_1_121' title='bbox 1238 1355 1532 1433; x_wconf 85' lang='lat' dir='ltr'>Croyland</span> <span class='ocrx_word' id='word_1_122' title='bbox 1553 1355 1760 1432; x_wconf 84' lang='lat' dir='ltr'>Abbey</span> <span class='ocrx_word' id='word_1_123' title='bbox 1793 1356 1869 1431; x_wconf 83' lang='lat' dir='ltr'>by</span> <span class='ocrx_word' id='word_1_124' title='bbox 1926 1354 2089 1430; x_wconf 88' lang='lat' dir='ltr'>lugd.</span> <span class='ocrx_word' id='word_1_125' title='bbox 2112 1354 2302 1424; x_wconf 82' lang='lat' dir='ltr'>t.X11,</span> <span class='ocrx_word' id='word_1_126' title='bbox 2335 1360 2542 1414; x_wconf 86' lang='lat' dir='ltr'>contra</span> <span class='ocrx_word' id='word_1_127' title='bbox 2561 1375 2820 1415; x_wconf 77' lang='lat' dir='ltr'>errorem</span> <span class='ocrx_word' id='word_1_128' title='bbox 2836 1357 3268 1431; x_wconf 81' lang='lat' dir='ltr'>quorundam</span> 
     </span>
     <span class='ocr_line' id='line_1_13' title="bbox 591 1443 3265 1522; baseline 0 -19"><span class='ocrx_word' id='word_1_129' title='bbox 591 1445 871 1522; x_wconf 90' lang='lat' dir='ltr'>Ingulph,</span> <span class='ocrx_word' id='word_1_130' title='bbox 914 1454 1094 1509; x_wconf 87' lang='grc'>1883.</span> <span class='ocrx_word' id='word_1_131' title='bbox 1156 1445 1434 1503; x_wconf 87' lang='lat' dir='ltr'>Potthast</span> <span class='ocrx_word' id='word_1_132' title='bbox 1476 1463 1616 1503; x_wconf 90' lang='lat' dir='ltr'>vero</span> <span class='ocrx_word' id='word_1_133' title='bbox 1650 1464 1706 1520; x_wconf 92' lang='lat' dir='ltr'>p.</span> <span class='ocrx_word' id='word_1_134' title='bbox 1745 1455 1868 1506; x_wconf 88' lang='grc'>649</span> <span class='ocrx_word' id='word_1_135' title='bbox 1927 1443 2279 1502; x_wconf 81' lang='lat' dir='ltr'>Pisanorum</span> <span class='ocrx_word' id='word_1_136' title='bbox 2325 1444 2652 1503; x_wconf 79' lang='lat' dir='ltr'>dicentium</span> <span class='ocrx_word' id='word_1_137' title='bbox 2698 1463 2901 1521; x_wconf 82' lang='lat' dir='ltr'>preces</span> <span class='ocrx_word' id='word_1_138' title='bbox 2942 1454 3006 1503; x_wconf 87' lang='lat' dir='ltr'>et</span> <span class='ocrx_word' id='word_1_139' title='bbox 3038 1445 3265 1505; x_wconf 84' lang='lat' dir='ltr'>sacri·</span> 
     </span>
     <span class='ocr_line' id='line_1_14' title="bbox 593 1532 3262 1610; baseline 0 -18"><span class='ocrx_word' id='word_1_140' title='bbox 593 1537 655 1592; x_wconf 93' lang='lat' dir='ltr'>et</span> <span class='ocrx_word' id='word_1_141' title='bbox 673 1535 1118 1597; x_wconf 88' lang='lat' dir='ltr'>9lohistoriam</span> <span class='ocrx_word' id='word_1_142' title='bbox 1132 1537 1193 1592; x_wconf 90' lang='lat' dir='ltr'>et</span> <span class='ocrx_word' id='word_1_143' title='bbox 1209 1535 1337 1610; x_wconf 85' lang='lat' dir='ltr'>ejus</span> <span class='ocrx_word' id='word_1_144' title='bbox 1354 1534 1867 1592; x_wconf 86' lang='lat' dir='ltr'>continuationem</span> <span class='ocrx_word' id='word_1_145' title='bbox 1927 1532 2057 1590; x_wconf 89' lang='lat' dir='ltr'>ficia</span> <span class='ocrx_word' id='word_1_146' title='bbox 2090 1533 2339 1591; x_wconf 86' lang='lat' dir='ltr'>mortuis</span> <span class='ocrx_word' id='word_1_147' title='bbox 2368 1534 2522 1591; x_wconf 90' lang='lat' dir='ltr'>nihil</span> <span class='ocrx_word' id='word_1_148' title='bbox 2551 1536 2848 1610; x_wconf 85' lang='lat' dir='ltr'>prodesse.</span> <span class='ocrx_word' id='word_1_149' title='bbox 2881 1534 3262 1610; x_wconf 86' lang='lat' dir='ltr'>Utrumque</span> 
     </span>
    </p>
   </div>
   <div class='ocr_carea' id='block_1_3' title="bbox 593 1616 3260 1702">
    <p class='ocr_par' dir='ltr' id='par_1_3' title="bbox 593 1616 3260 1702">
     <span class='ocr_line' id='line_1_15' title="bbox 593 1616 3260 1702; baseline 0 -22"><span class='ocrx_word' id='word_1_150' title='bbox 593 1626 794 1681; x_wconf 88' lang='lat' dir='ltr'>censet</span> <span class='ocrx_word' id='word_1_151' title='bbox 810 1641 937 1682; x_wconf 90' lang='lat' dir='ltr'>esse</span> <span class='ocrx_word' id='word_1_152' title='bbox 969 1622 1322 1700; x_wconf 87' lang='lat' dir='ltr'>figmentum</span> <span class='ocrx_word' id='word_1_153' title='bbox 1356 1641 1467 1685; x_wconf 87' lang='lat' dir='ltr'>sec.</span> <span class='ocrx_word' id='word_1_154' title='bbox 1490 1621 1636 1685; x_wconf 87' lang='lat' dir='ltr'>XIV.</span> <span class='ocrx_word' id='word_1_155' title='bbox 1660 1623 1868 1692; x_wconf 86' lang='lat' dir='ltr'>Stilus,</span> <span class='ocrx_word' id='word_1_156' title='bbox 1928 1616 2113 1702; x_wconf 89' lang='lat' dir='ltr'>(apud</span> <span class='ocrx_word' id='word_1_157' title='bbox 2166 1622 2363 1698; x_wconf 84' lang='lat' dir='ltr'>Migne</span> <span class='ocrx_word' id='word_1_158' title='bbox 2415 1622 2576 1691; x_wconf 86' lang='lat' dir='ltr'>CCII,</span> <span class='ocrx_word' id='word_1_159' title='bbox 2640 1623 3015 1702; x_wconf 75' lang='grc'>167-396)</span> <span class='ocrx_word' id='word_1_160' title='bbox 3080 1642 3260 1682; x_wconf 86' lang='lat' dir='ltr'>con·</span> 
     </span>
    </p>
   </div>
   <div class='ocr_carea' id='block_1_4' title="bbox 592 1712 1875 3390">
    <p class='ocr_par' dir='ltr' id='par_1_4' title="bbox 592 1712 1875 3390">
     <span class='ocr_line' id='line_1_16' title="bbox 594 1712 1871 1787; baseline 0.001 -18"><span class='ocrx_word' id='word_1_161' title='bbox 594 1731 712 1787; x_wconf 92' lang='lat' dir='ltr'>quo</span> <span class='ocrx_word' id='word_1_162' title='bbox 741 1712 941 1769; x_wconf 89' lang='lat' dir='ltr'>utitur</span> <span class='ocrx_word' id='word_1_163' title='bbox 969 1714 1176 1770; x_wconf 89' lang='lat' dir='ltr'>auctor</span> <span class='ocrx_word' id='word_1_164' title='bbox 1205 1715 1424 1782; x_wconf 89' lang='lat' dir='ltr'>noster,</span> <span class='ocrx_word' id='word_1_165' title='bbox 1459 1715 1553 1769; x_wconf 88' lang='lat' dir='ltr'>est</span> <span class='ocrx_word' id='word_1_166' title='bbox 1583 1713 1871 1780; x_wconf 80' lang='lat' dir='ltr'>concisuS,</span> 
     </span>
     <span class='ocr_line' id='line_1_17' title="bbox 595 1800 1872 1870; baseline -0.001 -11"><span class='ocrx_word' id='word_1_167' title='bbox 595 1800 1015 1870; x_wconf 82' lang='lat' dir='ltr'>sententiosus,</span> <span class='ocrx_word' id='word_1_168' title='bbox 1062 1800 1327 1858; x_wconf 88' lang='lat' dir='ltr'>abundat</span> <span class='ocrx_word' id='word_1_169' title='bbox 1370 1801 1776 1859; x_wconf 87' lang='lat' dir='ltr'>antithesibus</span> <span class='ocrx_word' id='word_1_170' title='bbox 1809 1808 1872 1858; x_wconf 87' lang='lat' dir='ltr'>et</span> 
     </span>
     <span class='ocr_line' id='line_1_18' title="bbox 593 1888 1867 1965; baseline 0 -18"><span class='ocrx_word' id='word_1_171' title='bbox 593 1888 1195 1965; x_wconf 75' lang='lat' dir='ltr'>agnominationibuS.</span> <span class='ocrx_word' id='word_1_172' title='bbox 1239 1922 1329 1933; x_wconf 91' lang='lat'>-</span> <span class='ocrx_word' id='word_1_173' title='bbox 1373 1889 1481 1947; x_wconf 89' lang='lat' dir='ltr'>His</span> <span class='ocrx_word' id='word_1_174' title='bbox 1515 1889 1867 1964; x_wconf 87' lang='lat' dir='ltr'>subjicimus</span> 
     </span>
     <span class='ocr_line' id='line_1_19' title="bbox 593 1973 1870 2060; baseline 0.001 -25"><span class='ocrx_word' id='word_1_175' title='bbox 593 1977 1105 2036; x_wconf 87' lang='lat' dir='ltr'>Hermannum</span> <span class='ocrx_word' id='word_1_176' title='bbox 1149 1978 1221 2036; x_wconf 91' lang='lat' dir='ltr'>de</span> <span class='ocrx_word' id='word_1_177' title='bbox 1268 1978 1514 2037; x_wconf 91' lang='lat' dir='ltr'>Scheida</span> <span class='ocrx_word' id='word_1_178' title='bbox 1545 1973 1870 2060; x_wconf 76' lang='lat' dir='ltr'>(Schelda),</span> 
     </span>
     <span class='ocr_line' id='line_1_20' title="bbox 594 2066 1868 2143; baseline 0.001 -18"><span class='ocrx_word' id='word_1_179' title='bbox 594 2067 699 2141; x_wconf 88' lang='lat' dir='ltr'>qui</span> <span class='ocrx_word' id='word_1_180' title='bbox 732 2087 788 2125; x_wconf 91' lang='lat' dir='ltr'>n.</span> <span class='ocrx_word' id='word_1_181' title='bbox 820 2086 868 2125; x_wconf 91' lang='lat' dir='ltr'>c.</span> <span class='ocrx_word' id='word_1_182' title='bbox 909 2075 1072 2130; x_wconf 91' lang='grc'>1108</span> <span class='ocrx_word' id='word_1_183' title='bbox 1109 2066 1398 2138; x_wconf 85' lang='lat' dir='ltr'>Coloniae,</span> <span class='ocrx_word' id='word_1_184' title='bbox 1432 2086 1647 2143; x_wconf 84' lang='lat' dir='ltr'>genere</span> <span class='ocrx_word' id='word_1_185' title='bbox 1678 2068 1868 2126; x_wconf 87' lang='lat' dir='ltr'>Israe-</span> 
     </span>
     <span class='ocr_line' id='line_1_21' title="bbox 594 2155 1869 2228; baseline 0.002 -16"><span class='ocrx_word' id='word_1_186' title='bbox 594 2155 719 2225; x_wconf 90' lang='lat' dir='ltr'>lita,</span> <span class='ocrx_word' id='word_1_187' title='bbox 782 2156 947 2215; x_wconf 89' lang='lat' dir='ltr'>tribu</span> <span class='ocrx_word' id='word_1_188' title='bbox 1008 2155 1207 2227; x_wconf 82' lang='lat' dir='ltr'>levita,</span> <span class='ocrx_word' id='word_1_189' title='bbox 1270 2174 1517 2214; x_wconf 90' lang='lat' dir='ltr'>munere</span> <span class='ocrx_word' id='word_1_190' title='bbox 1581 2156 1869 2228; x_wconf 89' lang='lat' dir='ltr'>sacerdos,</span> 
     </span>
     <span class='ocr_line' id='line_1_22' title="bbox 594 2244 1868 2320; baseline 0 -17"><span class='ocrx_word' id='word_1_191' title='bbox 594 2244 1199 2303; x_wconf 82' lang='lat' dir='ltr'>veritatichristianae</span> <span class='ocrx_word' id='word_1_192' title='bbox 1214 2246 1417 2304; x_wconf 86' lang='lat' dir='ltr'>oculos</span> <span class='ocrx_word' id='word_1_193' title='bbox 1434 2246 1668 2320; x_wconf 89' lang='lat' dir='ltr'>aperuit</span> <span class='ocrx_word' id='word_1_194' title='bbox 1687 2248 1868 2320; x_wconf 87' lang='lat' dir='ltr'>atque</span> 
     </span>
     <span class='ocr_line' id='line_1_23' title="bbox 593 2333 1872 2409; baseline 0.002 -18"><span class='ocrx_word' id='word_1_195' title='bbox 593 2333 877 2409; x_wconf 89' lang='lat' dir='ltr'>baptismi</span> <span class='ocrx_word' id='word_1_196' title='bbox 910 2333 1140 2393; x_wconf 87' lang='lat' dir='ltr'>lavacro</span> <span class='ocrx_word' id='word_1_197' title='bbox 1185 2337 1427 2392; x_wconf 89' lang='lat' dir='ltr'>renatus</span> <span class='ocrx_word' id='word_1_198' title='bbox 1473 2338 1567 2391; x_wconf 89' lang='lat' dir='ltr'>est</span> <span class='ocrx_word' id='word_1_199' title='bbox 1597 2354 1645 2392; x_wconf 91' lang='lat' dir='ltr'>a.</span> <span class='ocrx_word' id='word_1_200' title='bbox 1690 2344 1872 2397; x_wconf 81' lang='grc'>1128.</span> 
     </span>
     <span class='ocr_line' id='line_1_24' title="bbox 592 2422 1873 2499; baseline 0.002 -19"><span class='ocrx_word' id='word_1_201' title='bbox 592 2424 903 2499; x_wconf 85' lang='lat' dir='ltr'>Ingressus</span> <span class='ocrx_word' id='word_1_202' title='bbox 921 2425 1013 2481; x_wconf 90' lang='lat' dir='ltr'>est</span> <span class='ocrx_word' id='word_1_203' title='bbox 1023 2422 1251 2481; x_wconf 83' lang='lat' dir='ltr'>celebre</span> <span class='ocrx_word' id='word_1_204' title='bbox 1271 2425 1695 2481; x_wconf 88' lang='lat' dir='ltr'>monasterium</span> <span class='ocrx_word' id='word_1_205' title='bbox 1712 2423 1873 2498; x_wconf 81' lang='lat' dir='ltr'>Kap-</span> 
     </span>
     <span class='ocr_line' id='line_1_25' title="bbox 596 2511 1870 2587; baseline 0.001 -18"><span class='ocrx_word' id='word_1_206' title='bbox 596 2512 860 2587; x_wconf 88' lang='lat' dir='ltr'>penberg</span> <span class='ocrx_word' id='word_1_207' title='bbox 904 2511 969 2570; x_wconf 90' lang='lat' dir='ltr'>O.</span> <span class='ocrx_word' id='word_1_208' title='bbox 1003 2512 1226 2570; x_wconf 85' lang='lat' dir='ltr'>Praem.</span> <span class='ocrx_word' id='word_1_209' title='bbox 1277 2511 1588 2587; x_wconf 88' lang='lat' dir='ltr'>factusque</span> <span class='ocrx_word' id='word_1_210' title='bbox 1637 2512 1870 2587; x_wconf 90' lang='lat' dir='ltr'>primus</span> 
     </span>
     <span class='ocr_line' id='line_1_26' title="bbox 593 2595 1869 2681; baseline 0 -22"><span class='ocrx_word' id='word_1_211' title='bbox 593 2600 775 2659; x_wconf 90' lang='lat' dir='ltr'>abbas</span> <span class='ocrx_word' id='word_1_212' title='bbox 825 2600 1106 2658; x_wconf 90' lang='lat' dir='ltr'>Scheidae</span> <span class='ocrx_word' id='word_1_213' title='bbox 1153 2595 1402 2681; x_wconf 89' lang='lat'>(1150).</span> <span class='ocrx_word' id='word_1_214' title='bbox 1464 2601 1724 2659; x_wconf 87' lang='lat' dir='ltr'>Decessit</span> <span class='ocrx_word' id='word_1_215' title='bbox 1769 2621 1869 2660; x_wconf 91' lang='lat' dir='ltr'>ve·</span> 
     </span>
     <span class='ocr_line' id='line_1_27' title="bbox 594 2691 1874 2766; baseline 0 -17"><span class='ocrx_word' id='word_1_216' title='bbox 594 2691 891 2749; x_wconf 88' lang='lat' dir='ltr'>nerandus</span> <span class='ocrx_word' id='word_1_217' title='bbox 941 2700 1020 2753; x_wconf 83' lang='lat'>90</span> <span class='ocrx_word' id='word_1_218' title='bbox 1076 2709 1125 2753; x_wconf 91' lang='lat' dir='ltr'>a.</span> <span class='ocrx_word' id='word_1_219' title='bbox 1178 2707 1354 2748; x_wconf 83' lang='lat' dir='ltr'>senex</span> <span class='ocrx_word' id='word_1_220' title='bbox 1403 2708 1453 2748; x_wconf 93' lang='lat' dir='ltr'>a.</span> <span class='ocrx_word' id='word_1_221' title='bbox 1497 2701 1678 2754; x_wconf 83' lang='lat'>1198.</span> <span class='ocrx_word' id='word_1_222' title='bbox 1740 2692 1874 2766; x_wconf 89' lang='lat' dir='ltr'>Ipse</span> 
     </span>
     <span class='ocr_line' id='line_1_28' title="bbox 595 2778 1872 2855; baseline 0 -17"><span class='ocrx_word' id='word_1_223' title='bbox 595 2797 761 2838; x_wconf 89' lang='lat' dir='ltr'>suam</span> <span class='ocrx_word' id='word_1_224' title='bbox 793 2780 865 2836; x_wconf 87' lang='lat' dir='ltr'>ad</span> <span class='ocrx_word' id='word_1_225' title='bbox 899 2797 1092 2837; x_wconf 88' lang='lat' dir='ltr'>veram</span> <span class='ocrx_word' id='word_1_226' title='bbox 1109 2778 1326 2837; x_wconf 86' lang='lat' dir='ltr'>Christi</span> <span class='ocrx_word' id='word_1_227' title='bbox 1347 2778 1519 2837; x_wconf 90' lang='lat' dir='ltr'>fidem</span> <span class='ocrx_word' id='word_1_228' title='bbox 1542 2780 1635 2855; x_wconf 91' lang='lat' dir='ltr'>pie</span> <span class='ocrx_word' id='word_1_229' title='bbox 1651 2783 1872 2853; x_wconf 87' lang='lat' dir='ltr'>narrat,</span> 
     </span>
     <span class='ocr_line' id='line_1_29' title="bbox 595 2867 1873 2943; baseline 0 -17"><span class='ocrx_word' id='word_1_230' title='bbox 595 2869 698 2943; x_wconf 87' lang='lat' dir='ltr'>qui</span> <span class='ocrx_word' id='word_1_231' title='bbox 730 2867 970 2925; x_wconf 89' lang='lat' dir='ltr'>libellus</span> <span class='ocrx_word' id='word_1_232' title='bbox 994 2868 1066 2925; x_wconf 85' lang='lat' dir='ltr'>de</span> <span class='ocrx_word' id='word_1_233' title='bbox 1079 2870 1437 2926; x_wconf 78' lang='lat' dir='ltr'>conversione</span> <span class='ocrx_word' id='word_1_234' title='bbox 1454 2868 1526 2926; x_wconf 91' lang='lat' dir='ltr'>D.</span> <span class='ocrx_word' id='word_1_235' title='bbox 1543 2869 1873 2927; x_wconf 66' lang='lat' dir='ltr'>Her-manni</span> 
     </span>
     <span class='ocr_line' id='line_1_30' title="bbox 596 2956 1872 3034; baseline 0.001 -20"><span class='ocrx_word' id='word_1_236' title='bbox 596 2957 819 3032; x_wconf 88' lang='lat' dir='ltr'>prodiit</span> <span class='ocrx_word' id='word_1_237' title='bbox 861 2957 925 3015; x_wconf 91' lang='lat' dir='ltr'>in</span> <span class='ocrx_word' id='word_1_238' title='bbox 970 2974 1062 3032; x_wconf 89' lang='lat' dir='ltr'>op.</span> <span class='ocrx_word' id='word_1_239' title='bbox 1111 2958 1299 3034; x_wconf 86' lang='lat' dir='ltr'>Pugio</span> <span class='ocrx_word' id='word_1_240' title='bbox 1346 2956 1483 3015; x_wconf 89' lang='lat' dir='ltr'>fidei</span> <span class='ocrx_word' id='word_1_241' title='bbox 1534 2959 1597 3016; x_wconf 79' lang='lat' dir='ltr'>R.</span> <span class='ocrx_word' id='word_1_242' title='bbox 1631 2959 1872 3016; x_wconf 84' lang='lat' dir='ltr'>Martini</span> 
     </span>
     <span class='ocr_line' id='line_1_31' title="bbox 595 3045 1870 3123; baseline 0.002 -21"><span class='ocrx_word' id='word_1_243' title='bbox 595 3045 685 3103; x_wconf 91' lang='lat' dir='ltr'>ed.</span> <span class='ocrx_word' id='word_1_244' title='bbox 762 3065 796 3103; x_wconf 91' lang='lat' dir='ltr'>a</span> <span class='ocrx_word' id='word_1_245' title='bbox 856 3045 1167 3121; x_wconf 81' lang='lat' dir='ltr'>Carpzovio</span> <span class='ocrx_word' id='word_1_246' title='bbox 1243 3046 1584 3123; x_wconf 88' lang='lat' dir='ltr'>appendicis</span> <span class='ocrx_word' id='word_1_247' title='bbox 1662 3047 1870 3116; x_wconf 82' lang='lat' dir='ltr'>instar,</span> 
     </span>
     <span class='ocr_line' id='line_1_32' title="bbox 593 3134 1871 3210; baseline 0.002 -19"><span class='ocrx_word' id='word_1_248' title='bbox 593 3134 823 3209; x_wconf 86' lang='lat' dir='ltr'>Lipsiae</span> <span class='ocrx_word' id='word_1_249' title='bbox 863 3144 1057 3204; x_wconf 82' lang='lat'>1687;</span> <span class='ocrx_word' id='word_1_250' title='bbox 1090 3136 1291 3210; x_wconf 83' lang='lat' dir='ltr'>Migne</span> <span class='ocrx_word' id='word_1_251' title='bbox 1323 3135 1532 3206; x_wconf 84' lang='lat' dir='ltr'>CLXX,</span> <span class='ocrx_word' id='word_1_252' title='bbox 1562 3145 1871 3199; x_wconf 82' lang='grc'>803-836.</span> 
     </span>
     <span class='ocr_line' id='line_1_33' title="bbox 595 3222 1875 3301; baseline 0.001 -19"><span class='ocrx_word' id='word_1_253' title='bbox 595 3224 675 3282; x_wconf 87' lang='lat' dir='ltr'>cf.</span> <span class='ocrx_word' id='word_1_254' title='bbox 710 3224 961 3300; x_wconf 90' lang='lat' dir='ltr'>Seeberg</span> <span class='ocrx_word' id='word_1_255' title='bbox 979 3222 1052 3287; x_wconf 82' lang='lat' dir='ltr'>H.</span> <span class='ocrx_word' id='word_1_256' title='bbox 1085 3242 1200 3282; x_wconf 88' lang='lat' dir='ltr'>von</span> <span class='ocrx_word' id='word_1_257' title='bbox 1221 3223 1442 3284; x_wconf 83' lang='lat' dir='ltr'>Sebeda</span> <span class='ocrx_word' id='word_1_258' title='bbox 1460 3225 1556 3283; x_wconf 91' lang='lat' dir='ltr'>ein</span> <span class='ocrx_word' id='word_1_259' title='bbox 1570 3225 1875 3301; x_wconf 79' lang='lat' dir='ltr'>jiidischer</span> 
     </span>
     <span class='ocr_line' id='line_1_34' title="bbox 594 3312 1871 3390; baseline 0.004 -20"><span class='ocrx_word' id='word_1_260' title='bbox 594 3312 867 3388; x_wconf 83' lang='lat' dir='ltr'>Proselyt</span> <span class='ocrx_word' id='word_1_261' title='bbox 910 3313 992 3369; x_wconf 89' lang='lat' dir='ltr'>im</span> <span class='ocrx_word' id='word_1_262' title='bbox 1036 3323 1129 3374; x_wconf 88' lang='lat'>12.</span> <span class='ocrx_word' id='word_1_263' title='bbox 1161 3314 1344 3384; x_wconf 68' lang='lat' dir='ltr'>Jahn,</span> <span class='ocrx_word' id='word_1_264' title='bbox 1394 3313 1630 3390; x_wconf 88' lang='lat' dir='ltr'>Lipsiae</span> <span class='ocrx_word' id='word_1_265' title='bbox 1687 3324 1871 3378; x_wconf 85' lang='lat'>1891.</span> 
     </span>
    </p>
   </div>
   <div class='ocr_carea' id='block_1_5' title="bbox 592 3491 1873 4548">
    <p class='ocr_par' dir='ltr' id='par_1_5' title="bbox 592 3491 1873 4548">
     <span class='ocr_line' id='line_1_35' title="bbox 688 3491 1873 3553; baseline -0.003 0"><span class='ocrx_word' id='word_1_266' title='bbox 688 3500 720 3553; x_wconf 88' lang='lat'>9</span> <span class='ocrx_word' id='word_1_267' title='bbox 733 3502 786 3553; x_wconf 79' lang='grc'>6.</span> <span class='ocrx_word' id='word_1_268' title='bbox 820 3492 1035 3550; x_wconf 82' lang='lat' dir='ltr'>Contra</span> <span class='ocrx_word' id='word_1_269' title='bbox 1056 3491 1308 3551; x_wconf 80' lang='lat' dir='ltr'>Graecos</span> <span class='ocrx_word' id='word_1_270' title='bbox 1326 3491 1725 3551; x_wconf 89' lang='lat' dir='ltr'>schismaticos</span> <span class='ocrx_word' id='word_1_271' title='bbox 1748 3492 1873 3550; x_wconf 89' lang='lat' dir='ltr'>dis-</span> 
     </span>
     <span class='ocr_line' id='line_1_36' title="bbox 595 3577 1871 3661; baseline 0 -22"><span class='ocrx_word' id='word_1_272' title='bbox 595 3581 834 3656; x_wconf 83' lang='lat' dir='ltr'>put-avit</span> <span class='ocrx_word' id='word_1_273' title='bbox 865 3580 1082 3657; x_wconf 90' lang='lat' dir='ltr'>Hugo</span> <span class='ocrx_word' id='word_1_274' title='bbox 1113 3581 1596 3640; x_wconf 87' lang='lat' dir='ltr'>Etherianus</span> <span class='ocrx_word' id='word_1_275' title='bbox 1626 3577 1871 3661; x_wconf 85' lang='lat' dir='ltr'>(Aethe-</span> 
     </span>
     <span class='ocr_line' id='line_1_37' title="bbox 594 3669 1870 3744; baseline 0.001 -17"><span class='ocrx_word' id='word_1_276' title='bbox 594 3670 813 3739; x_wconf 88' lang='lat' dir='ltr'>rianus,</span> <span class='ocrx_word' id='word_1_277' title='bbox 834 3669 1163 3741; x_wconf 82' lang='lat' dir='ltr'>Eterianus,</span> <span class='ocrx_word' id='word_1_278' title='bbox 1183 3671 1541 3729; x_wconf 88' lang='lat' dir='ltr'>Heterianus</span> <span class='ocrx_word' id='word_1_279' title='bbox 1562 3672 1697 3744; x_wconf 86' lang='lat' dir='ltr'>etc.)</span> <span class='ocrx_word' id='word_1_280' title='bbox 1719 3671 1870 3729; x_wconf 83' lang='lat' dir='ltr'>Tus-</span> 
     </span>
     <span class='ocr_line' id='line_1_38' title="bbox 595 3759 1870 3835; baseline 0.002 -19"><span class='ocrx_word' id='word_1_281' title='bbox 595 3776 698 3817; x_wconf 88' lang='lat' dir='ltr'>cus</span> <span class='ocrx_word' id='word_1_282' title='bbox 732 3759 883 3817; x_wconf 87' lang='lat' dir='ltr'>Pisis</span> <span class='ocrx_word' id='word_1_283' title='bbox 922 3759 1229 3827; x_wconf 89' lang='lat' dir='ltr'>oriundus,</span> <span class='ocrx_word' id='word_1_284' title='bbox 1264 3759 1368 3835; x_wconf 90' lang='lat' dir='ltr'>qui</span> <span class='ocrx_word' id='word_1_285' title='bbox 1399 3777 1531 3818; x_wconf 90' lang='lat' dir='ltr'>cum</span> <span class='ocrx_word' id='word_1_286' title='bbox 1554 3760 1740 3817; x_wconf 88' lang='lat' dir='ltr'>fratre</span> <span class='ocrx_word' id='word_1_287' title='bbox 1762 3778 1870 3818; x_wconf 89' lang='lat' dir='ltr'>suo</span> 
     </span>
     <span class='ocr_line' id='line_1_39' title="bbox 593 3846 1871 3924; baseline 0.001 -19"><span class='ocrx_word' id='word_1_288' title='bbox 593 3846 784 3905; x_wconf 91' lang='lat' dir='ltr'>Leone</span> <span class='ocrx_word' id='word_1_289' title='bbox 804 3866 1017 3923; x_wconf 85' lang='lat' dir='ltr'>magna</span> <span class='ocrx_word' id='word_1_290' title='bbox 1028 3848 1380 3907; x_wconf 88' lang='lat' dir='ltr'>auctoritate</span> <span class='ocrx_word' id='word_1_291' title='bbox 1390 3848 1703 3907; x_wconf 83' lang='lat' dir='ltr'>fruebatur</span> <span class='ocrx_word' id='word_1_292' title='bbox 1713 3849 1871 3924; x_wconf 89' lang='lat' dir='ltr'>apud</span> 
     </span>
     <span class='ocr_line' id='line_1_40' title="bbox 594 3935 1868 4013; baseline 0.002 -21"><span class='ocrx_word' id='word_1_293' title='bbox 594 3935 928 3993; x_wconf 83' lang='lat' dir='ltr'>Manuelem</span> <span class='ocrx_word' id='word_1_294' title='bbox 1018 3936 1374 3995; x_wconf 84' lang='lat' dir='ltr'>Graecorum</span> <span class='ocrx_word' id='word_1_295' title='bbox 1446 3937 1868 4013; x_wconf 58' lang='lat' dir='ltr'>&lt;imperatorem</span> 
     </span>
     <span class='ocr_line' id='line_1_41' title="bbox 596 4019 1873 4106; baseline -0.002 -19"><span class='ocrx_word' id='word_1_296' title='bbox 596 4019 656 4106; x_wconf 91' lang='lat'>(1</span> <span class='ocrx_word' id='word_1_297' title='bbox 679 4033 922 4086; x_wconf 87' lang='lat'>143—1</span> <span class='ocrx_word' id='word_1_298' title='bbox 948 4023 1109 4106; x_wconf 88' lang='grc'>180).</span> <span class='ocrx_word' id='word_1_299' title='bbox 1142 4024 1406 4094; x_wconf 85' lang='lat' dir='ltr'>Quadam</span> <span class='ocrx_word' id='word_1_300' title='bbox 1432 4025 1529 4084; x_wconf 89' lang='lat' dir='ltr'>die</span> <span class='ocrx_word' id='word_1_301' title='bbox 1548 4026 1873 4101; x_wconf 87' lang='lat' dir='ltr'>imperator</span> 
     </span>
     <span class='ocr_line' id='line_1_42' title="bbox 594 4113 1864 4174; baseline 0.003 -4"><span class='ocrx_word' id='word_1_302' title='bbox 594 4113 820 4172; x_wconf 84' lang='lat' dir='ltr'>Latinis</span> <span class='ocrx_word' id='word_1_303' title='bbox 852 4132 969 4171; x_wconf 92' lang='lat' dir='ltr'>non</span> <span class='ocrx_word' id='word_1_304' title='bbox 1001 4114 1267 4173; x_wconf 83' lang='lat' dir='ltr'>infensus</span> <span class='ocrx_word' id='word_1_305' title='bbox 1298 4115 1367 4172; x_wconf 91' lang='lat' dir='ltr'>ad</span> <span class='ocrx_word' id='word_1_306' title='bbox 1403 4133 1466 4174; x_wconf 87' lang='lat' dir='ltr'>se</span> <span class='ocrx_word' id='word_1_307' title='bbox 1485 4119 1759 4174; x_wconf 88' lang='lat' dir='ltr'>vocatum</span> <span class='ocrx_word' id='word_1_308' title='bbox 1775 4116 1864 4174; x_wconf 89' lang='lat' dir='ltr'>in·</span> 
     </span>
     <span class='ocr_line' id='line_1_43' title="bbox 593 4203 1868 4279; baseline 0.002 -19"><span class='ocrx_word' id='word_1_309' title='bbox 593 4203 938 4279; x_wconf 86' lang='lat' dir='ltr'>terrogavit,</span> <span class='ocrx_word' id='word_1_310' title='bbox 969 4222 1112 4261; x_wconf 89' lang='lat' dir='ltr'>num</span> <span class='ocrx_word' id='word_1_311' title='bbox 1129 4203 1354 4262; x_wconf 87' lang='lat' dir='ltr'>Latinis</span> <span class='ocrx_word' id='word_1_312' title='bbox 1366 4222 1444 4262; x_wconf 91' lang='lat' dir='ltr'>ss.</span> <span class='ocrx_word' id='word_1_313' title='bbox 1468 4209 1705 4279; x_wconf 90' lang='lat' dir='ltr'>patrum</span> <span class='ocrx_word' id='word_1_314' title='bbox 1732 4224 1868 4264; x_wconf 88' lang='lat' dir='ltr'>auc·</span> 
     </span>
     <span class='ocr_line' id='line_1_44' title="bbox 592 4292 1871 4369; baseline 0.001 -19"><span class='ocrx_word' id='word_1_315' title='bbox 592 4293 800 4351; x_wconf 83' lang='lat' dir='ltr'>toritas</span> <span class='ocrx_word' id='word_1_316' title='bbox 835 4292 1058 4351; x_wconf 84' lang='lat' dir='ltr'>faveret</span> <span class='ocrx_word' id='word_1_317' title='bbox 1077 4312 1184 4368; x_wconf 90' lang='lat' dir='ltr'>pro</span> <span class='ocrx_word' id='word_1_318' title='bbox 1205 4311 1313 4352; x_wconf 90' lang='lat' dir='ltr'>sua</span> <span class='ocrx_word' id='word_1_319' title='bbox 1329 4293 1626 4352; x_wconf 87' lang='lat' dir='ltr'>sententia</span> <span class='ocrx_word' id='word_1_320' title='bbox 1644 4294 1716 4352; x_wconf 90' lang='lat' dir='ltr'>de</span> <span class='ocrx_word' id='word_1_321' title='bbox 1736 4313 1871 4369; x_wconf 89' lang='lat' dir='ltr'>pro-</span> 
     </span>
     <span class='ocr_line' id='line_1_45' title="bbox 593 4381 1870 4458; baseline 0.003 -18"><span class='ocrx_word' id='word_1_322' title='bbox 593 4381 851 4440; x_wconf 89' lang='lat' dir='ltr'>cessione</span> <span class='ocrx_word' id='word_1_323' title='bbox 897 4400 942 4442; x_wconf 89' lang='lat' dir='ltr'>s.</span> <span class='ocrx_word' id='word_1_324' title='bbox 989 4382 1248 4458; x_wconf 88' lang='lat' dir='ltr'>Spiritus</span> <span class='ocrx_word' id='word_1_325' title='bbox 1292 4402 1327 4440; x_wconf 87' lang='lat' dir='ltr'>a</span> <span class='ocrx_word' id='word_1_326' title='bbox 1370 4383 1542 4441; x_wconf 86' lang='lat' dir='ltr'>Patre</span> <span class='ocrx_word' id='word_1_327' title='bbox 1581 4383 1870 4458; x_wconf 90' lang='lat' dir='ltr'>Filioque.</span> 
     </span>
     <span class='ocr_line' id='line_1_46' title="bbox 594 4471 1866 4548; baseline 0 -19"><span class='ocrx_word' id='word_1_328' title='bbox 594 4471 751 4531; x_wconf 87' lang='lat' dir='ltr'>Haec</span> <span class='ocrx_word' id='word_1_329' title='bbox 785 4472 1056 4545; x_wconf 87' lang='lat' dir='ltr'>quaestio</span> <span class='ocrx_word' id='word_1_330' title='bbox 1087 4472 1453 4531; x_wconf 83' lang='lat' dir='ltr'>occasionem</span> <span class='ocrx_word' id='word_1_331' title='bbox 1483 4472 1538 4530; x_wconf 90' lang='lat' dir='ltr'>ei</span> <span class='ocrx_word' id='word_1_332' title='bbox 1571 4472 1866 4548; x_wconf 87' lang='lat' dir='ltr'>praebuit,</span> 
     </span>
    </p>
   </div>
   <div class='ocr_carea' id='block_1_6' title="bbox 1927 1710 3254 3749">
    <p class='ocr_par' dir='ltr' id='par_1_6' title="bbox 1927 1710 3254 3749">
     <span class='ocr_line' id='line_1_47' title="bbox 1928 1710 3254 1785; baseline 0.003 -17"><span class='ocrx_word' id='word_1_333' title='bbox 1928 1710 2215 1785; x_wconf 88' lang='lat' dir='ltr'>scriptum</span> <span class='ocrx_word' id='word_1_334' title='bbox 2253 1717 2344 1769; x_wconf 84' lang='lat' dir='ltr'>est</span> <span class='ocrx_word' id='word_1_335' title='bbox 2376 1711 2516 1770; x_wconf 86' lang='lat' dir='ltr'>stilo</span> <span class='ocrx_word' id='word_1_336' title='bbox 2547 1712 2726 1770; x_wconf 90' lang='lat' dir='ltr'>nimis</span> <span class='ocrx_word' id='word_1_337' title='bbox 2746 1713 2977 1782; x_wconf 84' lang='lat' dir='ltr'>floride,</span> <span class='ocrx_word' id='word_1_338' title='bbox 3002 1731 3254 1771; x_wconf 86' lang='lat' dir='ltr'>secun-</span> 
     </span>
     <span class='ocr_line' id='line_1_48' title="bbox 1928 1799 3254 1872; baseline 0.001 -15"><span class='ocrx_word' id='word_1_339' title='bbox 1928 1799 2071 1857; x_wconf 91' lang='lat' dir='ltr'>dum</span> <span class='ocrx_word' id='word_1_340' title='bbox 2103 1800 2422 1858; x_wconf 88' lang='lat' dir='ltr'>nonnullos</span> <span class='ocrx_word' id='word_1_341' title='bbox 2454 1801 2703 1872; x_wconf 89' lang='lat' dir='ltr'>tumido,</span> <span class='ocrx_word' id='word_1_342' title='bbox 2748 1801 2851 1859; x_wconf 83' lang='lat' dir='ltr'>sed</span> <span class='ocrx_word' id='word_1_343' title='bbox 2894 1801 3254 1860; x_wconf 83' lang='lat' dir='ltr'>dolendum</span> 
     </span>
     <span class='ocr_line' id='line_1_49' title="bbox 1927 1889 3252 1949; baseline 0.002 -3"><span class='ocrx_word' id='word_1_344' title='bbox 1927 1890 2159 1946; x_wconf 83' lang='lat' dir='ltr'>textum</span> <span class='ocrx_word' id='word_1_345' title='bbox 2209 1906 2338 1948; x_wconf 90' lang='lat' dir='ltr'>esse</span> <span class='ocrx_word' id='word_1_346' title='bbox 2380 1889 2697 1948; x_wconf 88' lang='lat' dir='ltr'>admodum</span> <span class='ocrx_word' id='word_1_347' title='bbox 2751 1890 3106 1949; x_wconf 88' lang='lat' dir='ltr'>mendosum</span> <span class='ocrx_word' id='word_1_348' title='bbox 3172 1894 3252 1949; x_wconf 84' lang='lat' dir='ltr'>et</span> 
     </span>
     <span class='ocr_line' id='line_1_50' title="bbox 1928 1979 3245 2054; baseline 0.002 -19"><span class='ocrx_word' id='word_1_349' title='bbox 1928 1981 2289 2052; x_wconf 87' lang='lat' dir='ltr'>corruptum.</span> <span class='ocrx_word' id='word_1_350' title='bbox 2325 1979 2458 2053; x_wconf 89' lang='lat' dir='ltr'>lpse</span> <span class='ocrx_word' id='word_1_351' title='bbox 2490 1998 2558 2036; x_wconf 86' lang='lat' dir='ltr'>ex</span> <span class='ocrx_word' id='word_1_352' title='bbox 2581 1979 2808 2037; x_wconf 83' lang='lat' dir='ltr'>Latinis</span> <span class='ocrx_word' id='word_1_353' title='bbox 2843 1979 3076 2054; x_wconf 88' lang='lat' dir='ltr'>primus</span> <span class='ocrx_word' id='word_1_354' title='bbox 3109 1986 3245 2047; x_wconf 82' lang='lat' dir='ltr'>est,</span> 
     </span>
     <span class='ocr_line' id='line_1_51' title="bbox 1929 2066 3242 2139; baseline 0.002 -16"><span class='ocrx_word' id='word_1_355' title='bbox 1929 2066 2034 2139; x_wconf 92' lang='lat' dir='ltr'>qui</span> <span class='ocrx_word' id='word_1_356' title='bbox 2063 2067 2344 2125; x_wconf 90' lang='lat' dir='ltr'>Photium</span> <span class='ocrx_word' id='word_1_357' title='bbox 2393 2067 2561 2126; x_wconf 87' lang='lat' dir='ltr'>docte</span> <span class='ocrx_word' id='word_1_358' title='bbox 2607 2070 2668 2126; x_wconf 89' lang='lat' dir='ltr'>et</span> <span class='ocrx_word' id='word_1_359' title='bbox 2717 2067 2956 2126; x_wconf 85' lang='lat' dir='ltr'>erudite</span> <span class='ocrx_word' id='word_1_360' title='bbox 2989 2070 3242 2127; x_wconf 76' lang='lat' dir='ltr'>resuta-</span> 
     </span>
     <span class='ocr_line' id='line_1_52' title="bbox 1929 2150 3243 2238; baseline 0.002 -26"><span class='ocrx_word' id='word_1_361' title='bbox 1929 2150 2092 2235; x_wconf 80' lang='lat' dir='ltr'>vit1).</span> <span class='ocrx_word' id='word_1_362' title='bbox 2133 2155 2510 2215; x_wconf 87' lang='lat' dir='ltr'>Tribuuntur</span> <span class='ocrx_word' id='word_1_363' title='bbox 2539 2156 2594 2215; x_wconf 88' lang='lat' dir='ltr'>ei</span> <span class='ocrx_word' id='word_1_364' title='bbox 2626 2158 2740 2215; x_wconf 91' lang='lat' dir='ltr'>alia</span> <span class='ocrx_word' id='word_1_365' title='bbox 2771 2157 3067 2232; x_wconf 83' lang='lat' dir='ltr'>quaedam</span> <span class='ocrx_word' id='word_1_366' title='bbox 3099 2154 3243 2238; x_wconf 87' lang='lat' dir='ltr'>(in-</span> 
     </span>
     <span class='ocr_line' id='line_1_53' title="bbox 1928 2240 3237 2323; baseline 0.002 -22"><span class='ocrx_word' id='word_1_367' title='bbox 1928 2240 2133 2323; x_wconf 86' lang='lat' dir='ltr'>edita).</span> <span class='ocrx_word' id='word_1_368' title='bbox 2165 2277 2252 2286; x_wconf 94' lang='lat'>—-</span> <span class='ocrx_word' id='word_1_369' title='bbox 2287 2245 2482 2321; x_wconf 87' lang='lat' dir='ltr'>Hujus</span> <span class='ocrx_word' id='word_1_370' title='bbox 2528 2246 2863 2321; x_wconf 89' lang='lat' dir='ltr'>discipulus</span> <span class='ocrx_word' id='word_1_371' title='bbox 2911 2250 3042 2304; x_wconf 89' lang='lat' dir='ltr'>erat</span> <span class='ocrx_word' id='word_1_372' title='bbox 3073 2247 3237 2304; x_wconf 85' lang='lat' dir='ltr'>Leo</span> 
     </span>
     <span class='ocr_line' id='line_1_54' title="bbox 1927 2332 3238 2411; baseline 0.004 -22"><span class='ocrx_word' id='word_1_373' title='bbox 1927 2332 2151 2407; x_wconf 89' lang='lat' dir='ltr'>pariter</span> <span class='ocrx_word' id='word_1_374' title='bbox 2195 2333 2434 2403; x_wconf 88' lang='lat' dir='ltr'>Tuscus,</span> <span class='ocrx_word' id='word_1_375' title='bbox 2480 2334 2881 2410; x_wconf 88' lang='lat' dir='ltr'>imperialium</span> <span class='ocrx_word' id='word_1_376' title='bbox 2928 2335 3238 2411; x_wconf 80' lang='lat' dir='ltr'>epistola-</span> 
     </span>
     <span class='ocr_line' id='line_1_55' title="bbox 1928 2421 3235 2505; baseline 0.003 -26"><span class='ocrx_word' id='word_1_377' title='bbox 1928 2440 2064 2480; x_wconf 92' lang='lat' dir='ltr'>rum</span> <span class='ocrx_word' id='word_1_378' title='bbox 2095 2422 2208 2480; x_wconf 91' lang='lat' dir='ltr'>sub</span> <span class='ocrx_word' id='word_1_379' title='bbox 2239 2423 2365 2481; x_wconf 88' lang='lat' dir='ltr'>Em.</span> <span class='ocrx_word' id='word_1_380' title='bbox 2399 2423 2767 2504; x_wconf 85' lang='lat' dir='ltr'>Comneno(l</span> <span class='ocrx_word' id='word_1_381' title='bbox 2799 2433 3039 2486; x_wconf 83' lang='lat'>143—1</span> <span class='ocrx_word' id='word_1_382' title='bbox 3068 2421 3235 2505; x_wconf 80' lang='grc'>180)</span> 
     </span>
     <span class='ocr_line' id='line_1_56' title="bbox 1929 2510 3235 2589; baseline 0.003 -21"><span class='ocrx_word' id='word_1_383' title='bbox 1929 2510 2282 2570; x_wconf 87' lang='lat' dir='ltr'>Graecorum</span> <span class='ocrx_word' id='word_1_384' title='bbox 2333 2513 2473 2587; x_wconf 89' lang='lat' dir='ltr'>imp.</span> <span class='ocrx_word' id='word_1_385' title='bbox 2524 2513 2833 2588; x_wconf 86' lang='lat' dir='ltr'>interpres,</span> <span class='ocrx_word' id='word_1_386' title='bbox 2891 2513 2998 2587; x_wconf 91' lang='lat' dir='ltr'>qui</span> <span class='ocrx_word' id='word_1_387' title='bbox 3039 2515 3235 2589; x_wconf 72' lang='lat' dir='ltr'>juxta</span> 
     </span>
     <span class='ocr_line' id='line_1_57' title="bbox 1928 2600 3229 2677; baseline 0.005 -21"><span class='ocrx_word' id='word_1_388' title='bbox 1928 2600 2321 2658; x_wconf 87' lang='lat' dir='ltr'>Trithemium</span> <span class='ocrx_word' id='word_1_389' title='bbox 2343 2601 2416 2659; x_wconf 91' lang='lat' dir='ltr'>de</span> <span class='ocrx_word' id='word_1_390' title='bbox 2438 2600 2494 2659; x_wconf 90' lang='lat' dir='ltr'>S.</span> <span class='ocrx_word' id='word_1_391' title='bbox 2513 2601 2578 2659; x_wconf 86' lang='grc' dir='ltr'>Ε.</span> <span class='ocrx_word' id='word_1_392' title='bbox 2602 2620 2645 2659; x_wconf 92' lang='lat' dir='ltr'>c.</span> <span class='ocrx_word' id='word_1_393' title='bbox 2670 2611 2796 2664; x_wconf 85' lang='lat'>400</span> <span class='ocrx_word' id='word_1_394' title='bbox 2821 2602 3013 2659; x_wconf 84' lang='lat' dir='ltr'>edidit</span> <span class='ocrx_word' id='word_1_395' title='bbox 3032 2621 3229 2677; x_wconf 84' lang='lat' dir='ltr'>quae-</span> 
     </span>
     <span class='ocr_line' id='line_1_58' title="bbox 1929 2689 3228 2769; baseline 0.004 -23"><span class='ocrx_word' id='word_1_396' title='bbox 1929 2689 2065 2747; x_wconf 87' lang='lat' dir='ltr'>dam</span> <span class='ocrx_word' id='word_1_397' title='bbox 2097 2691 2395 2766; x_wconf 89' lang='lat' dir='ltr'>praeclara</span> <span class='ocrx_word' id='word_1_398' title='bbox 2409 2691 2712 2750; x_wconf 88' lang='lat' dir='ltr'>volumina</span> <span class='ocrx_word' id='word_1_399' title='bbox 2726 2695 2935 2750; x_wconf 91' lang='lat' dir='ltr'>contra</span> <span class='ocrx_word' id='word_1_400' title='bbox 2954 2711 3228 2769; x_wconf 51' lang='lat' dir='ltr'>graeco&amp;</span> 
     </span>
     <span class='ocr_line' id='line_1_59' title="bbox 1929 2779 3227 2853; baseline 0.002 -17"><span class='ocrx_word' id='word_1_401' title='bbox 1929 2798 2080 2853; x_wconf 86' lang='lat' dir='ltr'>quae</span> <span class='ocrx_word' id='word_1_402' title='bbox 2113 2779 2395 2838; x_wconf 88' lang='lat' dir='ltr'>videntur</span> <span class='ocrx_word' id='word_1_403' title='bbox 2410 2781 2698 2838; x_wconf 90' lang='lat' dir='ltr'>mansisse</span> <span class='ocrx_word' id='word_1_404' title='bbox 2717 2779 2967 2843; x_wconf 88' lang='lat' dir='ltr'>inedita.</span> <span class='ocrx_word' id='word_1_405' title='bbox 3004 2815 3085 2824; x_wconf 93' lang='lat'>-</span> <span class='ocrx_word' id='word_1_406' title='bbox 3108 2782 3227 2839; x_wconf 84' lang='lat' dir='ltr'>His</span> 
     </span>
     <span class='ocr_line' id='line_1_60' title="bbox 1928 2866 3228 2943; baseline 0.003 -19"><span class='ocrx_word' id='word_1_407' title='bbox 1928 2866 2253 2943; x_wconf 89' lang='lat' dir='ltr'>adjungere</span> <span class='ocrx_word' id='word_1_408' title='bbox 2285 2869 2428 2927; x_wconf 91' lang='lat' dir='ltr'>licet</span> <span class='ocrx_word' id='word_1_409' title='bbox 2458 2869 2507 2926; x_wconf 86' lang='lat' dir='ltr'>N</span> <span class='ocrx_word' id='word_1_410' title='bbox 2528 2870 2547 2927; x_wconf 92' lang='lat' dir='ltr'>i</span> <span class='ocrx_word' id='word_1_411' title='bbox 2567 2873 2803 2928; x_wconf 88' lang='lat' dir='ltr'>cetam</span> <span class='ocrx_word' id='word_1_412' title='bbox 2841 2888 2872 2927; x_wconf 92' lang='lat' dir='ltr'>e</span> <span class='ocrx_word' id='word_1_413' title='bbox 2906 2872 3228 2928; x_wconf 83' lang='lat' dir='ltr'>Maronaea</span> 
     </span>
     <span class='ocr_line' id='line_1_61' title="bbox 1928 2956 3224 3029; baseline 0.004 -16"><span class='ocrx_word' id='word_1_414' title='bbox 1928 2956 1993 3014; x_wconf 90' lang='lat' dir='ltr'>in</span> <span class='ocrx_word' id='word_1_415' title='bbox 2041 2956 2286 3016; x_wconf 84' lang='lat' dir='ltr'>Thracia</span> <span class='ocrx_word' id='word_1_416' title='bbox 2330 2958 2669 3029; x_wconf 89' lang='lat' dir='ltr'>oriundum,</span> <span class='ocrx_word' id='word_1_417' title='bbox 2732 2958 3224 3018; x_wconf 87' lang='lat' dir='ltr'>archidiaconum</span> 
     </span>
     <span class='ocr_line' id='line_1_62' title="bbox 1928 3046 3218 3124; baseline 0.002 -21"><span class='ocrx_word' id='word_1_418' title='bbox 1928 3050 1989 3103; x_wconf 89' lang='lat' dir='ltr'>et</span> <span class='ocrx_word' id='word_1_419' title='bbox 2078 3046 2593 3122; x_wconf 82' lang='lat' dir='ltr'>chartophylacem</span> <span class='ocrx_word' id='word_1_420' title='bbox 2677 3047 3218 3124; x_wconf 84' lang='lat' dir='ltr'>Constantinopoli,</span> 
     </span>
     <span class='ocr_line' id='line_1_63' title="bbox 1928 3135 3220 3211; baseline 0.004 -20"><span class='ocrx_word' id='word_1_421' title='bbox 1928 3141 2137 3209; x_wconf 90' lang='lat' dir='ltr'>postea</span> <span class='ocrx_word' id='word_1_422' title='bbox 2184 3135 2697 3211; x_wconf 86' lang='lat' dir='ltr'>archiepiscopum</span> <span class='ocrx_word' id='word_1_423' title='bbox 2745 3136 3220 3196; x_wconf 88' lang='lat' dir='ltr'>thessalonicen-</span> 
     </span>
     <span class='ocr_line' id='line_1_64' title="bbox 1930 3223 3218 3304; baseline 0.004 -23"><span class='ocrx_word' id='word_1_424' title='bbox 1930 3223 2132 3304; x_wconf 78' lang='lat' dir='ltr'>sem2).</span> <span class='ocrx_word' id='word_1_425' title='bbox 2210 3224 2316 3299; x_wconf 90' lang='lat' dir='ltr'>qui</span> <span class='ocrx_word' id='word_1_426' title='bbox 2391 3225 2598 3283; x_wconf 88' lang='lat' dir='ltr'>floruit</span> <span class='ocrx_word' id='word_1_427' title='bbox 2658 3225 2771 3284; x_wconf 88' lang='lat' dir='ltr'>sub</span> <span class='ocrx_word' id='word_1_428' title='bbox 2837 3227 3115 3285; x_wconf 81' lang='lat' dir='ltr'>Manuele</span> <span class='ocrx_word' id='word_1_429' title='bbox 3169 3227 3218 3290; x_wconf 85' lang='grc' dir='ltr'>Ι.</span> 
     </span>
     <span class='ocr_line' id='line_1_65' title="bbox 1929 3310 3216 3396; baseline 0.004 -27"><span class='ocrx_word' id='word_1_430' title='bbox 1929 3312 2224 3371; x_wconf 91' lang='lat' dir='ltr'>Comneno</span> <span class='ocrx_word' id='word_1_431' title='bbox 2259 3310 2751 3396; x_wconf 84' lang='lat'>(1143—1180)</span> <span class='ocrx_word' id='word_1_432' title='bbox 2789 3315 3082 3390; x_wconf 84' lang='lat' dir='ltr'>stetitque</span> <span class='ocrx_word' id='word_1_433' title='bbox 3106 3335 3216 3392; x_wconf 94' lang='lat' dir='ltr'>pro</span> 
     </span>
     <span class='ocr_line' id='line_1_66' title="bbox 1927 3401 3217 3473; baseline 0.005 -15"><span class='ocrx_word' id='word_1_434' title='bbox 1927 3401 2148 3459; x_wconf 91' lang='lat' dir='ltr'>unione</span> <span class='ocrx_word' id='word_1_435' title='bbox 2198 3419 2332 3461; x_wconf 93' lang='lat' dir='ltr'>cum</span> <span class='ocrx_word' id='word_1_436' title='bbox 2378 3403 2609 3461; x_wconf 87' lang='lat' dir='ltr'>Latinis</span> <span class='ocrx_word' id='word_1_437' title='bbox 2672 3403 2954 3463; x_wconf 88' lang='lat' dir='ltr'>ineunda.</span> <span class='ocrx_word' id='word_1_438' title='bbox 3020 3403 3217 3473; x_wconf 86' lang='lat' dir='ltr'>Quare</span> 
     </span>
     <span class='ocr_line' id='line_1_67' title="bbox 1929 3491 3219 3569; baseline 0.003 -22"><span class='ocrx_word' id='word_1_439' title='bbox 1929 3508 2028 3547; x_wconf 82' lang='lat' dir='ltr'>sex</span> <span class='ocrx_word' id='word_1_440' title='bbox 2106 3491 2342 3565; x_wconf 86' lang='lat' dir='ltr'>scripsit</span> <span class='ocrx_word' id='word_1_441' title='bbox 2417 3492 2683 3568; x_wconf 81' lang='lat' dir='ltr'>dialogos</span> <span class='ocrx_word' id='word_1_442' title='bbox 2732 3494 2801 3551; x_wconf 80' lang='lat' dir='ltr'>de</span> <span class='ocrx_word' id='word_1_443' title='bbox 2849 3497 3219 3569; x_wconf 75' lang='lat' dir='ltr'>processione</span> 
     </span>
     <span class='ocr_line' id='line_1_68' title="bbox 1927 3579 3218 3659; baseline 0.002 -22"><span class='ocrx_word' id='word_1_444' title='bbox 1927 3579 2192 3652; x_wconf 79' lang='lat' dir='ltr'>Spiritus</span> <span class='ocrx_word' id='word_1_445' title='bbox 2221 3598 2286 3649; x_wconf 76' lang='grc'>3.,</span> <span class='ocrx_word' id='word_1_446' title='bbox 2335 3581 2400 3638; x_wconf 92' lang='lat' dir='ltr'>in</span> <span class='ocrx_word' id='word_1_447' title='bbox 2444 3581 2667 3657; x_wconf 88' lang='lat' dir='ltr'>quibus</span> <span class='ocrx_word' id='word_1_448' title='bbox 2717 3585 2958 3659; x_wconf 89' lang='lat' dir='ltr'>egregie</span> <span class='ocrx_word' id='word_1_449' title='bbox 3003 3588 3218 3642; x_wconf 87' lang='lat' dir='ltr'>tuetur</span> 
     </span>
     <span class='ocr_line' id='line_1_69' title="bbox 1927 3668 3216 3749; baseline 0.005 -24"><span class='ocrx_word' id='word_1_450' title='bbox 1927 3668 2141 3745; x_wconf 89' lang='lat' dir='ltr'>dogma</span> <span class='ocrx_word' id='word_1_451' title='bbox 2190 3669 2578 3728; x_wconf 87' lang='lat' dir='ltr'>catholicum:</span> <span class='ocrx_word' id='word_1_452' title='bbox 2629 3670 2768 3729; x_wconf 92' lang='lat' dir='ltr'>hinc</span> <span class='ocrx_word' id='word_1_453' title='bbox 2817 3674 3019 3749; x_wconf 87' lang='lat' dir='ltr'>magni</span> <span class='ocrx_word' id='word_1_454' title='bbox 3073 3673 3216 3731; x_wconf 82' lang='lat' dir='ltr'>sacti</span> 
     </span>
    </p>
   </div>
   <div class='ocr_carea' id='block_1_7' title="bbox 1926 3856 3216 4569">
    <p class='ocr_par' dir='ltr' id='par_1_7' title="bbox 1929 3856 3214 3996">
     <span class='ocr_line' id='line_1_70' title="bbox 2010 3856 3212 3927; baseline 0.002 -17"><span class='ocrx_word' id='word_1_455' title='bbox 2010 3863 2041 3922; x_wconf 80' lang='grc' dir='ltr'>Ι)</span> <span class='ocrx_word' id='word_1_456' title='bbox 2071 3856 2153 3910; x_wconf 87' lang='lat' dir='ltr'>Cf.</span> <span class='ocrx_word' id='word_1_457' title='bbox 2183 3858 2638 3927; x_wconf 87' lang='lat' dir='ltr'>Hergenroether</span> <span class='ocrx_word' id='word_1_458' title='bbox 2678 3857 2920 3912; x_wconf 84' lang='lat' dir='ltr'>Photius</span> <span class='ocrx_word' id='word_1_459' title='bbox 2971 3858 3031 3918; x_wconf 76' lang='lat'>11,</span> <span class='ocrx_word' id='word_1_460' title='bbox 3075 3864 3212 3918; x_wconf 76' lang='lat'>646:</span> 
     </span>
     <span class='ocr_line' id='line_1_71' title="bbox 1929 3928 3214 3996; baseline 0.003 -16"><span class='ocrx_word' id='word_1_461' title='bbox 1929 3928 2018 3990; x_wconf 75' lang='lat' dir='ltr'>Ill,</span> <span class='ocrx_word' id='word_1_462' title='bbox 2048 3933 2152 3984; x_wconf 77' lang='lat'>175</span> <span class='ocrx_word' id='word_1_463' title='bbox 2179 3945 2278 3983; x_wconf 79' lang='lat' dir='ltr'>ss,:</span> <span class='ocrx_word' id='word_1_464' title='bbox 2306 3933 2411 3984; x_wconf 75' lang='lat'>814</span> <span class='ocrx_word' id='word_1_465' title='bbox 2436 3946 2505 3988; x_wconf 77' lang='lat' dir='ltr'>ss,</span> <span class='ocrx_word' id='word_1_466' title='bbox 2534 3933 2669 3990; x_wconf 82' lang='lat' dir='ltr'>etc.;</span> <span class='ocrx_word' id='word_1_467' title='bbox 2700 3930 2923 3983; x_wconf 83' lang='lat' dir='ltr'>Rausch</span> <span class='ocrx_word' id='word_1_468' title='bbox 2952 3930 3095 3983; x_wconf 52' lang='grc' dir='ltr'>ΚΙ..3</span> <span class='ocrx_word' id='word_1_469' title='bbox 3117 3931 3214 3996; x_wconf 89' lang='lat' dir='ltr'>IV,</span> 
     </span>
    </p>

    <p class='ocr_par' dir='ltr' id='par_1_8' title="bbox 1926 4069 3216 4569">
     <span class='ocr_line' id='line_1_72' title="bbox 2000 4069 3216 4142; baseline 0.002 -20"><span class='ocrx_word' id='word_1_470' title='bbox 2000 4075 2042 4142; x_wconf 77' lang='lat'>²)</span> <span class='ocrx_word' id='word_1_471' title='bbox 2071 4069 2153 4123; x_wconf 86' lang='lat' dir='ltr'>Cf.</span> <span class='ocrx_word' id='word_1_472' title='bbox 2194 4069 2456 4124; x_wconf 82' lang='lat' dir='ltr'>Ehrhard</span> <span class='ocrx_word' id='word_1_473' title='bbox 2502 4071 2564 4125; x_wconf 91' lang='lat' dir='ltr'>in</span> <span class='ocrx_word' id='word_1_474' title='bbox 2589 4071 2983 4126; x_wconf 85' lang='lat' dir='ltr'>Krumbacher</span> <span class='ocrx_word' id='word_1_475' title='bbox 3010 4073 3216 4127; x_wconf 80' lang='lat' dir='ltr'>Gesch.</span> 
     </span>
     <span class='ocr_line' id='line_1_73' title="bbox 1927 4141 3215 4214; baseline 0.002 -19"><span class='ocrx_word' id='word_1_476' title='bbox 1927 4142 2026 4195; x_wconf 91' lang='lat' dir='ltr'>der</span> <span class='ocrx_word' id='word_1_477' title='bbox 2069 4143 2188 4210; x_wconf 83' lang='lat' dir='ltr'>byz.</span> <span class='ocrx_word' id='word_1_478' title='bbox 2230 4141 2337 4195; x_wconf 92' lang='lat' dir='ltr'>Lit.</span> <span class='ocrx_word' id='word_1_479' title='bbox 2376 4159 2431 4210; x_wconf 91' lang='lat' dir='ltr'>p.</span> <span class='ocrx_word' id='word_1_480' title='bbox 2457 4146 2527 4198; x_wconf 79' lang='grc'>89</span> <span class='ocrx_word' id='word_1_481' title='bbox 2554 4160 2594 4196; x_wconf 93' lang='lat' dir='ltr'>s.</span> <span class='ocrx_word' id='word_1_482' title='bbox 2648 4144 2736 4196; x_wconf 89' lang='lat' dir='ltr'>Ab</span> <span class='ocrx_word' id='word_1_483' title='bbox 2777 4143 2885 4197; x_wconf 90' lang='lat' dir='ltr'>hoc</span> <span class='ocrx_word' id='word_1_484' title='bbox 2924 4143 3215 4214; x_wconf 85' lang='lat' dir='ltr'>distingui</span> 
     </span>
     <span class='ocr_line' id='line_1_74' title="bbox 1927 4212 3215 4285; baseline 0.002 -19"><span class='ocrx_word' id='word_1_485' title='bbox 1927 4213 2097 4267; x_wconf 90' lang='lat' dir='ltr'>debet</span> <span class='ocrx_word' id='word_1_486' title='bbox 2123 4213 2173 4265; x_wconf 93' lang='lat' dir='ltr'>N</span> <span class='ocrx_word' id='word_1_487' title='bbox 2192 4212 2212 4265; x_wconf 93' lang='lat' dir='ltr'>i</span> <span class='ocrx_word' id='word_1_488' title='bbox 2229 4230 2257 4266; x_wconf 92' lang='lat' dir='ltr'>c</span> <span class='ocrx_word' id='word_1_489' title='bbox 2275 4229 2303 4267; x_wconf 86' lang='lat' dir='ltr'>e</span> <span class='ocrx_word' id='word_1_490' title='bbox 2321 4216 2435 4266; x_wconf 84' lang='lat' dir='ltr'>tas</span> <span class='ocrx_word' id='word_1_491' title='bbox 2475 4213 2846 4282; x_wconf 80' lang='lat' dir='ltr'>Byzantinus,</span> <span class='ocrx_word' id='word_1_492' title='bbox 2887 4214 2990 4283; x_wconf 87' lang='lat' dir='ltr'>qui</span> <span class='ocrx_word' id='word_1_493' title='bbox 3017 4216 3215 4285; x_wconf 87' lang='lat' dir='ltr'>dispu-</span> 
     </span>
     <span class='ocr_line' id='line_1_75' title="bbox 1928 4284 3216 4354; baseline 0.001 -16"><span class='ocrx_word' id='word_1_494' title='bbox 1928 4284 2076 4338; x_wconf 83' lang='lat' dir='ltr'>tavit</span> <span class='ocrx_word' id='word_1_495' title='bbox 2101 4288 2298 4338; x_wconf 87' lang='lat' dir='ltr'>contra</span> <span class='ocrx_word' id='word_1_496' title='bbox 2326 4287 2599 4339; x_wconf 85' lang='lat' dir='ltr'>Armenes</span> <span class='ocrx_word' id='word_1_497' title='bbox 2625 4302 2729 4354; x_wconf 89' lang='lat' dir='ltr'>pro</span> <span class='ocrx_word' id='word_1_498' title='bbox 2746 4286 3029 4340; x_wconf 86' lang='lat' dir='ltr'>dualitate</span> <span class='ocrx_word' id='word_1_499' title='bbox 3046 4290 3216 4339; x_wconf 79' lang='lat' dir='ltr'>natu-</span> 
     </span>
     <span class='ocr_line' id='line_1_76' title="bbox 1926 4354 3214 4420; baseline 0.001 -11"><span class='ocrx_word' id='word_1_500' title='bbox 1926 4372 2118 4409; x_wconf 86' lang='lat' dir='ltr'>rarum</span> <span class='ocrx_word' id='word_1_501' title='bbox 2140 4356 2200 4408; x_wconf 89' lang='lat' dir='ltr'>in</span> <span class='ocrx_word' id='word_1_502' title='bbox 2219 4354 2459 4418; x_wconf 82' lang='lat' dir='ltr'>Christe,</span> <span class='ocrx_word' id='word_1_503' title='bbox 2476 4360 2673 4411; x_wconf 87' lang='lat' dir='ltr'>contra</span> <span class='ocrx_word' id='word_1_504' title='bbox 2689 4356 3214 4420; x_wconf 83' lang='lat' dir='ltr'>Mohammedanos,</span> 
     </span>
     <span class='ocr_line' id='line_1_77' title="bbox 1927 4426 3212 4500; baseline 0.002 -20"><span class='ocrx_word' id='word_1_505' title='bbox 1927 4444 2070 4496; x_wconf 90' lang='lat' dir='ltr'>quos</span> <span class='ocrx_word' id='word_1_506' title='bbox 2110 4426 2327 4497; x_wconf 88' lang='lat' dir='ltr'>triplici</span> <span class='ocrx_word' id='word_1_507' title='bbox 2366 4427 2740 4499; x_wconf 84' lang='lat' dir='ltr'>impugnavit</span> <span class='ocrx_word' id='word_1_508' title='bbox 2777 4428 2991 4498; x_wconf 86' lang='lat' dir='ltr'>scripto</span> <span class='ocrx_word' id='word_1_509' title='bbox 3033 4430 3212 4500; x_wconf 70' lang='lat' dir='ltr'>(apud</span> 
     </span>
     <span class='ocr_line' id='line_1_78' title="bbox 1929 4498 3214 4569; baseline 0.002 -18"><span class='ocrx_word' id='word_1_510' title='bbox 1929 4499 1984 4551; x_wconf 82' lang='lat' dir='ltr'><strong>M</strong></span> <span class='ocrx_word' id='word_1_511' title='bbox 2000 4499 2021 4552; x_wconf 90' lang='lat' dir='ltr'>i</span> <span class='ocrx_word' id='word_1_512' title='bbox 2037 4518 2075 4569; x_wconf 84' lang='lat' dir='ltr'>g</span> <span class='ocrx_word' id='word_1_513' title='bbox 2092 4517 2128 4551; x_wconf 92' lang='lat' dir='ltr'>n</span> <span class='ocrx_word' id='word_1_514' title='bbox 2146 4516 2176 4553; x_wconf 91' lang='lat' dir='ltr'>e</span> <span class='ocrx_word' id='word_1_515' title='bbox 2204 4498 2313 4562; x_wconf 86' lang='lat' dir='ltr'>CV,</span> <span class='ocrx_word' id='word_1_516' title='bbox 2343 4503 2662 4569; x_wconf 77' lang='grc'>588-841),</span> <span class='ocrx_word' id='word_1_517' title='bbox 2691 4503 2750 4553; x_wconf 88' lang='lat' dir='ltr'>et</span> <span class='ocrx_word' id='word_1_518' title='bbox 2774 4503 2972 4553; x_wconf 82' lang='lat' dir='ltr'>contra</span> <span class='ocrx_word' id='word_1_519' title='bbox 2999 4501 3214 4554; x_wconf 86' lang='lat' dir='ltr'>latinos</span> 
     </span>
    </p>
   </div>
   <div class='ocr_carea' id='block_1_8' title="bbox 594 4560 3214 4642">
    <p class='ocr_par' dir='ltr' id='par_1_9' title="bbox 594 4560 3214 4642">
     <span class='ocr_line' id='line_1_79' title="bbox 594 4560 3214 4642; baseline 0.003 -24"><span class='ocrx_word' id='word_1_520' title='bbox 594 4576 725 4618; x_wconf 90' lang='lat' dir='ltr'>cum</span> <span class='ocrx_word' id='word_1_521' title='bbox 761 4564 919 4619; x_wconf 88' lang='lat' dir='ltr'>esset</span> <span class='ocrx_word' id='word_1_522' title='bbox 948 4561 1122 4619; x_wconf 86' lang='lat' dir='ltr'>etiam</span> <span class='ocrx_word' id='word_1_523' title='bbox 1156 4561 1598 4621; x_wconf 83' lang='lat' dir='ltr'>versatissimus</span> <span class='ocrx_word' id='word_1_524' title='bbox 1620 4560 1681 4619; x_wconf 93' lang='lat' dir='ltr'>in</span> <span class='ocrx_word' id='word_1_525' title='bbox 1702 4581 1869 4638; x_wconf 87' lang='lat' dir='ltr'>grae-</span> <span class='ocrx_word' id='word_1_526' title='bbox 1927 4571 1995 4624; x_wconf 89' lang='lat' dir='ltr'>de</span> <span class='ocrx_word' id='word_1_527' title='bbox 2024 4571 2381 4639; x_wconf 87' lang='lat' dir='ltr'>processione</span> <span class='ocrx_word' id='word_1_528' title='bbox 2408 4588 2450 4624; x_wconf 84' lang='lat' dir='ltr'>s.</span> <span class='ocrx_word' id='word_1_529' title='bbox 2476 4570 2727 4641; x_wconf 85' lang='lat' dir='ltr'>Spiritus</span> <span class='ocrx_word' id='word_1_530' title='bbox 2763 4571 2933 4642; x_wconf 83' lang='lat' dir='ltr'>(inter</span> <span class='ocrx_word' id='word_1_531' title='bbox 2958 4570 3047 4631; x_wconf 81' lang='lat' dir='ltr'>Jo,</span> <span class='ocrx_word' id='word_1_532' title='bbox 3077 4572 3214 4626; x_wconf 88' lang='lat' dir='ltr'>Her-</span> 
     </span>
    </p>
   </div>
   <div class='ocr_carea' id='block_1_9' title="bbox 593 4641 2821 4728">
    <p class='ocr_par' dir='ltr' id='par_1_10' title="bbox 593 4641 2821 4728">
     <span class='ocr_line' id='line_1_80' title="bbox 593 4641 2821 4728; baseline 0.002 -21"><span class='ocrx_word' id='word_1_533' title='bbox 593 4667 795 4708; x_wconf 92' lang='lat' dir='ltr'>corum</span> <span class='ocrx_word' id='word_1_534' title='bbox 829 4649 1211 4725; x_wconf 86' lang='lat' dir='ltr'>opinionibus</span> <span class='ocrx_word' id='word_1_535' title='bbox 1257 4650 1657 4728; x_wconf 90' lang='lat' dir='ltr'>componendo</span> <span class='ocrx_word' id='word_1_536' title='bbox 1704 4652 1869 4726; x_wconf 88' lang='lat' dir='ltr'>operi</span> <span class='ocrx_word' id='word_1_537' title='bbox 1925 4643 2265 4711; x_wconf 82' lang='lat' dir='ltr'>genroether</span> <span class='ocrx_word' id='word_1_538' title='bbox 2313 4641 2681 4696; x_wconf 63' lang='lat' dir='ltr'>Monumenfa</span> <span class='ocrx_word' id='word_1_539' title='bbox 2719 4659 2821 4712; x_wconf 59' lang='lat' dir='ltr'>8¹·ss</span> 
     </span>
    </p>
   </div>
   <div class='ocr_carea' id='block_1_10' title="bbox 594 4739 1872 4815">
    <p class='ocr_par' dir='ltr' id='par_1_11' title="bbox 594 4739 1872 4815">
     <span class='ocr_line' id='line_1_81' title="bbox 594 4739 1872 4815; baseline 0.002 -18"><span class='ocrx_word' id='word_1_540' title='bbox 594 4739 682 4797; x_wconf 81' lang='lat' dir='ltr'>De</span> <span class='ocrx_word' id='word_1_541' title='bbox 711 4739 1055 4811; x_wconf 73' lang='lat' dir='ltr'>haeresibus,</span> <span class='ocrx_word' id='word_1_542' title='bbox 1109 4758 1256 4815; x_wconf 88' lang='lat' dir='ltr'>quas</span> <span class='ocrx_word' id='word_1_543' title='bbox 1290 4740 1486 4798; x_wconf 87' lang='lat' dir='ltr'>Graeci</span> <span class='ocrx_word' id='word_1_544' title='bbox 1536 4739 1601 4797; x_wconf 88' lang='lat' dir='ltr'>in</span> <span class='ocrx_word' id='word_1_545' title='bbox 1633 4739 1872 4800; x_wconf 76' lang='lat' dir='ltr'>Latinos</span> 
     </span>
    </p>
   </div>
   <div class='ocr_carea' id='block_1_11' title="bbox 596 4863 914 4871">
    <p class='ocr_par' dir='ltr' id='par_1_12' title="bbox 596 4863 914 4871">
     <span class='ocr_line' id='line_1_82' title="bbox 596 4863 914 4871; baseline 0 0"><span class='ocrx_word' id='word_1_546' title='bbox 596 4863 914 4871; x_wconf 95' lang='lat' dir='ltr'> </span> 
     </span>
    </p>
   </div>
   <div class='ocr_carea' id='block_1_12' title="bbox 672 4926 1692 4995">
    <p class='ocr_par' dir='ltr' id='par_1_13' title="bbox 672 4926 1692 4995">
     <span class='ocr_line' id='line_1_83' title="bbox 672 4926 1692 4995; baseline 0.005 -17"><span class='ocrx_word' id='word_1_547' title='bbox 672 4933 706 4995; x_wconf 82' lang='lat'>¹)</span> <span class='ocrx_word' id='word_1_548' title='bbox 737 4927 818 4981; x_wconf 75' lang='lat' dir='ltr'>‹ss.</span> <span class='ocrx_word' id='word_1_549' title='bbox 847 4926 1140 4981; x_wconf 85' lang='lat' dir='ltr'>Fabricius</span> <span class='ocrx_word' id='word_1_550' title='bbox 1167 4928 1261 4990; x_wconf 85' lang='lat' dir='ltr'>IV,</span> <span class='ocrx_word' id='word_1_551' title='bbox 1288 4931 1423 4987; x_wconf 78' lang='lat'>322:</span> <span class='ocrx_word' id='word_1_552' title='bbox 1452 4927 1544 4992; x_wconf 89' lang='lat' dir='ltr'>VI,</span> <span class='ocrx_word' id='word_1_553' title='bbox 1572 4931 1692 4983; x_wconf 74' lang='lat'>235.</span> 
     </span>
    </p>
   </div>
   <div class='ocr_carea' id='block_1_13' title="bbox 1927 4643 3216 4997">
    <p class='ocr_par' dir='ltr' id='par_1_14' title="bbox 1927 4643 3216 4997">
     <span class='ocr_line' id='line_1_84' title="bbox 2824 4643 3215 4698; baseline 0.008 -3"><span class='ocrx_word' id='word_1_554' title='bbox 2824 4658 2922 4696; x_wconf 89' lang='lat' dir='ltr'>eca</span> <span class='ocrx_word' id='word_1_555' title='bbox 2966 4643 3042 4696; x_wconf 86' lang='lat' dir='ltr'>ad</span> <span class='ocrx_word' id='word_1_556' title='bbox 3070 4643 3215 4698; x_wconf 87' lang='lat' dir='ltr'>Pho·</span> 
     </span>
     <span class='ocr_line' id='line_1_85' title="bbox 1927 4713 3216 4784; baseline 0.002 -18"><span class='ocrx_word' id='word_1_557' title='bbox 1927 4713 2073 4768; x_wconf 87' lang='lat' dir='ltr'>tium</span> <span class='ocrx_word' id='word_1_558' title='bbox 2099 4715 2339 4782; x_wconf 84' lang='lat' dir='ltr'>ejusque</span> <span class='ocrx_word' id='word_1_559' title='bbox 2367 4714 2666 4768; x_wconf 86' lang='lat' dir='ltr'>historiam</span> <span class='ocrx_word' id='word_1_560' title='bbox 2694 4713 3064 4784; x_wconf 80' lang='lat' dir='ltr'>pertinentia,</span> <span class='ocrx_word' id='word_1_561' title='bbox 3112 4714 3216 4769; x_wconf 84' lang='lat' dir='ltr'>Re·</span> 
     </span>
     <span class='ocr_line' id='line_1_86' title="bbox 1927 4784 3214 4868; baseline 0.002 -30"><span class='ocrx_word' id='word_1_562' title='bbox 1927 4786 2216 4868; x_wconf 77' lang='lat' dir='ltr'>gensburg</span> <span class='ocrx_word' id='word_1_563' title='bbox 2244 4789 2422 4856; x_wconf 77' lang='lat'>1869).</span> <span class='ocrx_word' id='word_1_564' title='bbox 2449 4785 2733 4840; x_wconf 87' lang='lat' dir='ltr'>Floruisse</span> <span class='ocrx_word' id='word_1_565' title='bbox 2760 4784 2976 4839; x_wconf 90' lang='lat' dir='ltr'>dicitur</span> <span class='ocrx_word' id='word_1_566' title='bbox 2995 4802 3102 4840; x_wconf 88' lang='lat' dir='ltr'>sec.</span> <span class='ocrx_word' id='word_1_567' title='bbox 3123 4787 3214 4849; x_wconf 82' lang='lat' dir='ltr'>IX,</span> 
     </span>
     <span class='ocr_line' id='line_1_87' title="bbox 1927 4856 3215 4925; baseline 0.001 -15"><span class='ocrx_word' id='word_1_568' title='bbox 1927 4863 2090 4925; x_wconf 76' lang='lat' dir='ltr'>juxta</span> <span class='ocrx_word' id='word_1_569' title='bbox 2134 4858 2276 4910; x_wconf 77' lang='lat' dir='ltr'>alios</span> <span class='ocrx_word' id='word_1_570' title='bbox 2319 4857 2556 4910; x_wconf 86' lang='lat' dir='ltr'>ineunte</span> <span class='ocrx_word' id='word_1_571' title='bbox 2583 4857 2703 4910; x_wconf 84' lang='grc' dir='ltr'>ΧΠ.</span> <span class='ocrx_word' id='word_1_572' title='bbox 2756 4857 2838 4911; x_wconf 84' lang='lat' dir='ltr'>Cf.</span> <span class='ocrx_word' id='word_1_573' title='bbox 2883 4856 3148 4911; x_wconf 86' lang='lat' dir='ltr'>Ehrhard</span> <span class='ocrx_word' id='word_1_574' title='bbox 3178 4859 3215 4911; x_wconf 93' lang='lat' dir='ltr'>l.</span> 
     </span>
     <span class='ocr_line' id='line_1_88' title="bbox 1929 4933 2173 4997; baseline 0.008 -15"><span class='ocrx_word' id='word_1_575' title='bbox 1929 4949 1974 4982; x_wconf 85' lang='lat' dir='ltr'>c.</span> <span class='ocrx_word' id='word_1_576' title='bbox 2005 4946 2057 4997; x_wconf 90' lang='lat' dir='ltr'>p.</span> <span class='ocrx_word' id='word_1_577' title='bbox 2089 4933 2173 4983; x_wconf 77' lang='lat'>79.</span> 
     </span>
    </p>
   </div>
  </div>
 </body>
</html>
