3475 5364
654 382 777 437 427
891 370 1262 423 1276—1300.
1287 365 1557 420 Historia.
1583 364 1857 432 Barthol„
1881 365 2150 431 Adamus,
2173 365 2384 429 Bruno‚
2402 364 2699 429 Henricus,
2716 363 3046 421 Ekkehard,
3163 379 3290 433 423

654 552 923 611 Scrittori
965 552 1041 621 11,
1089 561 1435 616 201--408
1484 571 1616 611 cum
1669 552 1937 611 versione
1991 552 2120 611 rius
2136 551 2308 610 urbis
2330 550 2702 619 coloniensi8‚
2736 550 2878 608 dein
2895 548 3200 625 parochus
3227 555 3282 606 et

652 641 810 700 itala.
845 673 929 684 —
961 641 1609 701 Bartholomaeus
1653 641 1727 699 de
1775 643 1934 701 Cot·
1992 641 2250 699 decanus
2296 660 2337 699 s.
2372 640 2609 716 Georgii
2640 638 2916 698 Coloniae
2963 636 3033 703 (1·
3077 636 3286 715 1299).

651 734 785 790 ton
817 730 972 791 OSB.
1003 730 1325 789 monachus
1356 730 1711 790 cathedralis
1736 728 1934 789 eccle·
1991 730 2234 789 metrice
2264 734 2468 788 narrat
2498 747 2620 787 non
2642 728 2771 787 sine
2791 728 3063 803 partium
3091 727 3292 785 studio

653 820 773 879 siae
820 819 1184 878 norvicensis
1235 816 1296 901 (†
1345 838 1390 878 c.
1446 816 1638 899 1298)
1692 819 1937 895 scripsit
1987 819 2213 878 'civium
2245 818 2499 877 dissidia
2546 836 2682 876 cum
2728 816 3199 892 archiepiscopis
3229 817 3290 873 in

653 910 958 967 historiam
1005 910 1372 983 anylicanam
1403 910 1458 967 ll.
1492 910 1548 968 3Δ
1585 908 1740 973 aba.
1779 918 1938 971 449-
1994 908 2160 967 Buch
2179 927 2296 968 von
2316 908 2422 966 der
2444 907 2617 966 Stadt
2634 906 2779 965 Coln
2805 903 3038 983 (1271)
3063 904 3290 962 editum

662 1006 847 1066 1298,
875 997 1044 1072 cujus
1076 998 1114 1055 l.
1158 1009 1206 1059 1.
1260 993 1398 1079 (etsi
1430 992 1938 1078 modo’repertus)
1993 997 2067 1056 ab
2099 998 2161 1055 E.
2196 1017 2248 1056 v.
2283 997 2500 1056 Groote
2530 996 2805 1055 Coloniae
2847 1004 3058 1061 1834;
3115 994 3192 1051 ab
3223 993 3292 1050 H.

655 1105 775 1145 non
796 1089 888 1144 est
908 1086 1259 1162 impressus;
1296 1096 1352 1148 2.
1373 1088 1444 1145 de
1463 1086 1702 1163 regibus
1721 1086 1936 1163 anglis,
1994 1086 2291 1145 Cardauns
2333 1086 2398 1144 in
2429 1084 2763 1144 Chroniken
2812 1084 2919 1142 der
2951 1082 3292 1141 deutschen

655 1175 814 1234 dacis
864 1178 925 1233 et
972 1175 1337 1244 normannis,
1389 1180 1450 1233 et
1498 1187 1551 1237 3.
1598 1175 1670 1234 de
1712 1175 1937 1233 archie-
1993 1176 2197 1237 Stsdte
2237 1184 2401 1238 1875
2425 1177 2470 1233 t.
2491 1173 2617 1232 XII.
2650 1206 2738 1217 —
2768 1171 3290 1231 Ekkehardus

655 1263 914 1341 piscopis
962 1267 1024 1322 et
1069 1264 1361 1341 episcopis
1406 1264 1657 1341 Angliae
1701 1263 1937 1341 prodie-
1985 1266 2070 1339 ju
2087 1265 2263 1323 nior
2303 1264 2485 1323 abbas
2530 1261 2926 1337 uraugiensis,
2976 1278 3110 1320 non
3156 1278 3288 1318 con-

654 1356 800 1412 runt
830 1353 985 1411 inter
1015 1372 1215 1412 rerum
1260 1353 1399 1412 brit.
1447 1353 1625 1412 medii
1677 1353 1808 1412 aevi
1842 1353 1936 1412 SS.
1992 1353 2333 1412 fundendus
2379 1370 2516 1428 cum
2562 1369 2670 1411 suo
2702 1350 3168 1426 praedecessore
3200 1368 3290 1407 ce-

654 1442 1057 1503 nglecurafl.
1078 1442 1239 1501 Rich.
1259 1441 1460 1501 Luard
1477 1441 1729 1501 Londini
1751 1451 1936 1513 1859;
1993 1442 2252 1514 lebriori,
2293 1442 2367 1500 de
2418 1460 2538 1517 quo
2582 1458 2771 1516 supra
2814 1459 2868 1515 p.
2907 1449 2991 1502 34
3029 1438 3292 1515 egimus,

656 1530 793 1589 hinc
823 1530 1221 1607 fragmentum
1241 1531 1504 1590 Annales
1520 1532 1782 1590 ecclesiae
1800 1550 1939 1590 nor-
1994 1531 2134 1590 hinc
2156 1533 2181 1607 j
2202 1531 2428 1590 unior
2458 1530 2674 1597 dictus,
2706 1529 2956 1604 reliquit
2975 1528 3292 1586 chronicon

656 1621 898 1678 vicensi-9
937 1615 1433 1702 (1042—1295)
1480 1622 1541 1678 et
1578 1622 1825 1679 historia
1869 1621 1941 1678 de
1993 1621 2428 1679 hildeshemense
2446 1620 2625 1678 breve
2644 1619 2719 1677 de
2738 1618 3043 1694 episcopis
3067 1615 3298 1675 hildes·

659 1709 934 1789 episcopis
983 1709 1406 1768 norvicensibus
1454 1728 1488 1766 a
1536 1710 1731 1785 prima
1782 1709 1940 1768 sedis
1997 1710 2394 1777 hemensibus,
2429 1708 2590 1786 quod
2622 1727 2657 1766 a
2687 1706 2875 1766 Caroli
2907 1707 2987 1764 M.
3021 1711 3290 1780 tempore

658 1797 1006 1856 fundatione
1051 1798 1122 1856 ad
1155 1817 1204 1856 a.
1245 1807 1408 1860 1299
1460 1798 1619 1874 apud
1652 1799 1942 1857 Wharton
1995 1798 2286 1876 pertingit
2330 1799 2403 1857 ad
2448 1817 2498 1856 a.
2553 1804 2738 1866 1280,
2789 1795 3114 1871 ediditque
3166 1794 3290 1851 Chr.

660 1886 724 1944 in
757 1886 977 1962 Anglia
995 1904 1157 1945 sacra
1187 1886 1231 1956 1,
1271 1895 1613 1951 397--412
1652 1906 1784 1946 cum
1803 1906 1941 1947 con·
1994 1890 2309 1947 Browerus
2361 1905 2494 1945 cum
2542 1886 2669 1944 vita
2718 1903 2763 1944 s.
2811 1883 3157 1944 Godehardi
3202 1901 3286 1957 ep.

658 1975 996 2034 tinuatione
1027 1976 1101 2034 ab
1133 1996 1182 2034 a.
1224 1986 1654 2040 1299—1449
1698 1980 1940 2035 auctore
1996 1976 2486 2035 hildeshemensis
2506 1975 2571 2033 in
2591 1993 2685 2050 op.
2721 1974 2936 2032 Sidera
2971 1968 3290 2031 illustrium

660 2064 942 2123 monacho
974 2064 1306 2123 norvicensi
1342 2084 1648 2141 anonymo,
1680 2065 1760 2123 ib.
1780 2075 1937 2128 413-
1997 2066 2364 2140 Germaniae,
2377 2064 2722 2141 Moguntiae
2743 2063 3008 2125 1616.in
3024 2060 3286 2131 43Leib·

670 2162 778 2223 173
827 2156 889 2211 et
933 2155 1207 2230 excerpta
1249 2155 1378 2213 etl.
1411 2155 1485 2212 Π.
1534 2149 1938 2234 (1279—98)
1995 2155 2227 2213 nitius
2252 2155 2411 2213 inter
2431 2154 2526 2212 SS.
2552 2152 2989 2211 rer.brunsv.1.
3020 2158 3288 2215 742·‘r4‚

660 2260 802 2301 cura
833 2243 1006 2300 Pertz
1035 2242 1100 2300 in
1129 2242 1255 2301 ΜΘ.
1283 2242 1940 2314 Ss.XXV111‚604-21.
1997 2278 2084 2289 —-
2128 2242 2624 2321 Raymundus
2674 2241 2747 2300 de
2793 2240 3284 2299 Medullione

659 2331 1099 2391 -'-Adamus
1131 2332 1941 2391 domerhamensisnar-
1997 2333 2281 2392 O.P1·aed.
2314 2351 2384 2391 ex
2415 2330 2639 2390 illustri
2671 2333 2733 2388 et
2767 2330 3024 2405 antiqua
3058 2326 3284 2387 Medul-

662 2422 759 2478 rat
788 2420 1102 2479 historiam
1135 2421 1566 2481 controversiae
1597 2422 1756 2480 inter
1787 2421 1940 2498 epis·
1996 2422 2227 2480 lionum
2276 2420 2390 2480 loci
2440 2420 2814 2479 dominorum
2862 2418 2926 2477 in
2980 2415 3288 2476 Provincia

664 2527 841 2585 copos
861 2509 1279 2568 bathonienses
1299 2514 1359 2568 et
1380 2510 1695 2569 monachos
1716 2510 1941 2587 glasto-

662 2598 901 2657 nienses
934 2598 1058 2656 sive
1090 2598 1400 2657 historiam
1439 2601 1507 2657 de
1538 2599 1706 2658 rebus
1730 2601 1940 2676 ylasio-

662 2688 954 2746 aiensibus
999 2684 1491 2769 (1192—1290)
1544 2689 1609 2747 in
1654 2689 1942 2747 wharton

662 2776 883 2853 Anglia
914 2776 1458 2846 sacra1‚578—81
1487 2799 1500 2846 3
1535 2778 1745 2838 Oxonii
1775 2787 1936 2841 1727

662 2865 751 2923 ed.
784 2866 1004 2924 Thema
1047 2866 1296 2925 Hearne.
1329 2901 1418 2911 —
1449 2866 1784 2926 Pretiosum
1833 2866 1940 2925 do-

662 2957 1009 3013 cumentum
1039 2974 1146 3030 pro
1176 2958 1338 3014 statu
1358 2956 1631 3015 ecclesiae
1646 2955 1939 3033 germani·

663 3061 762 3102 cae
795 3044 887 3102 sui
934 3043 1223 3119 temporis
1254 3048 1348 3104 est
1376 3046 1619 3120 epistola
1669 3046 1941 3103 Bruno-

663 3133 742 3191 ni
764 3150 790 3190 s
853 3131 925 3191 de
988 3133 1351 3192 Holstein
1402 3134 1659 3210 episcopi
1710 3135 1940 3192 olomu-

661 3221 852 3281 censis
887 3217 1288 3304 (1245—81)
1321 3223 1396 3281 ad
1428 3223 1778 3299 Gregorium
1799 3223 1864 3280 X.
1887 3222 1939 3279 d.

663 3311 716 3368 d.
751 3318 852 3374 16.
886 3311 1019 3369 Dec.
1061 3319 1223 3374 1273
1260 3314 1321 3369 et
1368 3313 1568 3370 relatio
1614 3312 1692 3369 ad
1713 3331 1943 3387 papam

662 3417 841 3475 super
888 3398 1286 3458 deliberandis
1339 3401 1403 3458 in
1453 3401 1718 3470 concilio,
1770 3402 1942 3476 plene

660 3488 819 3548 edita
867 3489 941 3547 ab
990 3488 1191 3548 Hofier
1228 3489 1687 3548 Denkschriften
1732 3488 1840 3548 der
1883 3489 1940 3546 k.

659 3578 835 3637 baier.
898 3577 1223 3636 Akademie
1284 3578 1388 3637 der
1437 3578 1788 3637 Wissensch.
1840 3578 1941 3636 XX

661 3663 837 3748 (Abh.
871 3667 976 3725 der
1007 3667 1143 3726 hist.
1177 3667 1256 3726 01.
1288 3667 1385 3727 IV.
1419 3667 1676 3726 Abtheil.
1716 3663 1779 3747 3)
1817 3668 1939 3726 Mo·

1998 2511 2186 2587 stirpe
2217 2514 2403 2579 satus,
2444 2509 2537 2569 vir
2581 2509 2772 2568 evasit
2801 2507 3171 2575 eruditione,
3205 2504 3281 2561 fa-

1996 2599 2234 2669 cundia,
2313 2596 2606 2675 regularis
2668 2596 3022 2672 disciplinae
3089 2592 3287 2654 studio

1997 2692 2058 2748 et
2102 2689 2164 2748 in
2208 2689 2454 2766 agendis
2499 2687 2816 2764 prudentia
2861 2687 3084 2746 clarus.
3133 2685 3283 2743 unde

1996 2778 2367 2854 praedicator
2397 2775 2692 2855 generalis
2736 2776 2799 2834 in
2844 2775 3116 2834 comitiis
3151 2789 3283 2830 suae

1996 2867 2333 2943 provinciae
2395 2866 2783 2925 renunciatus
2860 2869 2954 2922 est
3037 2863 3284 2938 aliisque

1994 2956 2344 3015 muneribus
2365 2955 2588 3016 ordinis
2620 2952 2924 3030 primariis
2957 2957 3196 3020 auctus,
3227 2955 3284 3007 et

1996 3064 2031 3103 a
2049 3045 2308 3104 comitiis
2323 3043 2703 3122 generalibus
2720 3042 3046 3103 Mediolani
3068 3039 3279 3100 habitis

1997 3154 2046 3192 a.
2106 3143 2266 3197 1278
2316 3152 2450 3193 cum
2502 3133 2541 3191 J
2543 3150 2734 3193 oanne
2781 3131 3074 3208 Vigoroso
3128 3128 3283 3189 able·

1995 3226 2173 3299 gatus
2204 3223 2268 3281 in
2300 3222 2578 3301 Angliam
2626 3240 2803 3291 ,cum
2854 3220 3273 3280 festinatione‘

1996 3311 2069 3370 ad
2084 3311 2534 3388 compescendas
2547 3310 2758 3370 turbas
2777 3313 2968 3369 motas
2990 3348 3019 3379 ,
3037 3310 3102 3367 in
3119 3325 3276 3366 scan-

1997 3401 2201 3460 dalum
2234 3401 2459 3460 ordinis
2480 3400 2553 3459 de
2573 3399 2815 3475 scriptis
2834 3418 2889 3457 v.
2911 3399 3007 3456 Fr.
3029 3399 3272 3456 'rhomae

1995 3490 2069 3548 de
2099 3490 2395 3566 Aquin0.‘
2444 3490 2812 3564 Assumptus
2858 3491 2952 3546 est
2983 3489 3273 3563 Raymun-

1997 3578 2108 3638 dus
2124 3599 2172 3637 a.
2193 3591 2217 3642 1
2233 3589 2311 3643 28
2327 3591 2350 3642 1
2372 3578 2680 3654 episcopus
2689 3577 3072 3652 vapincensis
3087 3570 3270 3657 (Gap)

1995 3668 2131 3726 inde
2174 3677 2335 3730 1289
2371 3669 2700 3726 translatus
2732 3666 2806 3724 ad
2825 3666 3029 3725 sedem
3061 3662 3274 3723 archie-

660 3756 855 3815 nachii
900 3765 1058 3820 1846
1108 3765 1458 3833 p-18-28
1512 3775 1644 3815 cum
1674 3756 1939 3814 illustra·
1995 3757 2355 3832 piscopalem
2417 3757 2886 3815 ebredunensem
2948 3749 3012 3836 (†
3071 3745 3270 3829 1294)

658 3845 823 3904 tione
867 3845 1106 3921 praevia
1155 3855 1386 3907 1—-17
1434 3879 1519 3889 —-
1550 3842 1940 3904 Henricus
1995 3847 2144 3904 Acta
2203 3847 2415 3922 synodi
2449 3840 2835 3922 provincialis
2878 3840 3270 3902 ebredunensis

659 3934 839 3992 abbas
873 3935 1217 3992 monasterii
1251 3953 1294 3993 s.
1310 3934 1587 3992 Eucharn
1606 3929 1938 4016 (Matthiae)
1995 3934 2185 3993 edidit
2213 3934 2523 3993 Martene
2508 3953 2572 3992 in
2603 3935 2750 3992 thes.
2784 3933 2983 3992 anecd.
3015 3939 3059 3989 t.
3083 3931 3176 3991 IV.
3192 3959 3265 3973 --

659 4023 1008 4081 trevirensis
1043 4024 1199 4084 OSB.
1245 4025 1463 4092 narrat,
1518 4024 1620 4082 sed
1661 4042 1780 4082 non
1813 4024 1941 4081 sine
1995 4025 2248 4082 Simon
2281 4025 2354 4083 de
2385 4024 2768 4082 Beaulieu
2799 4022 2894 4099 (de
2925 4022 3095 4080 Bello
3128 4017 3267 4094 1000)

659 4113 922 4187 partium
955 4111 1174 4181 studio,
1212 4112 1386 4170 Gesta
1418 4113 1659 4170 Henrioi
1688 4112 1938 4187 archiep.

658 4201 1008 4261 trevirensis
1040 4205 1101 4259 et
1121 4200 1468 4259 Theodorici
1499 4202 1729 4259 abbatis
1753 4219 1795 4259 s.
1817 4201 1939 4259 Eu-

657 4290 837 4349 charii
873 4286 1367 4373 (1259—1272)
1400 4290 1558 4348 inter
1589 4291 1768 4349 Gesta
1798 4290 1938 4349 Tre-

657 4378 920 4438 virorum
950 4379 1016 4438 in
1047 4379 1172 4438 MG.
1206 4378 1408 4449 XXIV,
1444 4387 1793 4442 414—453
1819 4398 1937 4438 cur.

658 4468 721 4527 G.
755 4468 1012 4538 waitz,
1060 4468 1158 4527 cui
1203 4487 1336 4528 mox
1368 4467 1488 4527 alia
1519 4468 1793 4544 opposita
1822 4468 1942 4527 fuit

655 4557 867 4616 relatio
898 4559 974 4616 ab
1005 4576 1297 4633 anonymo
1334 4554 1431 4638 (ab
1466 4577 1514 4615 a.
1546 4553 1935 4639 1247—88)‚

656 4666 834 4722 quam
875 4646 953 4705 ib.
988 4647 1165 4705 habes
1211 4667 1265 4722 p.
1303 4656 1670 4709 456—463.
1704 4679 1792 4691 —-
1825 4647 1938 4706 Gro-

655 4735 932 4794 defredus
980 4731 1292 4815 Hagen1)
1343 4735 1628 4812 magister
1674 4739 1734 4793 et
1767 4739 1937 4794 nota-

1996 4112 2321 4171 secundum
2355 4113 2556 4188 plures
2591 4112 2654 4172 Ο.
2689 4112 2848 4180 Cist„
2884 4111 3045 4188 quod
3079 4115 3264 4170 tamen

1994 4204 2085 4260 sat
2133 4201 2383 4260 dubium
2429 4205 2540 4270 est,
2587 4201 2873 4278 magister
2915 4196 3260 4276 parisiensis,

1994 4290 2440 4350 archidiaconus
2484 4289 2871 4350 carnotensis.
2921 4288 3061 4347 dein
3094 4288 3259 4364 picta-

1994 4379 2234 4449 viensis,
2268 4379 2508 4438 demum
2544 4374 2772 4458 (1281)
2806 4378 3259 4453 archiepiscopus

1993 4469 2394 4539 bituricensis,
2428 4468 2502 4526 ad
2532 4468 2904 4544 disciplinam
2937 4473 3258 4526 restauran-

1993 4558 2127 4616 dam
2177 4562 2436 4634 quatuor
2484 4557 2698 4615 habuit
2748 4556 3006 4634 synodos
3038 4553 3258 4632 provin·

1993 4647 2186 4716 cialeS,
2223 4651 2582 4722 strenueque
2601 4646 2874 4705 instituit
2905 4645 3255 4704 visitationes

733 4863 769 4924 ¹)
798 4855 879 4907 Cf.
908 4853 1155 4909 Kelleter
1194 4854 1260 4909 G.
1288 4853 1487 4922 Hagen
1531 4853 1647 4907 und
1691 4871 1733 4908 s,
1779 4852 1936 4906 Buch
1993 4852 2204 4906 Ztschr.
2232 4854 2323 4906 fiir
2350 4852 2549 4908 Gesch.
2578 4852 2695 4905 und
2724 4851 2933 4919 Kunst‚
2961 4851 3120 4905 Trier
3144 4841 3255 4903 xm

654 4942 767 4979 von
807 4925 906 4979 der
941 4925 1108 4979 stadt
1147 4923 1305 4987 coln,
1351 4924 1412 4977 in
1459 4924 1935 4977 Westdeutschon
1994 4929 2173 4995 (1894)
2201 4927 2511 4982 150—‘2182
2541 4923 2784 4977 Michsel
2813 4924 2907 4982 111,
2936 4928 3036 4980 381
3070 4939 3108 4976 s.
