3475 5364
141 404 245 456 533

1065 385 1373 440 Dum-udus
1397 402 1431 438 a
1458 404 1498 438 s.
1527 384 1829 439 Porciano.

2636 400 2758 454 534

136 571 454 630 custodiam
502 573 677 648 praxi
718 577 779 631 et
821 573 1083 631 inductis
1128 592 1250 632 non
1294 574 1419 631 sine
1474 571 1670 645 (Saint
1699 571 1990 647 Pourcain
2031 571 2094 629 in
2126 563 2462 648 Arvernia).
2526 569 2598 626 In
2645 567 2759 626 fide

139 660 419 721 sodalium
453 662 928 721 contradictione
971 663 1146 722 novis
1199 662 1417 721 eonsti-

137 750 465 808 tutionibus
502 746 691 831 (quae
723 755 925 826 postea
955 752 1028 810 ab
1063 751 1291 810 ordinis
1324 768 1415 810 co·

140 840 306 897 mitiis
338 845 662 898 revocatae
693 836 882 920 fuere)
935 841 1085 899 satis
1117 840 1416 899 laxaverit.

139 930 364 985 Praeter
409 930 842 987 commentaria
884 929 949 987 in
984 930 1041 987 ll.
1092 929 1412 988 sententia-

140 1037 257 1075 rum
315 1017 502 1092 plura
553 1018 671 1076 alia
718 1019 1056 1093 composuit
1105 1038 1299 1094 opera,
1349 1024 1421 1076 ut

144 1107 499 1181 quodlibeta,
536 1107 807 1181 postillas
849 1126 1029 1183 super
1061 1108 1415 1166 Psalterium

144 1200 194 1252 et
218 1214 304 1270 ep.
352 1195 431 1254 ad
483 1196 750 1265 Galatas,
802 1197 1233 1272 reportationes
1264 1197 1327 1254 in
1367 1209 1418 1258 1.

148 1304 222 1359 ep.
249 1284 318 1341 ad
352 1284 737 1352 Corinthios3
784 1304 962 1362 opera
992 1286 1418 1362 philosophica,

148 1374 199 1429 in
241 1373 467 1447 quibus
524 1373 748 1432 dicitur
799 1374 1132 1433 defendisse
1176 1375 1419 1434 atomis-

155 1481 309 1532 mum,
341 1481 411 1520 ex
448 1463 678 1538 quibus
722 1467 961 1522 tantum
1005 1464 1228 1539 prodiit
1271 1483 1420 1522 com·

156 1553 453 1609 memorius
484 1554 551 1610 in
591 1555 671 1610 10
704 1553 759 1609 ll.
781 1553 1121 1613 Ethicorum
1141 1556 1421 1612 Aristote-

164 1641 249 1713 112³,-
272 1639 545 1698 Venetiis
589 1648 784 1710 14883
829 1653 1010 1707 1500.
1045 1663 1079 1701 a
1110 1661 1226 1717 quo
1248 1661 1423 1718 opere

168 1728 325 1787 dietus
357 1734 455 1788 est
491 1730 754 1798 ,Doctor
784 1730 1082 1811 moralis.‘
1150 1731 1421 1790 Officium

173 1836 369 1892 quoque
383 1819 730 1894 composuit
745 1836 852 1894 pro
873 1820 1175 1879 sodalibus
1191 1821 1252 1879 in
1270 1821 1421 1879 festo

170 1924 227 1962 ss.
253 1907 604 1983 stigmatum
625 1926 669 1965 s,
690 1908 984 1969 Francisci
1005 1909 1305 1985 Seraphici
1321 1909 1422 1970 ad·

170 1994 464 2054 hibendum
480 1995 549 2077 ι).
604 2030 689 2040 -—
741 1997 850 2056 His
900 1998 1050 2057 adde
1102 2000 1268 2069 alios,
1321 1998 1425 2076 qui

171 2083 377 2156 quidem
424 2086 492 2143 in
543 2085 602 2143 11.
655 2088 1086 2147 sententiarum
1117 2088 1425 2163 scripsisse

171 2189 269 2230 non
294 2173 597 2250 leguntur,
643 2174 910 2253 insignes
950 2182 1150 2235 tamen
1182 2177 1426 2235 fuerunt

174 2260 416 2339 theologi,
483 2282 742 2338 quorum
802 2263 1030 2324 labores
1077 2270 1427 2325 manserunt

175 2349 370 2420 inediti,
464 2358 538 2412 ut
614 2351 955 2413 Joannes
1024 2356 1421 2415 <winchel-

179 2455 370 2498 saeus
418 2442 672 2518 Anglus,
703 2444 1041 2502 oxoniensis
1072 2444 1289 2514 doctor,
1324 2445 1427 2520 qui

179 2527 404 2587 novitius
443 2530 509 2589 Ο.
544 2534 598 2592 S.
632 2531 834 2590 Franc.
879 2533 1129 2592 decessit
1172 2528 1423 2616 (1326);

182 2614 613 2678 Franciscus
691 2621 860 2680 Toti
921 2622 994 2681 de
1055 2623 1300 2682 Perusio
1362 2624 1426 2681 in

186 2703 365 2766 Tuscia
418 2709 746 2785 inquisitor
806 2716 1010 2771 contra
1070 2713 1424 2772 haereticam

187 2798 514 2867 pravitatem,
567 2799 706 2859 dein
754 2801 1067 2877 episcopus
1127 2803 1425 2861 sarnensis

190 2877 394 2964 (1333),
424 2890 532 2962 qui
565 2888 745 2947 etiam
778 2889 1115 2965 disputavit
1134 2892 1207 2949 de
1227 2895 1425 2966 potes-

190 2973 287 3029 tate
311 2976 696 3036 ecclesiastica
727 2981 787 3036 et
820 2986 1027 3038 contra
1058 2980 1423 3039 Ludovicum

195 3058 461 3122 Bavarum.
509 3099 596 3108 —
645 3067 1035 3125 Martinus
1086 3068 1158 3127 de
1209 3069 1423 3127 Alve-

199 3148 345 3208 wick
374 3153 775 3223 Nerthumber
816 3156 1021 3215 doctor
1050 3161 1112 3216 et
1142 3158 1428 3234 magister

205 3235 475 3318 theologiae
537 3245 870 3304 oxoniensis
932 3241 995 3327 (†
1065 3244 1276 3325 1336).
1338 3234 1425 3288 2—

203 3322 230 3378 J
240 3343 264 3382 ο
279 3347 479 3390 annes
511 3333 583 3392 de
618 3334 806 3409 Ripa
856 3331 1068 3415 (Ripis)
1113 3336 1425 3412 theologus

204 3417 674 3488 nominatissimus,
707 3423 781 3481 de
813 3442 930 3498 quo
963 3424 1238 3502 legimus,
1290 3445 1424 3483 eum

206 3520 319 3566 »suo
345 3514 596 3587 tempore
640 3513 881 3571 nullum
932 3512 1212 3572 habuisse
1243 3514 1426 3572 verbo

207 3593 251 3646 et
286 3592 498 3672 ingenio
546 3602 854 3677 potiorem,
909 3605 977 3659 ut
1024 3603 1154 3678 ejus
1203 3603 1429 3678 scripta

206 3679 450 3745 testantur
481 3686 561 3772 (fl.
602 3685 895 3769 1325*).‹

278 3867 394 3927 275.
421 3866 581 3926 Inter
629 3869 937 3946 theologos
989 3869 1053 3928 Ο.
1087 3868 1290 3927 Praed.
1325 3870 1431 3927 hac

213 3949 381 4018 When
431 3954 941 4016 nominatissimus
1000 3960 1094 4016 est
1140 3959 1188 4017 G
1204 3959 1280 4016 ui
1300 3959 1318 4015 l
1335 3959 1430 4017 el-

215 4040 929 4122 mus(?)1)urandus2)
976 4068 1008 4105 a
1054 4065 1096 4105 s.
1150 4048 1430 4106 Porciano

274 4229 302 4292 ‘)
324 4226 390 4282 cf.
412 4232 575 4287 Jeiler
600 4233 715 4286 KL.
741 4234 808 4295 V,
837 4239 959 4290 374.

271 4299 302 4360 ²)
322 4301 391 4353 Ab
415 4305 514 4359 hoc
537 4305 821 4375 distingui
847 4306 1016 4359 debet
1053 4305 1264 4358 sodalis
1312 4306 1354 4357 D
1374 4323 1431 4358 u-

227 4369 437 4432 {andus
508 4377 575 4430 de

1475 663 1537 720 et
1588 659 1932 720 obedientia
1976 678 2255 719 romanae
2307 657 2602 716 Ecclesiae
2647 676 2760 716 nu-

1475 750 1660 808 tritus
1700 749 1946 824 J'uvenis
1996 751 2303 825 ingressus
2351 750 2444 805 est
2493 745 2758 804 ordinem

1477 858 1521 897 a.
1556 838 1845 897 Dominici
1893 841 1954 896 et
2003 838 2068 896 in
2114 838 2410 895 conventu
2458 854 2502 893 s.
2553 834 2761 893 Jacobi

1475 927 1791 1004 parisiensi
1800 927 2012 986 studiis
2024 925 2314 985 incubuit.
2328 923 2758 986 AClementeV.

1478 1017 1834 1076 Avenionem
1867 1037 1917 1075 a.
1959 1026 2122 1079 1313
2166 1019 2411 1073 vocatur
2442 1014 2627 1071 lector
2659 1031 2757 1071 cu-

1476 1107 1600 1165 riae
1631 1110 1694 1164 et
1723 1106 2011 1181 magister
2042 1123 2086 1163 s.
2121 1104 2354 1173 Palatii,
2403 1102 2509 1176 qui
2558 1108 2619 1159 et
2647 1102 2760 1160 ibi-

1476 1195 1608 1270 dem
1642 1213 1712 1253 ss
1764 1195 1969 1253 literas
2016 1194 2532 1268 interpretaretur.
2597 1190 2759 1249 Idem

1481 1283 1779 1360 praestitit
1823 1284 1936 1342 sub
1982 1283 2019 1341 J
2024 1301 2213 1342 oanne
2245 1280 2421 1339 XXII.
2469 1279 2761 1357 singulari

1476 1373 1773 1448 pontificis
1849 1372 2289 1447 approbatione,
2381 1370 2487 1444 qui
2564 1370 2760 1444 ipsum

1479 1483 1528 1520 a.
1577 1471 1734 1525 1318
1770 1461 1844 1519 ad
1878 1462 2072 1520 sedem
2095 1459 2450 1519 aniciensem
2472 1456 2578 1537 (Le
2599 1458 2759 1533 Puy-
2845 1525 2851 1533 ,

1477 1547 1800 1633 en-Velay)
1858 1550 2175 1626 promovit,
2227 1550 2365 1607 inde
2396 1567 2445 1605 a.
2490 1556 2652 1610 1326
2688 1546 2761 1605 ad

1476 1640 1840 1699 meldensem
1921 1639 2234 1698 transtulit
2312 1634 2372 1717 (†
2445 1648 2536 1699 10.
2601 1635 2759 1711 Sept.

1489 1725 1696 1811 1334).
1747 1728 1893 1798 ,Vir
1922 1728 2056 1797 fuit,
2091 1727 2291 1803 inquit
2336 1725 2622 1795 Quetif,
2670 1725 2761 1783 in·

1479 1819 1643 1895 genii
1692 1818 2058 1893 praestantia
2108 1817 2318 1885 clama,
2367 1814 2530 1873 omni
2574 1814 2763 1873 scien·-

1480 1908 1700 1966 tiarum
1765 1925 1978 1985 genere
2029 1907 2321 1974 excultus,
2367 1902 2591 1962 tenacis
2640 1921 2762 1961 me-

1482 1997 1716 2066 moriae,
1772 1996 1927 2054 facili
1972 1995 2275 2071 praeditus
2326 1993 2580 2067 eloquio,
2645 2010 2763 2066 quo

1481 2075 1626 2143 mire
1657 2103 1723 2144 ac
1753 2085 2009 2144 feliciter
2054 2084 2269 2143 mentis
2312 2085 2632 2157 conceptus
2665 2099 2761 2138 ex-

1481 2175 1804 2250 primebat:
1840 2174 1943 2232 sed
1961 2173 2066 2248 qui
2084 2173 2268 2231 tantis
2290 2170 2532 2229 dotibus
2553 2170 2761 2237 fretus,

1480 2263 1731 2339 privatis
1781 2264 1905 2321 suis
1949 2263 2138 2321 sensis
2182 2260 2434 2319 nimium
2480 2258 2762 2317 adhaesit.

1485 2352 1647 2412 Unde
1679 2352 1886 2412 relicta
1920 2371 2099 2426 quam
2129 2352 2193 2409 in
2222 2349 2436 2408 scholis
2467 2348 2766 2406 inhiberat

1482 2460 1523 2499 s,
1558 2442 1813 2500 Thomae
1845 2440 2129 2509 doctrina,
2175 2440 2283 2498 hoc
2313 2438 2479 2496 freno
2510 2437 2764 2495 coerceri

1481 2550 1600 2589 non
1632 2531 1880 2607 patiens,
1928 2530 2101 2606 genio
2148 2548 2209 2587 se
2257 2530 2456 2587 totum
2487 2526 2764 2602 permisit

1483 2628 1651 2678 su0.‘
1747 2619 1899 2677 Hinc
1959 2638 1993 2677 a
2053 2617 2479 2676 Trithemio
2543 2615 2765 2673 dicitur

1483 2709 1893 2785 ,Scriptorum
1926 2726 1969 2766 s.
2002 2709 2255 2767 Thomae
2286 2707 2541 2782 primum
2561 2705 2762 2763 defen-

1483 2817 1596 2867 sor,
1611 2803 1822 2874 postea
1831 2816 1969 2856 vero
1981 2797 2302 2856 acerrimus
2317 2797 2717 2872 impugnator.
2733 2802 2760 2830 ¹

1488 2888 1599 2946 Sed
1641 2906 1765 2945 non
1812 2887 2005 2945 solum
2049 2886 2294 2945 recessit
2338 2906 2372 2944 a
2422 2884 2688 2942 doctrina
2719 2901 2762 2940 s.

1481 2976 1750 3045 Thomae,
1798 2975 1902 3033 sed
1951 2995 1986 3033 a
2028 2974 2309 3051 pluribus
2339 2972 2573 3049 placitis
2607 2990 2762 3031 com-

1483 3064 1650 3123 muni
1697 3065 1929 3123 scholae
1979 3082 2275 3122 consensu
2329 3062 2583 3121 defensis
2635 3062 2761 3135 opi-

1483 3155 1730 3212 nionum
1749 3153 2144 3230 singularium
2166 3154 2481 3227 patronus:
2514 3150 2766 3226 ideoque

1483 3244 1904 3303 controversiis
1937 3246 1998 3300 et
2028 3241 2573 3318 oppugnationibus
2593 3258 2764 3315 prae-

1484 3519 1797 3590 positiones
1825 3535 1891 3571 ex
1921 3517 2178 3571 Durandi
2214 3517 2481 3588 operibus
2508 3520 2768 3584 exceptas

1484 3595 1779 3659 tamquam
1809 3609 1849 3643 s.
1878 3589 2126 3643 'rhomae
2153 3588 2466 3643 contrarias
2482 3586 2645 3655 quasi
2665 3603 2765 3655 pro

1488 3667 1663 3716 matre
1690 3664 1887 3714 contra
1929 3661 2107 3714 filium
2149 3659 2455 3730 prodigum
2500 3675 2767 3728 pugnans

1485 3733 1932 3859 asenias-
1964 3730 2767 3874 τώξὲεεξζῑὲξῖεῑςᾈῖῑῑε

1486 3894 1520 3929 a
1545 3876 1828 3931 Guilelmo
1861 3874 1906 3926 D
1924 3892 1960 3927 u
1978 3892 2006 3927 r
2022 3892 2055 3927 a
2070 3893 2108 3926 n
2125 3875 2161 3927 d
2178 3890 2210 3926 o
2237 3873 2551 3936 canonista,
2566 3872 2635 3925 de
2652 3889 2767 3939 quo

1487 3965 1660 4017 supra
1686 3965 1744 4016 p.
1769 3951 1874 4002 442
1903 3946 2151 4014 egimus:
2197 3948 2255 3999 et
2298 3946 2369 3997 ab
2413 3943 2527 3997 alio
2575 3942 2767 3996 Guil.

1488 4019 1730 4073 Duran
1754 4019 1848 4071 tis
1895 4017 2230 4089 (Dux-ando),
2276 4016 2449 4084 hujus
2490 4033 2552 4069 ex
2596 4015 2768 4067 fratre

1490 4094 1695 4160 nepote
1724 4089 1866 4142 etin
1895 4089 2228 4159 episcopatu
2257 4087 2532 4140 meldensi
2561 4103 2769 4139 succes-

1488 4161 1740 4228 sore,qui
1764 4161 1896 4214 hinc
1917 4161 1995 4229 ju
2016 4160 2086 4212 ni
2106 4175 2136 4211 o
2152 4176 2180 4211 r
2206 4159 2390 4211 dictus
2418 4161 2503 4212 est
2529 4163 2572 4228 (ψ
2591 4161 2766 4222 1328).

1487 4234 1577 4286 cui
1607 4232 1881 4288 tribuitur
1905 4232 1943 4286 l.
1982 4235 2044 4285 de
2071 4234 2219 4284 modo
2246 4234 2542 4284 celebrandi
2565 4232 2773 4282 com-ilii

1488 4308 1546 4358 et
1593 4302 1931 4370 corruptelis
1992 4303 2052 4355 in
2107 4301 2356 4356 Ecclesia
2393 4299 2770 4355 reformandis

663 4379 761 4429 Au
781 4375 1062 4430 reliaco
1143 4376 1430 4447 (Aurigae,
1482 4377 1646 4445 jussu
1697 4374 2006 4428 Clementis
2055 4374 2119 4426 V.
2168 4378 2231 4426 ut
2275 4374 2456 4426 fert-ur
2507 4372 2769 4440 scrithS,

227 4435 382 4518 Unllac
402 4449 602 4514 pariter
642 4448 702 4500 in
732 4448 999 4519 Avernia)
1027 4464 1055 4499 a
1088 4447 1431 4501 nonneniine
1490 4444 1758 4515 Lugduni
1801 4451 1933 4502 1531
1979 4445 2040 4498 in
2066 4450 2127 4501 8:
2171 4444 2404 4496 Parisiis
2445 4448 2583 4499 1545
2618 4444 2678 4495 in
2706 4447 2767 4496 δε

227 4499 397 4567 habitus
433 4519 799 4573 consobrinus
843 4519 1037 4583 nostri,
1083 4521 1142 4572 et
1181 4519 1326 4572 forte
1369 4520 1436 4571 ut
1490 4523 1625 4574 1671
1676 4521 1798 4575 etc..
1846 4518 1942 4570 sed
1988 4520 2055 4570 ut
2096 4515 2197 4569 alii
2235 4518 2503 4568 statuunt
2542 4514 2769 4567 nonnisi

231 4573 279 4653 ab
307 4597 355 4634 eo
387 4587 834 4659 distingueretur,
876 4589 1433 4644 Durandellus
1491 4606 1589 4658 per
1629 4605 1904 4645 errorem:
1945 4605 1978 4640 a.
2007 4588 2358 4640 Durando
2401 4587 2768 4652 Campano

232 4641 999 4730 ‘¹¹⁰t11⁸‚ejussuppar(fl.1334),
1022 4661 1333 4729 quicontra
1351 4662 1432 4730 ip·
1489 4664 1551 4715 0.
1604 4659 1741 4712 Min.
1782 4665 1829 4730 (ψ
1869 4676 1915 4712 c.
1962 4663 2118 4722 1340)
2181 4658 2412 4728 reginae
2467 4657 2688 4709 Galliae
2739 4673 2770 4706 a

233 4727 1435 4801 ffimtamquamcorruptoremThomaeedidit
1489 4731 1958 4793 confessionibus,
1997 4731 2161 4797 cujus
2201 4730 2513 4783 laudantur
2540 4745 2685 4796 opus
2709 4727 2770 4777 iu

236 4805 486 4871 mummia,
512 4820 657 4872 quae
693 4803 903 4872 excipit
929 4804 989 4856 in
1018 4804 1214 4857 eodem
1243 4805 1432 4857 codice
1486 4809 1537 4858 4.
1559 4802 1987 4865 sententiarum,
2010 4803 2241 4855 Summa
2274 4801 2512 4869 pulchra
2541 4799 2608 4851 de
2635 4797 2770 4850 casi-

237 4875 529 4949 cofrectyrium
592 4881 936 4943 corruptorii,
987 4875 1056 4928 de
1109 4892 1241 4941 quo,
1295 4893 1432 4928 num
1488 4876 1594 4928 bus
1633 4872 2029 4934 conscientiae,
2071 4877 2127 4926 et
2161 4872 2524 4925 directorium
2561 4869 2770 4922 coufes-

241 4931 357 4991 em¹11
375 4946 532 5012 ipsius
557 4946 649 5011 sit,
677 4946 995 5002 dubitatur.
1041 4947 1280 5000 Strenue
1310 4963 1432 5016 pro·
1490 4963 1696 5002 sorum.
