3475 5364
163 359 295 414 533
719 343 919 400 Daniel
945 346 1015 399 de
1041 344 1320 407 Taurisio,
1348 344 1602 412 Bictwel,
1632 347 1798 400 Conr.
1827 344 1896 398 de
1924 345 2282 416 Megenberg.
2692 366 2818 419 63⁴

159 529 471 590 buuntur
498 533 551 590 ei
581 532 808 591 inedita
821 529 887 613 ¹),
919 532 1075 591 inter
1104 551 1257 608 quae
1287 532 1480 591 versio
1533 551 1618 609 ge
1636 532 1880 609 nberg
1928 528 2372 613 (Madgenberg‚
2407 533 2819 610 Maydenberg,

167 637 213 679 s.
264 618 630 697 Scripturas
679 622 743 679 in
792 621 1061 699 linguam
1111 622 1477 681 hibernicam
1536 621 1854 699 Mainburg
1898 622 1971 680 de
2016 625 2217 680 monte
2247 619 2612 702 puellarum)
2656 623 2821 681 Pari-

167 701 311 787 (ned
346 714 597 768 tantum
643 731 712 769 ex
747 706 1135 791 conjectura),
1180 729 1473 769 commen·
1533 711 1650 769 sios
1682 709 1834 769 adiit
1865 710 2205 785 studiisque
2251 710 2415 769 dedit
2460 730 2712 788 operam,
2761 719 2823 769 et

166 798 332 857 turia
366 799 442 858 in
469 801 530 857 n.
565 801 1019 870 sententiarum,
1053 801 1115 858 in
1140 800 1475 877 Evangelia,
1536 800 1864 876 magisterii
1896 801 2107 859 laurea
2138 799 2354 875 adepta
2385 800 2606 860 ibidem
2641 801 2820 860 etiam

168 886 305 946 vit-
355 907 413 946 ε.
455 889 685 947 abbatis
719 890 1014 949 Manchini
1061 885 1189 971 (qui
1238 889 1388 949 vixit
1427 909 1476 948 a.
1533 910 1584 950 a.
1608 898 1643 952 8
1676 907 1720 947 s.
1753 889 2109 966 theologiam
2132 888 2349 948 docuit.
2382 889 2664 948 Reduxin
2681 891 2822 948 Ger-

176 972 345 1056 640)
384 981 493 1037 etc.
534 1013 624 1021 —
657 980 1112 1054 Responsionem
1146 978 1221 1037 ad
1253 997 1478 1038 errores
1534 979 1792 1037 maniam
1808 978 2068 1037 Viennae
2098 978 2162 1037 in
2189 978 2385 1038 schola
2399 978 2474 1037 ad
2494 997 2537 1040 s.
2571 978 2819 1055 Stepha-

175 1067 472 1126 Armenis
512 1068 819 1143 impositos
864 1073 1129 1145 tempore
1171 1067 1474 1128 Benedicti
1533 1087 1677 1127 num
1711 1069 1918 1128 docuit
1959 1066 2130 1143 eique
2161 1072 2355 1127 rector
2386 1068 2659 1144 praefuit.
2709 1069 2820 1126 Ra-

177 1155 317 1213 m.
338 1157 679 1231 composuit
713 1157 990 1216 Daniel
1022 1156 1094 1216 de
1114 1157 1477 1216 'l'aurisio
1531 1157 1800 1216 tisbonae
1861 1175 2055 1216 coram
2119 1157 2290 1215 altari
2365 1175 2410 1218 s.
2473 1157 2724 1216 Erhardi
2789 1178 2823 1218 a

179 1243 251 1303 0.
308 1246 453 1304 uin.
500 1248 817 1314 Armenus,
882 1248 1065 1306 lector
1111 1250 1172 1305 et
1220 1246 1476 1304 vicarius
1532 1247 1735 1305 morbo
1782 1246 2092 1306 articulari
2137 1250 2381 1305 sanatus
2428 1246 2820 1323 gratitudinis

182 1334 451 1394 fratrum
494 1335 559 1395 Ο.
607 1337 745 1394 Min.
793 1336 858 1394 in
903 1335 1180 1394 Armenia
1224 1335 1477 1394 existen·
1533 1354 1671 1412 ergo
1703 1336 1887 1411 hujus
1935 1335 2126 1394 sancti
2160 1339 2334 1394 vitam
2366 1336 2622 1412 scripsit,
2670 1355 2821 1411 quae

181 1422 378 1492 tium,
423 1425 671 1483 nuncius
704 1445 739 1484 a
769 1424 961 1484 Leone
995 1425 1307 1484 Armeniae
1338 1444 1476 1502 rege
1531 1428 1774 1501 recepta
1804 1428 1899 1484 est
1931 1425 1995 1483 in
2028 1428 2161 1484 acta
2192 1425 2291 1486 SS.
2342 1434 2397 1488 8.
2430 1425 2562 1483 Jan.
2615 1427 2655 1496 l,
2696 1434 2809 1487 541

187 1511 269 1569 ad
319 1512 698 1573 Benedictum
744 1514 889 1582 xu„
944 1532 1169 1574 necnon
1222 1514 1296 1573 ab
1346 1515 1476 1590 ejus
1530 1524 1725 1576 ——46.
1762 1513 2057 1573 Substitit
2085 1514 2195 1573 illa
2225 1515 2289 1572 in
2320 1514 2469 1572 urbe
2489 1533 2821 1592 magnoque

192 1619 532 1662 successore
551 1603 840 1673 Gnidone,
874 1622 1103 1664 necnon
1122 1623 1157 1661 a
1175 1603 1476 1663 Catholico
1531 1603 1735 1662 fructu
1758 1604 2138 1663 concionatus
2172 1607 2265 1662 est
2295 1605 2355 1662 et
2388 1603 2579 1663 factus
2599 1603 2821 1663 ibidem

193 1691 525 1767 ceterisque
542 1693 835 1768 episcopis
850 1693 1107 1752 armenis
1127 1693 1198 1751 ad
1216 1692 1476 1751 Clemen·
1532 1693 1824 1768 plebanus
1854 1692 1929 1751 ad
1961 1710 2005 1753 s.
2029 1692 2385 1762 Udalricum,
2418 1696 2547 1751 tum
2580 1693 2820 1752 canoni·

196 1785 332 1837 tem
377 1779 468 1843 VI.
507 1782 747 1840 missus.
794 1781 1038 1841 Crestus
1082 1784 1175 1840 est
1218 1801 1268 1844 a.
1310 1790 1474 1844 1346
1533 1800 1652 1841 cus.
1700 1783 1915 1859 Magna
1960 1784 2087 1840 erat
2126 1782 2285 1859 apud
2330 1801 2533 1841 omnes
2565 1783 2821 1841 auctori-

203 1869 663 1946 archiepiscopus
683 1871 1012 1930 bostrensis
1044 1872 1108 1929 in
1129 1871 1344 1929 Arabia
1376 1889 1473 1929 su·
1533 1876 1688 1931 tate:
1736 1871 1877 1930 hinc
1908 1871 1971 1930 in
2003 1887 2181 1930 causa
2212 1871 2557 1931 monasterii
2603 1891 2644 1930 s.
2680 1871 2817 1929 Em·

203 1959 445 2032 periore.
488 1959 630 2036 Ejus
663 1961 970 2036 responsio
1010 1960 1237 2037 legitur
1268 1977 1478 2019 secun·
1535 1961 1777 2020 merami
1808 1959 2173 2019 Avenionem
2219 1960 2292 2019 ad
2337 1960 2674 2035 pontificem
2708 1961 2822 2018 fuit

209 2046 355 2105 dum
380 2047 672 2125 Sbaraglia
716 2050 780 2108 in
825 2050 999 2125 ampl.
1046 2049 1175 2109 coll.
1208 2051 1476 2108 veterum
1533 2050 1756 2108 missus
1777 2044 2007 2132 (1357)
2040 2068 2292 2124 eamque
2323 2050 2473 2107 bene
2493 2050 2823 2124 composuit

210 2136 552 2212 scriptorum
581 2142 644 2197 et
673 2156 935 2202 monum.
984 2140 1244 2197 Martene
1276 2143 1338 2197 et
1359 2139 1477 2197 Du·
1535 2135 1595 2221 (†
1656 2150 1750 2202 14.
1813 2140 1953 2214 Apr.
2029 2147 2145 2202 137
2157 2144 2238 2213 4).
2318 2137 2502 2207 Quam
2568 2138 2822 2212 plurima

210 2225 378 2282 randi
407 2225 524 2294 VII,
559 2237 928 2291 313-413,
1534 2228 1787 2303 scripsit,
1821 2247 2076 2303 quorum
2097 2246 2216 2286 non
2235 2228 2428 2286 multa
2446 2227 2820 2304 prodierunt:

311 2377 437 2467 3².⁵‘
468 2368 627 2445 Opus
655 2370 959 2446 egregium
991 2370 1275 2429 adversus
1297 2369 1479 2444 hujus
1535 2316 2823 2484 ξξταὴῗεῑῗὶὰνῖχνέξΐζεῇξὲζέἰῗιζ

219 2457 393 2514 mh
436 2461 739 2518 ¹²⁰V⁸¹³⁰re⁸
787 2458 956 2519 ‘1⁰⁸⁰‘
1007 2460 1079 2518 do
1125 2459 1478 2518 P⁰lli³⁰⁰
1535 2495 1727 2554 edidit
1747 2496 2059 2555 Gretserus
2092 2497 2250 2554 inter
2282 2494 2598 2570 scriptores
2621 2504 2824 2553 contra

219 2541 304 2625 (p.
337 2541 474 2629 486)
508 2553 562 2606 et
612 2548 705 2607 Jo.
756 2547 1039 2649 violes
1084 2548 1478 2650 potissimum’
1535 2588 1755 2643 sectam
1786 2585 2212 2654 waldensium,
2263 2583 2612 2659 Ingolstadii
2655 2594 2818 2646 16¹3

220 2635 667 2697 wdetadverws
690 2637 1478 2715 R¹⁰h⁸1d¹²¹¹¹pr¹m⁸t0m
1533 2673 1598 2733 in
1633 2686 1704 2746 4;
1739 2674 1917 2733 etiam
1951 2674 2016 2733 in
2046 2673 2190 2734 bibl.
2226 2674 2334 2732 PP.
2369 2673 2531 2751 lugd.
2567 2677 2608 2732 t.
2645 2672 2817 2732 xxv.

222 2726 613 2786 armachanam
632 2729 914 2804 opposuit
929 2747 1034 2804 pro
1052 2728 1300 2786 fratrum
1318 2746 1479 2785 men·
1538 2775 1698 2833 3103
1747 2782 1979 2823 carmen
2014 2764 2365 2840 inscriptum
2408 2765 2678 2839 planctu,
2708 2764 2820 2822 Ec-

225 2811 517 2875 dioeminm
554 2817 799 2892 juribus
846 2817 1228 2919 Henficus
1275 2817 1322 2874 B
1339 2816 1476 2874 ict'
1534 2855 1736 2911 clasiae
1768 2853 1833 2911 in
1864 2853 2178 2912 Germania
2208 2852 2508 2912 occasione
2541 2852 2821 2911 tristissi-

228 2902 352 2960 ἘΙ
377 2903 434 2962 0·
464 2906 575 2974 Pr*
620 2907 856 3006 Ansslus
892 2908 961 2964 ω’
991 2906 1246 3007 ”fletur’
1295 2924 1326 2963 θ
1358 2923 1478 2981 quo
1533 2962 1662 3001 mae
1692 2941 2054 3002 conditionis
2088 2942 2378 3002 Ecclesiae
2409 2944 2673 3018 tempore
2705 2942 2821 2999 Lu-

229 2991 526 3067 fngmenta
572 2996 802 3071 proh„
847 2994 1092 3054 addumt
1138 2993 1479 3071 Baymldus
1533 3032 1729 3090 dovici
1779 3032 1989 3090 Bavari
2005 3027 2069 3111 ¹),
2115 3033 2285 3108 cujus
2335 3031 2568 3106 aliquot
2616 3049 2822 3090 versus

231 3081 289 3137 in
317 3083 426 3140 suis
453 3084 636 3148 annal
681 3084 756 3143 ad
806 3104 853 3143 a
902 3093 1055 3147 ¹321
1097 3103 1155 3145 ¹³·
1192 3093 1271 3145 20
1308 3101 1383 3144 ⁸⁸·
1419 3088 1480 3141 ‘³‘
1533 3120 1723 3178 edidit
1756 3120 1951 3180 nabbe
1986 3120 2048 3178 in
2082 3120 2223 3179 bibl.
2258 3139 2429 3180 mser.
2465 3141 2519 3196 p.
2561 3130 2713 3185 235:
2746 3126 2820 3179 tr.

242 3178 384 3234 1358
413 3190 465 3235 n.
496 3184 550 3236 6.
600 3208 683 3217 —
730 3168 1194 3255 conradu82)
1242 3174 1311 3231 ‘¹⁰
1344 3172 1477 3231 ΜΘ·
1532 3210 1601 3267 de
1631 3211 1887 3268 electione
1918 3210 2116 3268 Caroli
2148 3210 2257 3268 IV.
2306 3210 2433 3268 sive
2466 3215 2538 3268 tr.
2586 3229 2692 3285 pro
2724 3228 2820 3268 ro-

1534 3318 1708 3358 mana
1721 3299 1983 3357 Ecclesia
2015 3303 2075 3357 et
2090 3300 2367 3374 pontifice
2382 3298 2613 3359 Joanne
2644 3296 2821 3357 XXII.

304 3340 428 3409 ⁸)cf.
466 3343 655 3398 Gesch.
702 3344 803 3397 der
847 3343 1099 3412 Vulgata
1145 3362 1200 3413 p.
1245 3349 1350 3400 293
1375 3360 1478 3400 ss.:
1854 3389 1865 3399 .
2528 3389 2540 3401 .

235 3409 419 3466 Zenncr
473 3416 736 3469 Zeitschr.
799 3414 894 3468 fur
952 3415 1008 3468 k.
1073 3414 1269 3469 Theol.
1320 3419 1478 3477 1891,
1533 3384 2818 3470 c0¹¹¹¹⁹²³G³¹1¹Loelfflm(1354)⁹0U.]¹¹Sargu·

234 3484 419 3565 350&
444 3487 537 3554 qui
564 3490 859 3556 segmenta
897 3487 1008 3539 huc
1049 3490 1233 3556 specta
1245 3487 1366 3540 ntia
1405 3486 1477 3540 ad
1531 3480 1800 3535 mentum
1831 3478 2068 3535 exhibet
2089 3478 2285 3536 Hofler
2316 3478 2380 3535 in
2400 3477 2687 3535 Abhandl.
2718 3476 2823 3533 der

234 3553 446 3612 oedloem
471 3575 574 3612 sec-
602 3564 687 3615 14·
716 3557 1018 3612 emendam
1044 3557 1334 3629 proponis·-
1531 3567 1726 3625 bohm.
1762 3566 2076 3625 Gesellsch.
2119 3566 2226 3623 der
2257 3565 2682 3624 Wissenschaft
2712 3583 2821 3622 ser.

236 3628 426 3750 copes·
467 3629 654 3711 oudin
703 3629 797 3692 ω’
844 3634 1000 3694 1030*
1052 3629 1153 3697 qni
1187 3628 1478 3731 ‘Plurimoe
1540 3656 1612 3714 VI
1631 3676 1689 3731 p.
1714 3666 1994 3723 29-31,
2032 3656 2256 3733 Pragae
2298 3663 2491 3721 1868;
2526 3656 2594 3712 de
2624 3662 2820 3713 tram·

316 3715 399 3752 um
443 3701 656 3755 codices
709 3704 975 3755 recenset.
1035 3700 1272 3754 Causam
1329 3718 1479 3754 men-

236 3766 510 3826 dicentium
559 3772 820 3826 defendst
880 3771 1214 3842 Rogerug
1266 3771 1478 3826 Cone,
1533 3746 1743 3803 latione
1760 3747 2016 3820 imperii,
2038 3746 2208 3820 cujus
2231 3744 2568 3821 fragmenta
2587 3743 2822 3801 exhibet

236 3855 276 3888 v
289 3856 317 3892 a
330 3841 346 3907 i
361 3858 394 3894 u
408 3860 431 3895 s
455 3843 761 3915 (Conovay,
779 3843 1043 3912 Conway,
1063 3843 1334 3898 Chonuoe
1351 3847 1477 3914 etc.)

237 3908 287 3965 Ο.
311 3911 429 3966 Μία.
465 3914 653 3985 patria
694 3915 1068 3977 cambrensis,
1116 3916 1314 3971 doctor
1353 3932 1478 3970 oxo-

237 3981 429 4048 niensis,
455 3986 759 4057 primarius
787 3986 1108 4057 theologiae
1126 3987 1407 4056 professor
1423 3989 1482 4039 et
1534 3988 1656 4056 ejus
1685 3986 2022 4041 orthodoxia
2062 3987 2121 4039 in
2163 3986 2404 4040 dubium
2448 3986 2560 4039 fuit
2604 3988 2821 4041 vocata.

238 4054 523 4120 provinciae
573 4058 936 4129 praepositus
981 4063 1028 4128 (ἢ
1070 4063 1227 4128 1360)
1279 4058 1341 4110 in
1384 4076 1477 4128 op.
1535 4057 1788 4113 Decessit
1844 4076 1974 4113 vero
2018 4062 2068 4115 8.
2122 4056 2249 4111 Dec.
2301 4062 2457 4120 1369,
2511 4060 2820 4125 antequam

239 4128 464 4194 Confessio
520 4139 566 4182 et
624 4134 975 4198 pulchritudo
1049 4149 1153 4198 pro
1212 4133 1480 4197 fratribus
1534 4146 1704 4183 causa
1747 4130 1956 4184 Romae
1999 4129 2278 4184 finiretur.
2330 4130 2411 4183 Cf.
2459 4128 2683 4181 Luksch
2714 4129 2823 4184 KL.

236 4202 398 4251 contra
424 4201 860 4265 Armachanutn,
887 4218 1004 4255 una
1030 4218 1159 4255 cum
1185 4201 1360 4268 hujus
1386 4218 1478 4270 op.
1534 4202 1682 4263 vssv,
1710 4206 1831 4261 966.
1887 4201 1966 4255 De
1995 4205 2187 4256 nostro
2215 4201 2286 4254 cf.
2315 4199 2718 4253 Braunmfiller
2742 4199 2818 4254 ib.

237 4266 361 4322 odito
405 4270 625 4326 Parisiis
679 4278 848 4333 1511:
900 4276 1071 4331 1625:
1125 4276 1262 4329 1632
1312 4276 1372 4326 et
1419 4272 1479 4326 in
1534 4293 1588 4342 p.
1632 4277 1740 4329 955
1766 4290 1867 4327 ss.:
1922 4272 2145 4326 Diemer
2192 4272 2683 4341 Sitzuugsbericht
2725 4271 2826 4324 der

240 4337 454 4395 Goldasti
512 4344 874 4398 monarchiae
926 4345 992 4408 11,
1033 4348 1330 4401 nlo-40.
1395 4344 1477 4399 Cf.
1534 4344 1892 4415 philos.·hist.
1921 4343 2106 4398 Classe
2135 4344 2233 4397 der
2260 4343 2316 4398 k.
2334 4343 2441 4397 Ak.
2464 4343 2562 4396 der
2579 4342 2823 4395 Wissen·

242 4406 376 4465 nich.
416 4430 447 4466 a
489 4432 528 4470 s.
568 4415 785 4484 ,loseph
827 4415 910 4468 Bi.
937 4414 1062 4470 crit.
1092 4414 1184 4479 IV,
1211 4420 1297 4477 68,
1342 4431 1478 4485 prae
1534 4416 1646 4469 sch.
1677 4417 1798 4479 Vll,
1828 4420 1895 4471 76
1922 4433 1991 4470 ss.
2039 4420 2174 4472 18:31
2223 4418 2280 4468 et
2324 4415 2511 4469 kleine
2557 4414 2822 4484 Beitriige

245 4482 400 4548 primis
427 4484 614 4540 Felten
644 4486 758 4541 KL.
787 4486 851 4549 X,
881 4490 1167 4543 1174-80
1193 4489 1250 4540 et
1275 4486 1479 4539 Belles·
1537 4505 1637 4540 zur
1676 4487 1775 4542 alt.
1818 4486 2130 4541 deutschen
2173 4486 2438 4556 Sprache,
2479 4486 2553 4540 ib.
2596 4490 2752 4543 1851.
2786 4487 2820 4547 1,

243 4551 360 4607 heim
384 4556 570 4612 Gesch.
596 4557 701 4612 der
726 4556 1189 4612 k.Kirchein11-1.
1211 4559 1477 4622 Lbsoso.
1533 4562 1779 4617 60—76;
1845 4557 2065 4612 Riezler
2129 4559 2279 4628 Allg.
2331 4558 2384 4612 d.
2437 4558 2623 4628 Biogr.
2678 4556 2821 4617 XVl,

298 4630 332 4695 ²)
355 4626 503 4683 Alius
539 4630 611 4682 ab
652 4645 717 4684 eo
758 4631 846 4683 est
879 4629 1003 4698 ejus
1027 4629 1287 4696 aequalis
1315 4636 1480 4683 Con·
1534 4634 1836 4687 648—650.

245 4697 425 4772 fadus
461 4716 580 4754 can.
623 4717 741 4771 reg.
789 4699 1063 4755 canoniae
1090 4700 1480 4755 Waldhausen
1630 4710 1662 4765 ¹)
1728 4700 1808 4754 De
1871 4701 1977 4753 hoc
2039 4702 2288 4755 carmine
2351 4700 2536 4753 fusius
2598 4699 2825 4751 disserit

247 4770 518 4835 mAustria,
537 4773 1044 4826 concionatoracer
1057 4775 1253 4826 contra
1269 4773 1480 4826 abusus
1536 4774 1784 4826 Grauert
1808 4772 1939 4826 hist.
1966 4771 2162 4826 Jahrb.
2190 4772 2343 4824 XXII
2361 4775 2557 4843 (1901).
2576 4774 2823 4826 631-687.

247 4834 508 4918 irrepentes
557 4844 617 4896 in
672 4844 859 4896 varios
910 4842 1208 4897 hominum
1260 4844 1479 4903 classes,
1535 4847 1937 4913 argumentum
1970 4843 2198 4896 exhibet
2230 4844 2469 4912 ejusque
2516 4840 2822 4895 editionem

248 4910 376 4966 eham
400 4914 457 4966 in
482 4915 708 4969 ordines
755 4914 1161 4979 mendicantes,
1210 4915 1361 4968 unde
1391 4915 1480 4968 vel
1536 4914 1847 4969 lectoribus
1876 4914 2181 4985 promittit.
