3475 5364
519 332 628 385 131
652 333 673 385 1
752 319 1121 372 1521—1540.
1138 315 1492 370 Psalmorum
1513 315 1869 384 interpretes.
1894 317 1924 369 J
1931 331 1980 371 0.
2010 301 2356 385 Campensis,
2376 316 2550 379 Sauli,
2569 314 2884 378 LusciniuS,
2959 332 3123 384 1312

509 521 702 560 mones
748 504 1117 561 dominicales
1167 520 1348 577 super
1396 503 1677 578 epistolas
1726 505 1790 560 et

507 592 815 667 evangelia
846 611 942 667 pp.
982 601 1035 661 2,
1087 591 1323 650 Parisiis
1364 601 1548 655 1529.
1589 601 1786 661 153ος

520 679 680 741 1534
702 702 715 751 ;
750 680 1015 739 Venetiis
1043 691 1159 742 157
1173 689 1235 742 8:
1273 699 1572 740 sermones
1593 682 1663 739 de
1681 682 1787 739 ad-

507 777 673 828 ventu
719 770 975 840 Domini,
1024 770 1265 828 Parisiis
1315 780 1515 841 15203
1588 779 1786 839 15:363

508 861 788 933 expositio
833 859 1030 918 brevis
1076 864 1138 917 et
1188 860 1488 918 succincta
1519 861 1786 934 epistola-

507 967 643 1007 rum
705 949 1289 1026 quadraqesimalium
1310 944 1373 1028 ¹),
1452 948 1527 1005 ib.
1603 958 1786 1010 1511.

1843 502 1990 561 duni
2033 510 2214 564 1540.
2248 501 2406 559 Num
2428 500 2622 576 ipsius
2652 500 2744 560 vel
2765 501 3013 559 alterius
3029 499 3125 563 Jo.

1844 591 2185 666 Campensis
2231 591 2311 649 sit
2356 590 2882 648 Commentariolus
2931 592 2992 647 in
3040 607 3124 665 ep.

1844 679 2017 739 Pauli
2048 681 2126 738 ad
2157 681 2452 738 Romanos
2482 686 2533 736 et
2562 680 2826 749 Galatas,
2865 678 3125 737 Venetiis

1853 779 2016 832 1534
2053 770 2115 827 in
2152 782 2205 831 8.
2240 768 2411 827 nobis
2443 787 2564 826 non
2594 773 2827 827 constat
2843 763 2904 849 ¹).
2968 768 3125 827 Reli·

1842 858 1978 933 quit
2010 863 2071 916 et
2099 858 2556 917 Grammaticam
2575 857 2902 916 hebraicam
2941 867 3123 920 1528.

1844 979 1929 992 ——-
2009 948 2425 1023 Philippus
2505 946 2728 1005 Sauli
2805 946 3118 1021 episcopus

516 1047 716 1108 15133
759 1046 955 1107 1589;
991 1037 1267 1114 Lugduni
1293 1047 1447 1100 1541
1475 1060 1490 1118 3
1523 1037 1787 1097 Venetiis
1841 1038 2265 1113 brugnatensis
2301 1032 2363 1119 (†
2405 1032 2599 1118 1531)
2632 1036 3123 1094 commentarium

517 1135 711 1192 1569;
772 1136 965 1195 1575;
1020 1136 1186 1190 1588
1221 1127 1286 1185 in
1320 1136 1386 1195 8;
1431 1127 1785 1201 opusculum

507 1217 576 1273 de
605 1217 968 1289 confessione,
1001 1216 1073 1273 de
1108 1222 1364 1290 quatuor
1384 1216 1637 1292 peccatis
1658 1234 1786 1273 cor-

507 1305 616 1373 dia,
649 1305 791 1371 oris,
819 1305 1018 1380 operis
1049 1311 1109 1363 et
1143 1305 1504 1375 omissionis3
1538 1305 1610 1362 de
1642 1322 1783 1362 con-

506 1394 771 1464 tritione,
805 1393 877 1452 de
909 1394 1310 1452 satisfactione
1330 1413 1426 1469 pp.
1451 1406 1508 1464 4,
1544 1394 1784 1451 Parisiis

1842 1126 2149 1202 Euthymii
2216 1126 2254 1184 Z
2270 1126 2288 1182 i
2307 1145 2346 1202 g
2362 1146 2397 1184 a
2411 1127 2449 1182 b
2465 1145 2495 1183 e
2511 1144 2550 1184 n
2566 1126 2589 1182 i
2648 1127 2711 1182 in
2775 1124 3032 1182 Psalmos
3094 1142 3126 1182 e

1843 1234 2052 1291 graeco
2084 1216 2270 1273 latine
2304 1214 2583 1283 reddidit,
2629 1232 2804 1287 quem
2841 1215 2884 1270 P
2898 1236 2931 1270 a
2947 1232 2987 1270 ιι
3006 1214 3024 1269 1
3040 1233 3084 1270 ιι
3100 1232 3126 1270 s

1845 1304 1887 1361 T
1905 1323 1949 1361 u
1964 1323 1994 1362 r
2010 1322 2040 1362 c
2054 1304 2131 1362 hi
2205 1305 2269 1363 O.
2333 1303 2536 1362 Praed.
2613 1302 2803 1361 edidit
2865 1302 3126 1361 Veronae

1856 1403 2048 1461 153ος
2114 1394 2358 1452 Parisiis
2416 1403 2616 1463 15433
2688 1401 2886 1462 1547;
2961 1401 3123 1453 1560

516 1493 715 1553 1530;
789 1493 986 1552 1534;
1047 1493 1244 1552 154Ο;
1296 1482 1557 1542 Venetiis
1621 1491 1783 1545 1588
1841 1482 1903 1540 in
1939 1493 2008 1552 83
2063 1482 2561 1552 Venetiis15683
2613 1480 2893 1557 Lugduni
2959 1490 3124 1543 1573

506 1574 571 1631 111
608 1582 677 1639 8;
728 1572 1043 1648 Speculum
1089 1591 1334 1630 aureum
1367 1589 1544 1647 super
1574 1579 1786 1645 septem

503 1663 759 1736 psalmos
797 1663 1244 1736 poenitentiales,
1292 1661 1530 1720 Parisiis
1586 1670 1783 1729 15193

508 1750 770 1808 Venetiis
810 1758 1004 1820 15733
1047 1758 1209 1812 1587
1246 1750 1310 1807 111
1345 1759 1412 1813 8:
1447 1769 1785 1809 sermonum

507 1841 577 1897 de
606 1842 822 1898 sanctis
852 1859 905 1914 p.
939 1840 1125 1897 altera
1158 1835 1348 1915 (prior
1376 1835 1584 1920 periit)
1621 1839 1787 1897 Pari-

508 1928 613 1987 siis
656 1937 851 1993 1528:
894 1938 1093 1998 15303
1128 1927 1393 1987 Venetiis
1435 1938 1630 1992 15893
1666 1928 1784 1986 Ro·

506 2020 732 2076 sarium
766 2018 814 2079 b.
861 2017 922 2075 V.
958 2032 1065 2075 seu
1096 2035 1395 2075 sermones
1420 2027 1518 2087 55,
1541 2016 1788 2075 Parisiis

517 2117 716 2175 15193
755 2106 1016 2166 Venetiis
1052 2116 1231 2175 1593.
1269 2107 1479 2164 Omnia
1496 2125 1633 2165 vero
1650 2106 1791 2164 haec

507 2196 765 2270 exceptis
799 2196 1032 2255 duobus
1080 2195 1381 2269 prioribus
1427 2214 1560 2270 opp.
1609 2195 1789 2253 simul

509 2284 798 2360 prodiisse
831 2284 1115 2343 dicuntur
1144 2283 1416 2344 Coloniae
1456 2295 1618 2346 1610
1646 2285 1708 2342 111
1732 2293 1787 2345 4.

510 2400 575 2408 -
594 2372 854 2433 Psalmos
864 2371 914 2452 2)
928 2375 1130 2449 plures
1149 2373 1618 2449 exposuerunt]
1630 2393 1788 2432 oan—

508 2482 640 2521 nes
673 2482 787 2521 van
820 2463 1138 2537 Campen
1170 2463 1307 2521 hinc
1338 2463 1788 2537 Campensis

511 2553 725 2621 dictus,
760 2552 1236 2621 TransisalanuS,
1282 2551 1523 2627 linguae
1557 2557 1790 2611 sanctae

509 2641 754 2702 Lovanii
785 2642 1099 2717 professor,
1148 2661 1181 2700 a
1223 2641 1413 2701 Leone
1446 2641 1510 2699 X.
1545 2641 1788 2700 Romam

510 2735 784 2790 evocatus
818 2728 879 2813 (†
915 2731 1147 2805 6.Sept.
1191 2729 1402 2809 1538),
1436 2732 1788 2805 paraphras-

509 2821 686 2878 ticam
719 2819 1272 2894 interpretationem
1303 2822 1366 2877 in
1386 2820 1648 2878 Psalmo-s
1668 2838 1787 2877 om-

509 2929 608 2968 nes
639 2916 689 2966 et
719 2909 1098 2967 Ecclesiasten
1122 2910 1295 2983 juxta
1326 2908 1654 2970 hebraicam
1686 2927 1786 2966 ve-

510 2999 744 3056 ritatem
778 3016 954 3071 quam
977 3001 1238 3073 proxime
1260 2998 1631 3056 accedentem
1655 2997 1787 3055 vul·

509 3087 674 3163 gavit
704 3105 747 3144 s.
779 3086 816 3143 1.
849 3091 910 3145 et
939 3106 998 3157 ας
1042 3087 1277 3145 Parisiis
1331 3096 1526 3155 15333
1590 3097 1786 3155 15343

518 3185 717 3244 15453
777 3185 976 3245 15653
1040 3179 1100 3234 et
1153 3176 1298 3234 alibi
1346 3194 1548 3250 saepe:
1596 3175 1789 3234 versio

510 3265 726 3323 dicitur
774 3265 1120 3324 concinnata
1165 3266 1239 3323 ab
1273 3265 1469 3323 Ulrico
1503 3264 1789 3342 Zwing-

508 3355 648 3413 lio:
683 3353 837 3413 idem
871 3355 1108 3414 videtur
1140 3373 1273 3414 cum
1294 3372 1469 3429 opere
1502 3354 1661 3429 quod
1697 3354 1788 3412 in-

510 3443 790 3502 scribitur
818 3445 1205 3502 Enchiridion
1229 3445 1594 3520 psalmorum
1626 3443 1789 3519 Lug-

590 3671 624 3740 ¹)
653 3667 732 3721 De
759 3669 881 3738 ejus
909 3669 1262 3722 sermonibus
1285 3668 1501 3736 quadra
1548 3667 1791 3721 esimali-

508 3741 615 3793 bus
643 3757 850 3808 magna
875 3756 1002 3793 cum
1020 3740 1189 3792 laude
1206 3740 1495 3792 diesem-it
1534 3739 1787 3793 'timmen

509 3829 611 3864 aus
639 3811 819 3864 Maria
847 3811 1031 3864 Laach
1062 3816 1201 3867 1900
1230 3812 1268 3867 Ι.
1297 3815 1597 3868 233--240,

585 3889 624 3950 ²)
677 3884 957 3952 Caspar
1007 3883 1302 3935 Amman
1355 3898 1454 3936 seu
1506 3882 1789 3935 Amonius

510 3955 572 4009 Ο.
601 3956 652 4009 S.
680 3957 823 4023 Aug.
852 3953 1039 4023 patria
1067 3953 1431 4017 Hasselensis,
1461 3953 1789 4023 provinciae

510 4025 763 4096 belgicae
805 4023 1164 4095 praepositus
1209 4029 1255 4093 (†
1284 4028 1443 4094 1524)
1486 4025 1545 4077 in
1586 4025 1789 4096 lingua

509 4097 773 4150 hebraica
800 4098 940 4150 bene
969 4098 1224 4148 versatus
1254 4096 1424 4149 vertit
1450 4095 1693 4164 psalmos
1721 4113 1789 4149 ex

508 4168 770 4221 hebraico
819 4168 879 4219 in
930 4167 1012 4219 lin
1059 4182 1189 4218 uam
1216 4168 1629 4236 germanicam:
1681 4167 1791 4221 Der

508 4239 724 4293 Psalter
767 4238 864 4291 des
908 4239 963 4291 k.
1051 4238 1324 4306 ropheten
1369 4237 1580 4291 Davids
1619 4244 1786 4298 1523:

510 4315 680 4368 1524;
728 4309 1209 4376 concinnavitque
1236 4310 1667 4378 grammaticam
1696 4311 1788 4364 he-

508 4382 756 4434 braicam
778 4382 835 4434 ll.
863 4387 911 4445 5,
960 4397 1106 4448 quae
1154 4385 1343 4434 tamen
1371 4381 1645 4451 prodiisse
1673 4399 1789 4435 non

509 4453 754 4506 videtur.
795 4487 860 4494 —-
903 4449 1323 4506 Guilelmus
1375 4453 1789 4523 Gregorius

509 4527 569 4578 O.
598 4522 778 4577 Carm.
808 4525 1025 4587 Scotus,
1067 4524 1263 4577 doctor
1290 4524 1631 4594 parisiensis,
1659 4541 1787 4578 con-

1843 1571 1906 1628 in
1971 1582 2025 1635 8.
2084 1605 2164 1613 --
2220 1572 2638 1631 Othmarus
2700 1570 3127 1628 Luscinius

1844 1656 2080 1741 (Nachti
2088 1661 2231 1736 gall,
2251 1656 2586 1741 Nachtgall)
2605 1659 2939 1735 polyhistor
2952 1677 3124 1734 prae-

1843 1754 2134 1817 maturuS,
2169 1751 2261 1807 vir
2293 1768 2540 1825 magnae
2587 1752 2714 1807 erat
2758 1747 3125 1807 eruditionis.

1844 1839 2230 1915 Argentorati
2262 1858 2319 1897 n.
2353 1844 2447 1896 est
2479 1840 2637 1897 inter
2667 1857 2716 1896 a.
2759 1844 3124 1900 1478-80,

1845 1928 2002 1986 Puer
2033 1929 2291 1986 multum
2326 1927 2580 1986 debebat
2612 1926 2828 1986 celebri
2863 1926 3129 1984 Geiler

1844 2017 1915 2075 de
1931 2017 2314 2093 Kaisersberg
2343 2013 2439 2097 (cf.
2472 2037 2526 2091 p.
2555 2011 2767 2096 1190),
2802 2015 2963 2090 quod
2991 2033 3127 2090 gra-

1844 2109 1945 2164 tus
1977 2108 2272 2182 agnoscit:
2321 2107 2675 2182 magistrum
2725 2105 2862 2163 dein
2911 2103 3128 2172 habuit

1844 2195 2235 2253 clarissimum
2263 2195 2676 2270 Wimpheling.
2702 2192 3128 2269 Peregrinandi

1845 2283 2173 2358 cupiditate
2218 2285 2440 2343 excitus
2481 2286 2602 2341 fere
2636 2284 2974 2342 universam
3005 2281 3127 2339 Eu-

1844 2390 2068 2448 ropam,
2101 2378 2331 2449 partem
2362 2378 2423 2431 et
2453 2374 2630 2431 Asiae
2662 2372 2959 2440 lustravit,
2994 2370 3128 2428 ubi-

1845 2481 1960 2536 que
2009 2466 2210 2522 tamen
2270 2462 2534 2520 discendi
2588 2461 2785 2519 ardori
2837 2460 3127 2518 satisfecit

1846 2554 2026 2626 atque
2077 2552 2392 2610 amicitiam
2445 2552 2583 2609 iniit
2631 2570 2764 2609 cum
2825 2550 3016 2624 poetis
3064 2553 3127 2607 et

1845 2640 2203 2700 humanistis
2253 2641 2420 2700 illius
2468 2640 2772 2717 temporis.
2834 2638 2906 2697 In
2951 2636 3126 2696 Italia

1845 2729 2035 2789 factu-i
2068 2734 2161 2789 est
2192 2731 2397 2790 doctor
2419 2731 2577 2806 juris
2596 2728 2859 2788 canonici
2877 2726 2934 2809 (1
2953 2737 3022 2789 51
3041 2725 3123 2806 8).

1845 2820 2073 2894 Adepto
2124 2821 2362 2878 demum
2411 2819 2761 2878 canonicatu
2822 2818 2886 2875 in
2932 2818 3127 2892 patria

1847 2904 2073 2988 (1522)
2125 2928 2258 2967 mox
2309 2909 2553 2967 transiit
2603 2912 2954 2983 Augustam,
3017 2906 3126 2963 ubi

1845 2998 2147 3056 monachis
2178 3017 2221 3056 s.
2257 2997 2513 3056 Udalrici
2545 2997 2802 3073 psalmos
2832 2996 3123 3070 exposusst.

1846 3086 2020 3145 Solus
2052 3090 2194 3156 erat,
2230 3087 2334 3162 qui
2365 3092 2512 3145 tunc
2532 3089 2835 3162 Augustae
2865 3103 2999 3142 cum
3032 3102 3126 3142 ce-

1846 3176 1993 3234 lebri
2038 3176 2291 3234 Matthia
2323 3177 2504 3234 Kretz
2551 3176 2724 3233 fidem
2771 3173 3121 3238 catholicam

1845 3264 1910 3323 in
1955 3266 2340 3324 concionibus
2386 3266 2800 3341 profiteretur:
2847 3262 2949 3321 sed
2989 3280 3123 3320 cum

1845 3355 2142 3428 quondam
2169 3354 2537 3413 Lutheranos
2581 3356 2849 3413 vocasset
2867 3351 3121 3410 haereti·

1845 3462 1960 3513 coa,
1994 3464 2028 3501 a
2060 3444 2419 3519 magistratu
2452 3442 2794 3518 prohibitus
2829 3441 2945 3499 fuit
2964 3442 3126 3499 ultra

1845 3533 2199 3591 concionari.
2232 3533 2381 3591 Hinc
2412 3532 2658 3591 transiit
2688 3531 3047 3606 Friburgum
3073 3550 3122 3587 a.

1853 3633 1877 3683 1
1895 3631 1926 3682 5
1938 3631 1970 3682 2
1983 3631 2038 3690 8,
2051 3622 2156 3679 ubi
2168 3640 2411 3680 munere
2423 3620 2849 3680 concionatoris
2863 3621 2926 3678 in
2938 3618 3123 3677 eccle·

1846 3710 1933 3768 sia
1954 3709 2278 3769 cathedrali
2297 3711 2674 3786 fungebatur.
2711 3709 2964 3769 Secessit
2981 3708 3124 3774 dein

1843 3800 2074 3859 ultimis
2125 3801 2281 3858 vitae
2327 3800 2496 3857 annis
2545 3800 2611 3858 in
2669 3798 3031 3857 carthusiam
3079 3816 3122 3856 s.

1844 3888 2094 3948 Joannis
2147 3908 2329 3965 prope
2361 3888 2725 3965 Friburgum
2758 3889 2947 3956 sitam,
2985 3905 3123 3945 con-

1844 3983 2051 4037 tentus
2102 3978 2560 4054 participatione
2608 3980 2897 4037 bonorum
2950 3976 3122 4051 spiri-

1845 4067 2117 4137 melium,
2181 4067 2329 4143 quin
2392 4068 2586 4126 sactus
2651 4067 2733 4124 sit
2797 4065 3125 4124 monachus

1846 4153 1906 4239 (†
1945 4153 2155 4236 1537).
2220 4157 2553 4216 Plurimum
2594 4156 2894 4231 promovit
2926 4154 3126 4213 studia

1845 4247 2258 4306 humaniorum
2298 4246 2625 4317 literarum,
2674 4246 2910 4320 linguae
2957 4262 3124 4319 prae·

1844 4336 2047 4395 sertim
2100 4353 2358 4411 graecae,
2411 4334 2583 4393 editis
2630 4335 2903 4410 pluribus
2952 4332 3124 4391 libris

1844 4444 1951 4500 pro
1984 4425 2225 4484 scholis:
2261 4430 2440 4500 atque
2473 4425 2558 4482 ita
2577 4423 2733 4482 inter
2752 4423 3123 4481 humanistas
3209 4466 3221 4478 .

1843 4515 2153 4574 inclaruit:
2207 4515 2306 4572 sed
2342 4533 2481 4588 prae
2516 4513 2715 4572 studio
2749 4513 2968 4570 formae
2999 4530 3122 4568 me-

506 4595 859 4665 gregationis
886 4594 1159 4651 albiensis
1200 4596 1443 4649 vicarius
1484 4596 1786 4666 generalis,
1842 4604 2090 4663 thodum
2108 4603 2923 4663 Scholastiogmavergabgtur,
2956 4599 3123 4659 Pgal-

509 4670 548 4722 F
554 4668 804 4722 rancisco
860 4669 897 4720 I.
950 4685 982 4719 a
1033 4667 1495 4726 confessionibus,
1562 4668 1788 4737 scripsit

508 4742 731 4810 praeter
792 4739 909 4794 alia
962 4740 1022 4792 in
1074 4739 1329 4794 Psalmos
1380 4739 1784 4793 commentaria
1849 4785 1866 4788 -

508 4811 860 4877 scholastica,
889 4811 957 4865 de
986 4811 1158 4864 variis
1174 4811 1499 4880 Scripturae
1529 4811 1787 4863 sensibus

509 4884 628 4945 etc.,
658 4883 853 4935 onmia
879 4883 1116 4937 inedita.

1843 4697 2046 4751 terium
2096 4694 2333 4750 Davidis
2382 4691 2539 4768 regis
2588 4694 2648 4749 et
2682 4691 3003 4767 prophetae
3036 4708 3121 4759 ea,

1937 4817 1953 4878 f)
1984 4785 2146 4864 Alius
2173 4812 2242 4864 eb
2268 4827 2333 4863 eo
2362 4813 2447 4862 est
2473 4808 2943 4863 Heiinericus
2970 4807 3123 4868 d.C.,

1840 4881 1910 4934 de
1938 4899 2050 4949 quo
2079 4898 2252 4950 supra
2280 4900 2334 4950 p.
2360 4884 2464 4937 892
2492 4881 2729 4948 egimus·
