3475 5364
548 318 712 372 1515

903 304 1272 358 1541—1563.
1300 301 1353 355 S.
1381 299 1705 372 scripturae
1735 299 2094 371 interpretes.
2120 303 2395 363 Araneus‚
2421 299 2673 353 Barletta
2698 302 2803 354 etc.

2999 316 3171 368 1516

538 487 699 563 typis
732 487 1009 563 vulgavit
1040 489 1446 562 expositionem
1492 504 1626 545 cum
1660 504 1822 545 reso·
1879 486 2212 563 Pagnini
2259 486 2324 550 Ο.
2357 486 2559 545 Praed.
2608 484 3007 562 peritissimus
3055 502 3171 542 suo

538 576 870 634 lutionibus
961 576 1397 635 occurrentium
1487 576 1822 645 dubiorum,
1879 594 2022 635 aevo
2067 576 2308 653 linguae
2354 575 2664 634 hebraicae
2708 577 2770 634 et
2813 574 3170 632 literaturae

539 665 719 724 etiam
733 665 1206 724 Lutheranorum
1222 684 1445 724 errores
1461 665 1822 724 validissime
1877 664 2215 724 rabbinicae
2276 664 2625 740 ordinisque
2673 663 2913 722 illustre
2961 663 3166 732 decuS,

540 754 980 813 confutantium
1001 755 1326 813 secundum
1348 755 1678 831 subjectam
1697 774 1820 813 ma·

538 843 751 902 teriam
801 861 981 919 super
1029 862 1119 918 ep.
1171 843 1343 902 Pauli
1391 843 1464 902 ad
1512 844 1820 914 Romanoa,

540 931 804 991 Venetiis
839 944 852 993 1
876 941 997 994 547
1022 933 1086 990 in
1110 941 1146 993 4
1166 954 1179 999 ς
1214 933 1517 992 Sermones
1536 928 1821 1013 (quadra-

539 1021 867 1099 gesimales,
916 1021 989 1079 de
1021 1021 1213 1080 Verbo
1261 1023 1566 1081 incarnato
1605 1032 1703 1092 24,
1750 1021 1822 1080 de

539 1109 806 1169 materiis
857 1111 1318 1185 particularibus
1374 1107 1502 1191 86),
1555 1111 1822 1169 Venetiis

547 1210 703 1263 1541
759 1198 822 1256 in
858 1209 893 1259 4
915 1221 929 1269 ς
975 1199 1208 1258 Brixiae
1256 1210 1443 1263 1546.
1475 1234 1560 1244 —
1594 1199 1823 1269 Quibus

540 1284 1068 1369 adde¹)Jo.Vigu
1086 1288 1431 1359 etium,de
1450 1309 1568 1365 quo
1589 1290 1821 1366 egimus

538 1397 592 1453 p.
667 1386 828 1441 1378
850 1398 863 1443 ;
935 1378 1137 1436 Ambr.
1201 1379 1516 1458 Cathari
1535 1398 1701 1437 num
1764 1398 1823 1454 p.

545 1475 731 1529 1381.
762 1499 851 1510 —
882 1466 1175 1525 Homilias
1206 1470 1270 1525 in
1305 1471 1361 1526 1.
1394 1487 1478 1543 ep.
1512 1468 1589 1525 ad
1612 1466 1820 1526 Corin-

539 1555 688 1615 thios
732 1554 996 1614 Venetiis
1043 1556 1319 1632 vulgasse
1371 1556 1654 1615 scribitur
1700 1557 1753 1615 N
1771 1557 1820 1614 i·

539 1644 806 1703 colaus
853 1663 886 1701 a
930 1644 1164 1703 Cruce
1207 1645 1273 1704 O.
1305 1645 1507 1704 Praed.
1540 1645 1818 1716 VenetuS,

540 1734 902 1793 ecclesiastes
914 1753 949 1791 a
958 1733 1235 1792 facundia
1244 1738 1305 1792 et
1312 1734 1691 1804 vehementia,
1705 1754 1824 1810 qua

540 1822 717 1880 corda
749 1821 1121 1880 demulcebat
1151 1828 1259 1881 aut
1276 1824 1649 1899 percellebat,
1670 1825 1822 1882 cele-

539 1912 761 1970 bratus
805 1945 889 1954 —-
922 1911 1238 1971 Paduanus
1286 1914 1333 1971 B
1353 1934 1388 1971 a
1401 1933 1431 1971 r
1445 1914 1468 1971 1
1484 1932 1514 1972 e
1530 1917 1600 1971 tt
1613 1933 1645 1971 a
1699 1914 1821 1971 sive

541 2000 589 2059 G
604 2019 634 2057 r
650 2020 684 2059 a
699 2019 726 2058 s
745 2019 772 2058 s
789 2019 830 2057 u
848 2019 874 2058 s
909 2001 1031 2059 sive
1063 2000 1135 2059 de
1152 2001 1377 2060 Grassis
1396 2002 1459 2060 Ο.
1478 2003 1618 2060 Min.
1642 2002 1821 2061 Conv.

542 2086 721 2170 (alius
755 2089 827 2146 ab
860 2107 944 2159 eo,
979 2091 1150 2165 cujus
1183 2108 1365 2165 supra
1395 2110 1450 2165 p.
1475 2101 1593 2154 961
1619 2111 1665 2166 a.
1684 2090 1822 2151 feci-

541 2197 672 2236 mus
703 2177 1091 2261 mentionem)
1142 2180 1374 2255 Apulus
1405 2180 1698 2256 gymnasii
1729 2199 1821 2238 re-

538 2286 683 2343 gens
715 2266 976 2326 Venetiis
997 2271 1058 2326 et
1073 2268 1451 2327 concionator
1466 2270 1818 2342 celebratus,

1878 757 2057 812 natus
2106 760 2200 813 est
2246 754 2438 813 Lucae
2483 771 2532 815 c.
2578 774 2629 813 a.
2684 762 2803 815 147
2815 764 2870 816 0.
2933 751 3169 810 Aetatis

1879 863 1928 904 a.
1970 853 2045 906 16
2081 844 2299 919 spretis
2345 843 2740 902 humanarum
2780 860 2976 901 rerum
3011 840 3166 898 deli·

1879 931 1988 990 ciis
2040 933 2565 992 Dominicanorum
2644 931 2833 990 subiit
2894 929 3166 990 ordinem

1877 1021 2212 1097 habuitque
2263 1021 2425 1080 Hier.
2475 1021 2889 1080 Savonarolam
2938 1019 3165 1095 magis·

1877 1115 2057 1169 trum.
2137 1111 2357 1169 Felices
2433 1110 2498 1167 in
2560 1110 2752 1169 literis
2814 1108 3164 1185 praesertim

1878 1200 2268 1259 orientalibus
2301 1199 2445 1258 fecit
2464 1215 2832 1276 progressus,
2866 1200 2939 1256 ut
2958 1195 3166 1255 oculos

1876 1288 1915 1347 J
1920 1307 1969 1347 0.
2020 1288 2092 1347 de
2143 1289 2356 1347 Medici
2405 1287 2716 1348 cardinalis
2761 1285 3168 1345 liberalissimi

1877 1377 2129 1457 fautoris
2180 1378 2554 1437 eruditorum
2601 1376 2667 1435 in
2716 1394 2778 1434 se
2829 1375 3165 1443 attraxerit,

1878 1468 1984 1542 qui
2016 1486 2153 1525 eum
2185 1472 2320 1542 post
2351 1486 2523 1525 suam
2553 1467 2616 1524 in
2650 1465 2986 1542 pontificem
3005 1464 3164 1521 elec·

1877 1556 2100 1615 tionem
2134 1556 2247 1615 sub
2279 1556 2519 1614 nomine
2551 1555 2766 1614 Leonis
2798 1553 2865 1612 X.
2917 1553 3164 1610 Romam

1877 1645 2090 1704 accivit
2137 1645 2527 1720 professorem
2574 1644 2917 1720 linguarum
2963 1642 3163 1700 orien-

1876 1734 2089 1793 talium
2118 1735 2178 1792 in
2211 1735 2410 1793 schola
2440 1734 2515 1792 ad
2547 1734 2650 1792 has
2681 1730 2998 1791 tradendas
3028 1751 3062 1787 a
3094 1749 3164 1789 se

1878 1827 2084 1882 erecta.
2118 1824 2259 1882 Post
2289 1823 2503 1883 Leonis
2533 1821 2601 1885 X.
2643 1825 2894 1880 mortem
2927 1815 3161 1902 (1521)

1877 1912 2197 1971 comitatus
2275 1916 2365 1971 est
2439 1911 2812 1987 pontificium
2891 1908 3160 1985 legatum

1876 2002 2366 2070 Avenionensem,
2402 2001 2684 2060 substitit
2724 2000 2863 2058 dein
2893 1998 2966 2056 ad
2998 2016 3160 2055 mer-

1877 2096 1996 2149 tem
2047 2110 2238 2166 usque
2287 2089 2564 2166 Lugduni
2610 2089 2814 2165 magni
2860 2088 2925 2146 in
2975 2086 3155 2144 aesti-

1875 2180 2135 2240 matione
2169 2179 2406 2238 habitus
2436 2182 2568 2236 tum
2599 2179 2674 2237 ob
2695 2178 2852 2237 vitae
2873 2176 3158 2235 sanctita-

1875 2272 2014 2339 tem,
2049 2278 2177 2328 tum
2211 2268 2287 2327 ob
2319 2267 2849 2344 profundissimam
2870 2284 3004 2323 cum
3025 2265 3157 2340 pari

503 2379 507 2383 ·
539 2356 773 2432 collegit
823 2374 891 2414 ex
942 2358 1338 2433 Augustin
1359 2376 1392 2416 0
1455 2361 1517 2416 et
1567 2358 1818 2417 aliorum
1874 2358 2161 2417 modestia
2194 2362 2256 2416 et
2286 2357 2564 2416 facundia
2582 2356 2889 2415 literarum
2922 2354 3155 2412 divina-

538 2452 777 2521 patrum
798 2444 1078 2521 operibus
1103 2444 1417 2505 Consilium
1441 2444 1817 2529 (concilium)
1873 2467 2006 2506 rum
2069 2447 2479 2516 eruditionem,
2542 2450 2672 2504 tum
2723 2445 2797 2505 ob
2859 2444 3160 2519 prwclara

539 2535 713 2593 Pauli
757 2553 865 2609 per
908 2535 1148 2593 modum
1181 2535 1418 2611 dialogi,
1465 2536 1530 2594 in
1563 2555 1679 2611 quo
1712 2556 1818 2611 per
1875 2537 2086 2611 merita
2104 2537 2164 2594 in
2184 2529 2501 2605 civitatem,
2537 2554 2718 2610 quam
2751 2533 2996 2592 fervidis
3028 2534 3154 2590 suis

542 2622 956 2700 compendium
988 2624 1250 2684 locorum
1300 2625 1564 2685 omnium
1598 2626 1661 2685 in
1692 2643 1818 2684 om-

537 2714 715 2772 nibus
747 2731 835 2788 ep.
869 2714 1130 2788 paulinis
1160 2718 1511 2789 apparenter
1541 2735 1817 2791 pugnan-

536 2803 690 2861 tium
723 2802 1059 2876 apostolum
1091 2804 1311 2878 optime
1343 2823 1477 2862 cum
1495 2804 1817 2880 Evangelio

539 2891 851 2950 convenire
870 2891 1147 2961 ostendit,
1189 2891 1445 2950 Venetiis
1474 2903 1499 2954 1
1517 2902 1659 2956 545.
1692 2894 1815 2951 En·

537 2980 824 3038 (1ιίνίἀίοη
854 2981 1252 3038 scholasticum
1284 2982 1816 3042 contradictionum

537 3067 1031 3144 quodlibetalium
1092 3070 1347 3129 doctoris
1398 3071 1655 3143 subtilis,
1702 3071 1815 3130 Ve-

538 3157 715 3215 netiis
758 3167 922 3220 1544
940 3158 1005 3215 in
1028 3167 1132 3230 123
1177 3168 1338 3222 1583
1357 3178 1489 3218 cum
1506 3160 1640 3218 aliis
1657 3161 1816 3236 ejus·

537 3246 670 3305 dem
690 3247 999 3322 operibus;
1019 3248 1087 3305 de
1105 3245 1482 3307 ecclesiastica
1500 3250 1813 3326 republica,

536 3335 804 3394 Mutinae
874 3345 1070 3407 1542;
1150 3337 1409 3396 Venetiis
1482 3348 1665 3401 1543.
1731 3373 1816 3382 -

536 3427 889 3501 Apocalypsi
932 3426 1125 3485 lucem
1168 3427 1471 3487 affundere
1510 3429 1676 3487 nisus
1722 3431 1818 3487 est

536 3514 906 3574 Claudius
955 3515 1028 3575 de
1078 3517 1331 3575 Monte
1383 3517 1815 3594 Martyrum

539 3601 977 3685 (Montmartre)
1002 3606 1064 3664 Ο.
1088 3607 1273 3665 Carm.
1306 3606 1641 3682 theologiae
1673 3606 1814 3665 doc-

534 3700 631 3752 tor
661 3698 722 3752 et
744 3695 943 3766 lector,
977 3695 1231 3754 vicarius
1250 3696 1548 3772 generalis
1570 3714 1813 3772 congre-

532 3783 791 3859 gationis
823 3784 1108 3843 albiensis
1141 3788 1202 3842 et
1241 3795 1405 3848 1544
1459 3785 1621 3859 prior
1652 3785 1812 3860 pari-

535 3873 764 3942 siensis,
829 3875 998 3948 cujus
1076 3876 1221 3932 sunt
1286 3873 1351 3930 in
1413 3874 1813 3950 Apocalypsin

533 3964 946 4037 enarrationes,
982 3962 1224 4020 Parisiis
1266 3973 1427 4025 1549
1461 3963 1525 4020 in
1566 3972 1660 4025 16.

627 4077 769 4129 692.
803 4069 973 4126 Haud
1026 4068 1200 4143 pauci
1252 4068 1492 4126 solliciti
1544 4069 1708 4127 fuere
1741 4068 1812 4126 de

416 4189 419 4194 -
533 4157 886 4215 adornandis
949 4176 992 4215 s.
1047 4157 1382 4233 Scripturas
1444 4159 1812 4221 versionibus

535 4245 914 4314 Quorundam
947 4247 1165 4321 passim
1204 4247 1328 4321 jam
1370 4246 1614 4305 fecimus
1644 4265 1811 4305 men·

531 4335 767 4392 tionem.
851 4336 1124 4393 Santes
1203 4337 1485 4415 (SancteS,
1565 4333 1809 4418 Xantes)

614 4509 648 4575 ¹)
677 4505 935 4560 Ceterum
965 4506 1034 4558 de
1062 4505 1326 4576 pluribus
1366 4506 1611 4575 exegetis
1653 4523 1810 4577 prae-

531 4576 853 4632 cedentium
897 4577 1217 4631 seculorum
1258 4579 1327 4632 cf.
1372 4577 1588 4631 Denifle
1629 4577 1689 4631 iu
1730 4595 1811 4632 re-

531 4648 852 4703 centissimo
882 4665 1077 4720 opere:
1108 4649 1320 4702 Luther
1338 4650 1454 4702 und
1472 4649 1810 4704 Luthertum

534 4726 608 4777 1².
635 4721 735 4774 Bd.
756 4727 804 4778 2.
833 4721 1003 4776 Abth.
1023 4719 1475 4790 Quellenbelege‚
1496 4721 1586 4774 die
1604 4722 1811 4776 abend-

530 4792 681 4848 land.
743 4792 1214 4863 Schriftausleger
1276 4793 1360 4846 bis
1424 4792 1637 4846 Luther
1689 4796 1810 4857 etc„

532 4865 715 4918 Mainz
746 4869 898 4922 1905.

1873 2625 2254 2687 concionibus
2271 2626 2343 2684 ab
2361 2623 2848 2685 innovationibus
2864 2624 2926 2680 et
2940 2621 3148 2680 errori·

1875 2715 1987 2774 bus
2021 2715 2495 2775 calvinianorum
2515 2712 2917 2790 praeservavit
2936 2717 2996 2770 et
3014 2729 3146 2769 cou-

1871 2808 1966 2863 tra
1996 2823 2093 2863 eos
2136 2802 2557 2880 praemunivit.
2621 2803 2777 2861 Hinc
2822 2804 3062 2860 senatus
3092 2803 3154 2858 et

1872 2893 2082 2951 civitas
2144 2893 2541 2970 lugdunensis
2590 2911 2727 2950 eum
2787 2891 2948 2949 inter
2995 2890 3156 2947 cives

1872 2983 2199 3058 adoptavit,
2277 2986 2338 3040 et
2412 2989 2717 3041 mortuum
2796 2977 2923 3060 (24.
2999 2982 3158 3054 Aug.

1881 3068 2073 3153 1541)
2107 3080 2178 3130 ut
2192 3073 2497 3147 parentem
2518 3088 2698 3128 suum
2712 3072 3025 3145 prosecuta
3044 3080 3158 3125 est.

1873 3161 2030 3221 Haec
2043 3161 2272 3236 potiora
2288 3160 2557 3235 ejusdem
2571 3177 2779 3235 opera:
2828 3158 2893 3216 V.
2918 3156 3058 3215 etN.
3091 3157 3157 3219 T.

1872 3269 2017 3309 nova
2079 3250 2400 3308 translatio.
2471 3248 2777 3307 Laudatur
2837 3248 2946 3306 hoc
3004 3264 3158 3321 opus

1873 3348 1953 3403 30
2005 3358 2054 3397 a.
2106 3339 2180 3397 ab
2231 3338 2482 3397 eruditis
2539 3342 2601 3396 et
2648 3338 2863 3395 merito
2911 3334 3154 3411 quidem

1872 3428 2225 3503 praesertim
2258 3428 2333 3486 ob
2365 3426 2731 3497 fidelitatem,
2766 3444 2918 3501 quae
2948 3428 3154 3483 tamen

1872 3518 2127 3576 subinde
2177 3516 2353 3576 nimis
2401 3516 2790 3575 minutiarum
2823 3513 3152 3572 rabbinica-

1870 3626 2005 3665 rum
2037 3611 2128 3665 est
2160 3605 2409 3674 aemula,
2458 3606 2638 3663 nimis
2681 3605 2925 3675 curiosa,
2972 3603 3155 3660 nimis

1869 3696 2270 3772 grammatica,
2304 3694 2464 3752 unde
2495 3695 2767 3753 redditur
2797 3693 3156 3751 inconcinna

1870 3789 1935 3842 et
1966 3785 2217 3844 obscura
2234 3783 2293 3863 ¹).
2339 3784 2628 3852 ,Collatia
2661 3783 2820 3841 inter
2850 3801 2910 3841 se
2944 3781 3152 3839 multis

1871 3873 2071 3932 iisdem
2082 3893 2197 3949 que
2259 3873 2693 3948 probatissimis
2762 3873 3154 3930 hebraeorum

1869 3962 2321 4037 exemplaribu8‚
2377 3964 2604 4036 quanta
2647 3962 2897 4020 maxime
2960 3960 3156 4018 valuit

1869 4051 2184 4129 diligentia
2210 4055 2271 4109 et
2290 4051 2420 4121 fide,
2439 4070 2612 4109 omne
2629 4051 2695 4109 V.
2711 4050 2771 4108 Τ.
2789 4069 2857 4108 ex
2878 4048 3153 4108 hebraica

1950 4297 1983 4362 ⁸)
2013 4291 2328 4344 Richardus
2349 4290 2544 4345 Simon
2571 4290 2717 4344 Hist.
2746 4290 2868 4344 crit.
2896 4289 2974 4344 du
3001 4290 3063 4345 V.
3088 4289 3149 4343 Τ.

1869 4364 1936 4430 lI,
1964 4369 2033 4419 20
2074 4363 2273 4416 durius
2317 4363 2388 4416 de
2432 4378 2498 4416 ea
2529 4361 2773 4433 judicat.
2813 4366 3007 4416 tamen
3036 4377 3151 4415 non

1867 4436 2081 4503 absque
2134 4434 2508 4487 fundamento
2554 4433 2784 4488 scribit:
2834 4433 2896 4487 P.
2942 4451 2976 4486 a,
3021 4437 3150 4514 trop

1867 4506 2093 4577 neglige
2123 4504 2203 4560 les
2229 4505 2460 4559 anciens
2498 4506 2836 4576 interpretes
2863 4505 2933 4559 de
2962 4503 3151 4559 l‘Ecn-

1867 4582 2009 4642 ture,
2040 4595 2185 4646 pour
2212 4577 2514 4630 s’attacher
2553 4595 2662 4631 aux
2691 4577 3026 4631 sentimenta
3053 4576 3152 4630 des

1868 4650 2096 4704 rabbins
2125 4691 2137 4704 .
2167 4690 2179 4703 .
2208 4690 2221 4704 .
2277 4649 2417 4702 Bien
2468 4649 2587 4703 loin
2652 4648 2994 4720 d'exprimer
3045 4664 3150 4701 son

1869 4720 2128 4791 Original
2173 4721 2315 4773 dans
2360 4723 2413 4775 la
2458 4723 2640 4774 meme
2668 4724 2868 4790 purete
2896 4719 3039 4788 qu’il
3066 4721 3153 4772 est

1868 4793 2023 4858 ecrit,
2049 4792 2093 4845 il
2121 4793 2170 4846 le
2197 4792 2450 4861 defigure
2479 4791 2604 4846 etle
2620 4791 2912 4862 depouille
2929 4792 2997 4845 de
3019 4793 3150 4845 tous

1867 4881 1951 4916 ses
1979 4866 2314 4919 ornements
