3475 5364
362 353 524 410 1569

915 335 1287 396 1541—1563.
1314 330 1509 395 Theoi.
1536 338 1797 395 ascet-ica.
1824 338 1876 393 S.
1907 336 2171 410 [gnatius
2195 328 2425 407 Loyola.

2811 350 2973 410 1570

349 528 562 601 ειὲαηα,
608 525 807 584 (1011(13
853 544 916 585 33
960 529 1162 584 tratan
1205 526 1292 585 las
1338 526 1632 603 significa·
1691 525 1841 585 siliis
1902 526 1976 584 ad
2025 529 2489 584 consummatam
2553 525 2988 601 assequendam

351 615 547 674 ciones
596 615 669 674 de
731 614 787 673 la
848 615 1023 674 Missa
1077 635 1117 692 y
1179 615 1252 673 de
1314 616 1401 675 las
1465 617 1635 675 horas
1689 616 1855 674 vitae
1888 614 2219 690 spiritualis
2252 616 2631 673 sanctitatem
2663 622 2724 674 et
2756 614 2987 690 perfec-

352 704 662 764 canonicas
708 724 748 780 y
796 704 869 763 de
902 705 989 763 las
1037 723 1228 763 nueve
1261 705 1510 764 ordenes
1543 723 1635 764 ec·
1691 705 1917 765 tionem
1937 703 2242 774 refertum,
2277 704 2433 763 sedis
2455 705 2807 779 apostolicae
2821 705 2991 780 judi-

351 793 722 863 clesiasticas,

351 881 542 941 Lucas
592 882 640 941 G
654 902 689 941 a
702 901 746 941 u
760 901 791 939 r
805 882 826 939 1
841 901 872 940 0
888 903 928 941 11
945 901 972 942 3
1022 883 1463 960 Geophonensis
1510 883 1636 964 (Gi—

787 793 1022 853 Pinciae
1087 803 1250 856 1552
1316 795 1380 853 in
1431 806 1486 857 4.
1548 828 1637 839 --
1693 794 1784 852 cio
1817 798 1876 852 et
1909 793 2169 852 omnium
2218 794 2483 852 utilitate
2515 794 2987 869 comprobatum.

1695 883 1823 942 Dici
1854 881 2069 957 nequit
2099 885 2248 957 quot
2278 883 2765 943 conversionibus
2812 903 2879 943 eo
2913 883 2990 941 li-

350 967 528 1053 fani)‚
582 972 673 1030 vir
723 973 990 1048 apprime
1040 972 1271 1045 doctus,
1323 973 1638 1049 episcopus
1693 972 1852 1031 bello
1884 971 2227 1047 praebuerit
2245 972 2613 1031 occasionem
2644 992 2679 1030 a
2709 973 2836 1032 vita
2856 992 2991 1051 pec-

353 1061 980 1120 civitatensisaPaulo
999 1059 1103 1122 111.
1125 1066 1357 1121 creatus
1384 1059 1443 1143 (†
1477 1071 1636 1125 1558
1695 1061 1843 1120 catis
1875 1060 2077 1120 dedita
2113 1060 2186 1119 ad
2220 1062 2504 1121 sinceram
2539 1061 2993 1138 poenitentiam,

355 1170 405 1209 a.
427 1149 641 1209 aetatis
665 1145 792 1231 83),
819 1152 999 1226 jussu
1018 1151 1058 1208 J
1062 1151 1168 1209 ulii
1190 1150 1283 1219 11..
1317 1151 1532 1211 Leonis
1552 1150 1638 1220 X„
1696 1172 1728 1208 a
1759 1154 1969 1225 tepore
2001 1149 2075 1208 ad
2105 1150 2413 1222 fervorem,
2466 1172 2501 1210 a
2533 1152 2658 1210 vita
2690 1151 2997 1211 mundana

355 1239 672 1299 Clementis
694 1239 817 1301 VII.
850 1244 911 1299 et
942 1241 1109 1299 Pauli
1131 1240 1234 1299 111.
1267 1241 1643 1301 concinnavit
1696 1239 1771 1298 ad
1817 1239 2171 1316 religiosam,
2222 1240 2621 1317 apostolicam,
2674 1241 2990 1301 heroicam.

354 1328 785 1388 Kalendarium
835 1330 1267 1389 ecclesiasticum
1313 1349 1520 1389 novum
1572 1349 1641 1388 ex
1697 1329 1895 1387 Novas
1913 1329 2153 1403 aperuit
2186 1329 2308 1388 vias
2341 1329 2437 1388 vel
2466 1330 2673 1389 saltem
2692 1334 2992 1390 monstra-

354 1419 536 1477 sacris
580 1418 769 1477 literis
809 1419 1193 1495 probatisque
1240 1422 1508 1478 veterum
1539 1438 1642 1494 pa·
1698 1418 1788 1476 vit
1818 1418 2260 1493 inculcavitque
2289 1438 2503 1495 praxea
2547 1423 2727 1495 atque
2762 1420 2992 1479 metho-

354 1510 518 1567 trum
568 1506 830 1585 synodis,
881 1508 944 1567 in
995 1527 1113 1583 quo
1162 1509 1363 1585 agitur
1407 1510 1478 1567 de
1505 1528 1646 1567 vera
1699 1506 1842 1566 dum
1876 1507 2181 1565 fructuose
2212 1508 2559 1580 meditandi,
2591 1509 2830 1568 fortiter
2859 1510 2990 1569 vin·

355 1598 652 1673 paschatis
697 1600 758 1655 et
803 1597 1091 1657 festorum
1137 1598 1447 1657 mobilium
1494 1598 1642 1655 cele-

356 1686 646 1759 bratione,
694 1687 953 1745 venetiis
995 1695 1160 1749 1552
1209 1687 1274 1746 111
1310 1697 1363 1749 4.
1410 1720 1496 1730 --
1541 1687 1644 1744 Al-

363 1775 549 1834 berici
598 1775 865 1835 Olivae
916 1776 1310 1853 Commentarj
1376 1794 1555 1850 sopra
1603 1777 1647 1833 li

359 1866 464 1923 riti
493 1866 642 1923 della
673 1866 860 1923 chiesa
905 1866 967 1923 di
999 1866 1249 1941 Neapoli
1294 1866 1647 1941 prodierunt

358 1953 624 2014 Venetiis
656 1963 838 2017 1542.
877 1988 958 1997 --
993 1955 1077 2013 De
1093 1956 1350 2030 jubilaeo
1380 1963 1431 2013 et
1450 1956 1642 2013 indul-

355 2046 562 2120 9entiis
580 2043 863 2102 disseruit
881 2044 920 2102 J
922 2062 1141 2103 oannes
1166 2045 1440 2119 Baptista
1459 2046 1504 2102 P
1524 2065 1560 2103 a
1576 2065 1642 2103 u-

358 2133 662 2203 lianus,
696 2133 911 2191 Romae
952 2142 1115 2197 1550
1151 2132 1215 2192 111
1250 2143 1304 2197 8.
1348 2168 1429 2177 —
1486 2134 1645 2191 Flo·

359 2222 423 2280 ri
439 2222 566 2281 ani
594 2221 638 2279 T
656 2217 959 2303 refler1)
993 2222 1448 2281 declamationes
1470 2223 1645 2281 theol.

359 2312 427 2369 de
453 2313 794 2386 praecipuis
815 2312 1076 2370 ecclesiae
1108 2312 1252 2369 cath.
1268 2312 1438 2385 feriis
1469 2315 1648 2386 atque

360 2400 665 2477 religionis
696 2400 1051 2459 christianae
1084 2400 1380 2477 capitibus
1414 2400 1646 2475 prodie-

360 2496 504 2548 runt
537 2490 777 2548 Parisiis
817 2499 1000 2552 1543-

455 2623 596 2677 720.
649 2613 717 2671 In
774 2615 955 2672 ascesi
1003 2613 1478 2690 praetermittere
1528 2632 1648 2671 non

360 2705 501 2764 licet
540 2723 585 2766 3.
626 2704 1023 2781 Ignatium
1073 2704 1485 2762 'institutorem
1523 2704 1646 2764 Soc.

359 2794 522 2853 Jesu.
572 2793 763 2852 Natus
806 2794 856 2852 is
902 2799 991 2852 est
1033 2793 1096 2851 in
1129 2793 1478 2851 Cantabriae
1519 2811 1649 2851 arce

360 2883 577 2960 Loyola
602 2891 855 2945 24—25
883 2884 1013 2941 Dec.
1044 2891 1228 2944 1491.
1261 2882 1507 2941 Militiae
1528 2882 1645 2958 pri·

364 2992 527 3030 mum
548 2972 818 3031 addictus
851 2991 920 3030 ex
940 2972 1184 3029 vulnere
1216 2971 1278 3029 in
1313 2972 1459 3029 urbe
1482 2990 1644 3046 pam-

361 3060 664 3136 pelonensi
743 3061 980 3119 fortiter
1051 3063 1431 3136 propugnata
1498 3061 1649 3119 lecto

361 3149 572 3207 affixus
621 3150 684 3207 in
717 3150 899 3207 alium
932 3149 1144 3219 virum,
1195 3150 1253 3206 in
1290 3149 1507 3207 Christi
1538 3150 1648 3207 mi-

363 3238 531 3296 litem
571 3241 631 3296 et
661 3238 898 3296 heroem
930 3256 1244 3295 conversus
1277 3242 1369 3296 est
1401 3235 1647 3319 (1521).

363 3327 575 3386 Studia
626 3347 660 3385 a
710 3326 1097 3403 grammatica
1146 3345 1388 3384 exorsus
1438 3327 1649 3401 adepti

363 3416 605 3474 Parisiis
628 3415 967 3475 doctoratus
1002 3417 1203 3474 laurea
1235 3434 1447 3491 magna
1467 3416 1649 3473 animi

363 3505 603 3582 energia
651 3505 899 3563 absolvit
961 3507 1022 3563 et
1071 3504 1368 3579 adjunctis
1420 3504 1533 3563 sibi
1581 3523 1648 3563 ex

364 3595 462 3652 illa
482 3594 779 3653 academia
798 3594 1100 3652 variarum
1120 3593 1429 3651 nationum
1454 3593 1648 3663 sociis,

365 3683 471 3758 qui
503 3702 704 3743 omnes
735 3682 955 3741 artium
987 3683 1341 3759 magisteriis
1389 3686 1449 3740 et
1480 3683 1645 3741 theo-

362 3772 553 3850 logiae
601 3772 885 3849 gradibus
934 3772 1194 3848 insignes
1227 3776 1413 3842 erant,
1460 3771 1652 3847 prima

367 3862 591 3922 ordinis
625 3862 1007 3920 fundamenta
1030 3861 1207 3936 jecit:
1257 3862 1427 3937 cujus
1459 3861 1648 3920 incre-

365 3954 568 4010 menta
611 3953 672 4009 et
716 3952 853 4020 fata,
902 3952 1057 4009 sicut
1099 3953 1160 4009 et
1205 3969 1252 4013 s.
1284 3950 1650 4009 institutoris

364 4044 532 4118 gesta
562 4041 848 4098 ulteriora
890 4039 1086 4098 fusius
1133 4040 1414 4115 prosequi
1447 4058 1647 4098 neces-

367 4130 590 4188 sarium
636 4148 754 4188 non
798 4128 928 4198 erit,
976 4148 1110 4186 cum
1153 4129 1272 4187 sint
1317 4129 1461 4187 satis
1493 4132 1648 4186 nota.

367 4218 630 4276 Decessit
649 4221 892 4276 sanctus
912 4218 1179 4293 ignatius
1204 4228 1301 4280 31.
1319 4218 1358 4275 J
1361 4219 1440 4276 ul.
1468 4228 1538 4281 15
1551 4228 1649 4280 56.

366 4309 575 4367 Merito
607 4307 701 4366 hic
732 4307 1070 4366 referendus
1115 4310 1207 4366 est
1251 4310 1493 4383 propter
1523 4308 1651 4382 ejus

366 4396 633 4456 libellum
667 4416 912 4455 aureum
937 4397 1262 4455 Exercicios
1280 4398 1646 4472 Spirituales,

370 4486 583 4545 Romae
613 4495 776 4549 1548
801 4486 983 4544 latine
1003 4486 1089 4544 ed.
1110 4487 1303 4561 prima
1334 4485 1434 4565 (m.
1468 4480 1649 4567 150);

379 4585 538 4638 1615
590 4575 653 4634 111
708 4586 818 4642 16.,
865 4577 1019 4634 111013
1066 4574 1304 4650 quidem
1350 4575 1648 4651 exiguum,

369 4664 851 4723 meditationibus
876 4665 1147 4734 succosiS,
1171 4664 1414 4722 monitis
1435 4668 1495 4722 et
1514 4684 1650 4723 eon·

1700 1595 1872 1655 cendi
1889 1595 2258 1673 tollendique
2291 1618 2325 1655 a
2354 1616 2416 1656 se
2436 1617 2637 1657 omnes
2658 1598 2995 1658 affectiones

1700 1685 2083 1755 inordinatas,
2147 1686 2220 1745 ad
2282 1689 2546 1747 securius
2597 1688 2993 1763 quaerendam

1699 1778 1761 1833 et
1790 1773 2208 1833 inveniendam
2228 1777 2600 1836 voluntatem
2635 1777 2900 1836 divinam
2930 1777 2996 1835 in

1703 1863 1858 1923 vitae
1889 1864 2156 1939 propriae
2188 1865 2579 1941 dispositione
2623 1866 2697 1924 ad
2739 1868 2992 1926 salutem

1701 1953 1959 2012 animae:
1994 1952 2151 2011 unde
2184 1955 2357 2029 quasi
2388 1974 2541 2014 nova
2569 1974 2831 2015 asceseos
2856 1974 2994 2031 epo-

1701 2042 1810 2100 cha
1840 2041 1914 2100 ab
1947 2041 2107 2100 hisce
2138 2044 2431 2103 exercitiis
2463 2045 2669 2120 coepit.
2705 2045 2786 2103 Ea
2806 2045 2992 2104 latine

1704 2132 1867 2190 suere
1887 2148 2073 2199 versa,
2109 2150 2281 2208 saepe
2304 2133 2478 2203 edita,
2514 2134 2673 2192 inter
2692 2152 2840 2209 quas
2864 2133 2989 2192 edi-

1700 2221 1896 2280 tiones
1946 2220 2169 2279 eminet
2217 2221 2343 2293 illa,
2397 2242 2572 2298 quam
2623 2224 2853 2281 curavit
2904 2223 2995 2282 J0.

1703 2310 1752 2367 R
1769 2328 1802 2368 o
1818 2329 1852 2369 o
1868 2313 1896 2367 t
1909 2310 1948 2366 h
1964 2328 1998 2366 a
2012 2328 2046 2366 a
2061 2329 2103 2368 11
2135 2312 2428 2370 societatis
2449 2312 2488 2370 J
2490 2330 2596 2370 esu
2615 2312 2991 2388 praepositus

1703 2398 1996 2475 generalis
2031 2394 2091 2480 (†
2115 2410 2168 2461 8.
2192 2401 2323 2476 Maj.
2354 2397 2567 2481 1853),
2603 2420 2781 2475 quam
2802 2401 2998 2460 aureis

1703 2487 2192 2548 annotationibus
2212 2490 2553 2559 illustravit,
2580 2491 2796 2549 Romae
2825 2499 2987 2554 1837

1703 2581 1767 2635 et
1798 2576 2091 2651 deinceps.
2158 2578 2496 2638 Innumeris
2529 2596 2665 2637 vero
2699 2597 2993 2639 commen-

1702 2666 1893 2738 tariis,
1927 2666 2411 2742 expositionibus,
2447 2669 2694 2745 aliisque
2715 2668 2997 2745 operibus
3109 2709 3119 2718 -

1703 2757 1986 2816 exercitia
2005 2775 2047 2814 s,
2061 2756 2279 2834 Ignatii
2302 2758 2625 2818 dilucidata
2643 2759 2825 2830 fuere,
2848 2776 2995 2834 quo·

1705 2866 1839 2904 rum
1872 2845 2080 2904 saltem
2128 2847 2381 2923 aliquem
2416 2853 2797 2924 conspectum
2830 2866 2996 2923 repe-

1703 2937 1822 2994 ries
1868 2935 1931 2993 in
1976 2936 2207 3011 copioso
2242 2937 2528 3014 catalog0,
2575 2955 2753 3012 quem
2784 2938 2995 2996 horum

1706 3044 1951 3101 operum
1985 3027 2318 3101 composuit
2351 3026 2778 3086 Rosenthal
2812 3046 2874 3086 n.
2899 3034 2997 3089 82.

1706 3114 1850 3189 Ejus
1900 3117 2327 3174 constitutiones
2378 3119 2499 3176 Soc.
2551 3115 2731 3192 «Iesu,
2783 3116 2999 3174 Romae

1720 3212 1878 3266 1558
1926 3204 1987 3260 111
2026 3214 2078 3264 8.
2113 3207 2239 3274 etc.‚
2289 3205 2690 3264 recentissime
2726 3206 2907 3263 latine
2940 3207 3000 3262 et

1705 3292 2009 3366 hispanice
2042 3292 2131 3355 ed.
2165 3294 2390 3352 Matriti
2433 3303 2596 3357 1892
2633 3294 2696 3351 in
2730 3294 2787 3364 f..
2837 3313 2997 3352 sum·

1705 3400 1861 3437 mam
1892 3380 2155 3455 produnt
2174 3382 2554 3457 prudentiam
2588 3383 2650 3440 in
2672 3383 2998 3441 animarum

1705 3468 2011 3545 regimine.
2060 3474 2320 3545 suntque
2353 3490 2500 3546 opus
2548 3472 2611 3529 in
2645 3491 2752 3530 suo
2785 3489 2999 3548 genere

1708 3576 1842 3615 vere
1876 3559 2207 3617 classicum:
2256 3560 2329 3617 ab
2373 3560 2447 3618 iis
2493 3579 2632 3619 vero
2665 3561 3000 3619 accuratius

1705 3646 2111 3706 describendis
2133 3649 2601 3723 supersedemus,
2636 3649 2778 3724 quia
2800 3650 3000 3707 minus

1705 3736 1778 3794 ad
1825 3754 1931 3795 nos
1980 3740 2267 3812 spectant.
2317 3738 2397 3795 Ex
2432 3738 2670 3814 scriptis
2704 3738 3000 3813 dictisque

1706 3845 1749 3885 3.
1801 3824 2134 3884 fundatoris
2184 3826 2425 3903 collegit
2458 3827 2691 3886 Gabriel
2769 3827 2998 3885 ’113113-

1707 3915 1866 3973 nesi
1907 3911 2002 3997 (cf.
2037 3915 2336 3976 Nomencl.
2369 3915 2481 3989 11²,
2520 3913 2672 3998 954)
2721 3917 3003 3974 scintillas

1706 4005 2044 4080 iynatianas
2086 4005 2211 4064 sive
2244 4006 2706 4082 apophtegmata
2740 4024 2783 4063 3.
2818 4006 2998 4082 Igna-

1704 4094 1779 4151 tii
1825 4112 1932 4167 per
1981 4094 2247 4171 singulos
2292 4096 2432 4153 anni
2483 4095 2605 4153 dies
2652 4094 2997 4164 distributa,

1705 4183 2120 4259 Brunsbergae
2161 4194 2322 4246 1712
2375 4188 2483 4242 etc.
2531 4183 2665 4259 pius
2715 4183 3001 4259 utilisque

1705 4271 1939 4346 libellus
1973 4292 2144 4348 saepe
2178 4273 2373 4332 editus
2389 4268 2452 4353 ¹).
2504 4273 2732 4332 Prodiit
2763 4291 3001 4349 quoque

1783 4481 1821 4550 ¹)
1850 4477 1933 4535 cf.
1961 4479 2332 4549 Sommervog
2336 4481 2387 4534 el
2427 4479 2572 4535 Bibl.
2622 4478 2775 4533 dela
2803 4477 3003 4549 Comp.

1707 4550 1778 4603 de
1802 4550 1968 4605 Jesus
1994 4551 2064 4604 V.
2090 4555 2366 4612 59-124;
2409 4550 2626 4605 Backer
2652 4551 2721 4615 11,
2748 4554 2874 4608 823·
2878 4552 3002 4615 873,

1707 4622 1809 4676 ubi
1835 4621 2287 4705 copiosissimam
2332 4622 2579 4705 reperies
2622 4622 3001 4681 literaturam

1707 4693 1858 4747 Aliis
1884 4711 1994 4748 om
2003 4694 2106 4746 ssis
2133 4693 2202 4747 de
2229 4711 2278 4762 eJ
2286 4711 2353 4747 us
2380 4694 2501 4748 vita
2526 4694 2599 4749 cf.
2616 4693 2834 4748 Ludoir.
2853 4693 3003 4746 Gon·

1710 4765 1898 4819 zalves
1924 4765 1998 4818 da
2026 4713 2278 4820 Camara'1
2291 4765 2380 4819 SJ.
2408 4765 2720 4819 Lusitanus
2747 4774 2794 4830 (1·
2821 4768 3002 4834 1575),

451 4843 485 4901 ¹)
514 4834 676 4888 Alius
715 4851 750 4888 a
789 4834 1100 4907 Wolfgang
1140 4834 1202 4889 T.
1230 4833 1395 4901 0.sB‚
1442 4834 1511 4888 de
1538 4850 1652 4903 quo
1711 4837 1813 4904 qui
1843 4837 2025 4890 literis
2041 4836 2402 4908 consignavit
2417 4837 2609 4892 Diario
2627 4837 2728 4890 das
2750 4839 3004 4907 Accoens

369 4905 440 4961 of.
469 4906 752 4961 Katholik
779 4907 1330 4974 1898.11,347-52.

585 5006 773 5063 Hui-ter,
801 5007 1129 5054 Nomenclator
1153 5006 1196 5051 11
1223 5007 1297 5054 ed.
1330 5009 1377 5055 3.

1711 4907 1781 4962 de
1808 4926 1851 4962 3.
1880 4909 2105 4978 Ignatio
2132 4908 2201 4962 de
2228 4908 2309 4973 L.
2349 4908 2504 4978 quod
2545 4908 2887 4979 opusculum
2913 4905 3000 4960 la-

2595 5002 2667 5056 50
