3475 5364
397 353 430 402 6
443 352 472 402 7
487 349 518 400 5
635 335 772 387 1376
788 337 1002 387 -1400,
1030 330 1338 400 Theologia
1365 331 1535 385 schol.
1553 330 1942 386 Sententiarii.
1962 329 2293 392 Baduarius,
2313 329 2646 383 Waldebius
2664 334 2766 384 etc.
2880 349 2955 400 67
2969 349 3003 400 6

392 519 594 576 uarius
625 518 688 574 in
721 517 977 575 comitiis
1008 515 1383 594 generalibus
1407 515 1668 574 Veronae
1726 515 2222 593 Hiltalinger
2282 515 2655 586 Basileensis,
2710 515 2873 599 (hinc
2934 517 3006 575 de

392 607 610 667 habitis
642 607 707 663 in
752 624 1094 681 supremum
1140 606 1364 664 ordinis
1405 605 1668 663 modera-
1724 605 1973 674 Basilea,
2037 608 2098 663 et
2150 604 2409 664 Joannes
2471 606 2738 683 Angelus
2786 607 3004 680 dictus)

392 703 598 766 torem,
633 714 810 770 quem
842 712 1028 753 annos
1060 700 1283 771 septem
1315 694 1481 752 rexit.
1525 694 1668 752 Cum
1726 694 2009 770 magister
2066 694 2429 770 parisiensis,
2481 696 2815 770 provinciae
2866 715 3008 756 suae

377 791 636 845 ¹strenue
679 787 868 842 staret
912 803 1017 860 pro
1051 784 1286 844 Urbano
1320 784 1412 841 VI.
1465 787 1670 841 contra
1725 783 1816 841 bis
1846 784 2225 859 praepositus
2276 782 2643 843 constitutus
2692 791 2784 843 est
2816 806 2851 844 a
2882 787 3008 845 Cle-

392 875 749 934 Olementem
764 873 891 931 V11.
909 892 1176 948 purpura
1194 874 1266 931 ab
1289 873 1394 931 illo
1412 872 1669 932 donatus
1725 875 1927 930 mente
1961 872 2086 930 VII.
2132 872 2432 948 antipapa,
2480 874 2574 932 cui
2609 879 2739 933 erat
2769 875 3009 950 penitus

393 968 481 1023 est
513 984 561 1023 a.
604 972 777 1032 1379,
812 967 872 1020 et
904 963 1042 1037 quia
1073 981 1273 1020 rerum
1305 961 1668 1037 agendarum
1726 961 2017 1030 addictae,
2051 961 2215 1037 prior
2249 963 2543 1038 generalis
2592 963 2836 1033 ordinis,
2869 965 3008 1023 dein

391 1053 712 1129 prudentia
742 1056 868 1110 erat
899 1050 1221 1127 praeditus,
1268 1070 1385 1109 non
1420 1052 1601 1108 semel
1637 1070 1671 1109 a
1726 1056 1788 1108 et
1819 1050 2128 1126 episcopus
2160 1051 2573 1111 lambariensis
2606 1053 2671 1110 in
2703 1052 3009 1113 Occitania

390 1142 666 1218 pontifice
698 1140 813 1200 huc
844 1141 1189 1215 atqueilluc
1220 1141 1439 1198 missus
1472 1143 1564 1198 est
1595 1140 1668 1197 ad
1727 1137 1788 1214 (†
1820 1137 2016 1218 1392)
2049 1173 2136 1182 --
2167 1138 2506 1199 Jacobus
2540 1141 3007 1219 Eugubinus

393 1230 726 1291 schismatis
744 1232 1044 1288 tumultus
1060 1229 1506 1305 componendos.
1524 1229 1665 1287 Cum
1728 1227 1808 1307 (fl.
1862 1246 1906 1286 c.
1971 1224 2160 1307 1390)
2214 1263 2299 1272 —
2351 1229 2680 1289 Gratian
2701 1250 2783 1289 us
2847 1232 3007 1291 Cas-

392 1320 624 1380 duobus
656 1319 786 1379 aliis
819 1318 1217 1377 cardinalibus
1259 1319 1418 1395 leges
1451 1318 1667 1376 consti·
1724 1317 2010 1375 tellani
2070 1319 2251 1376 etiam
2315 1318 2515 1377 Gratia
2577 1320 2647 1377 de
2709 1321 3011 1381 Florentia

392 1410 513 1467 tuit
553 1427 661 1485 pro
707 1408 923 1466 scholis
968 1408 1320 1484 theologicis
1368 1407 1429 1465 iu
1461 1408 1669 1465 Italiae
1724 1407 1937 1476 dictus,
1972 1408 2348 1482 praepositus
2364 1409 2766 1483 provincialis,
2784 1429 2825 1468 s.
2842 1411 3008 1469 theo-

395 1498 906 1557 universitatibus.
970 1497 1278 1556 Francisco
1312 1496 1668 1555 Carrariensi
1728 1496 1924 1573 logiae
1974 1496 2249 1572 magister
2296 1493 2376 1576 (fl.
2420 1493 2613 1576 1394)
2658 1533 2741 1542 -
2782 1502 3006 1557 Anto-

393 1587 621 1646 Patavii
663 1586 900 1645 domino
939 1587 1080 1662 jura
1126 1586 1523 1644 ecclesiastica
1566 1603 1668 1643 ne·
1724 1581 3005 1664 niusd'Asti(fl.1:395).—Sinomencla-

391 1677 540 1736 sarie
571 1675 875 1734 invadenti
908 1675 1379 1734 constantissime
1413 1674 1666 1744 obstitit,
1723 1674 1956 1732 toribus
2004 1674 2165 1742 fides,
2213 1675 2394 1732 etiam
2438 1674 2477 1732 J
2494 1694 2779 1735 oannes
2826 1677 3005 1735 Wal-

390 1765 551 1825 unde
595 1765 872 1840 suspicio,
919 1764 1091 1822 illum
1135 1764 1317 1822 fuisse
1366 1769 1667 1822 auctorem
1725 1760 2328 1843 debius(Waldby)
2350 1764 2685 1842 theologiae
2712 1766 3006 1843 magister,

391 1855 756 1924 insidiarum,
774 1853 993 1929 quibus
1008 1853 1251 1911 inclitus
1276 1853 1515 1928 praesul
1535 1870 1667 1910 suc·
1727 1851 1993 1928 anglicae
2038 1852 2373 1927 provinciae
2407 1855 2774 1928 praepositus
2790 1851 2855 1935 ¹),
2902 1857 3009 1931 qui

391 1944 630 2003 cubuit:
682 1962 818 2001 nam
850 1962 983 2001 curn
1017 1942 1230 2001 Romae
1262 1942 1333 1999 ad
1367 1941 1667 1999 basilicam
1726 1942 1791 1999 in
1839 1941 2085 2000 concilio
2137 1942 2482 2001 staffordiae
2517 1963 2565 2001 a.
2609 1952 2772 2005 1:³92
2808 1944 3008 2003 habito

389 2034 718 2092 vaticanam
780 2035 1069 2109 pergeret,
1143 2032 1365 2108 sagitta
1439 2031 1514 2089 ab
1574 2031 1665 2088 in·
1726 2033 1933 2089 contra
1964 2030 2384 2088 Wiclefitarum
2419 2051 2647 2090 errores
2680 2032 3011 2107 disputavit

389 2133 549 2181 certo
581 2122 796 2180 emissa
825 2121 1170 2179 immaniter
1186 2119 1505 2178 transfixus
1522 2120 1671 2176 obiit
1727 2115 1790 2201 (†
1819 2115 2032 2200 1393),
2061 2124 2123 2176 et
2148 2120 2504 2178 Robertus
2535 2121 2787 2180 Joannis
2809 2122 3007 2190 frater,

401 2224 491 2275 10.
524 2211 666 2269 Jun.
707 2219 905 2280 1388;
948 2211 1121 2285 juxta
1167 2210 1314 2268 alios
1358 2218 1540 2278 1381,
1575 2208 1670 2265 vel
1728 2209 1833 2281 qui
1879 2208 2117 2266 Tolosae
2162 2227 2204 2266 s.
2255 2209 2589 2286 theologiae
2639 2211 2845 2270 doctor
2893 2212 3011 2269 fuit

399 2310 579 2368 1386,
614 2300 708 2359 vel
747 2309 934 2366 1390,
969 2299 1062 2357 vel
1103 2308 1286 2362 1396.
1335 2298 1479 2373 Ejus
1520 2315 1669 2372 com·
1727 2302 1962 2356 creatus
1995 2303 2056 2356 et
2089 2296 2382 2371 professor
2411 2298 2687 2374 publicus
2720 2301 3007 2359 constitu·

391 2391 678 2449 mentaria
692 2384 738 2470 ¹)
784 2392 845 2445 in
889 2390 928 2446 4
969 2389 1025 2449 u.
1072 2391 1486 2446 sententiarum
1532 2405 1668 2462 pro·
1724 2390 1844 2444 tus.
1882 2385 2218 2444 Praeclarus
2251 2391 2379 2445 erat
2410 2389 2788 2447 concionator
2819 2390 2896 2448 ob
2916 2391 3006 2447 in-

387 2479 572 2538 diisse
605 2478 890 2536 dicuntur
921 2477 1346 2553 Norimbergae
1379 2485 1532 2537 1491
1563 2478 1605 2532 t.
1631 2484 1664 2535 2
1727 2476 1929 2552 signes
1962 2477 2191 2534 animae
2224 2476 2391 2534 dotes
2424 2477 2617 2536 factus
2638 2484 2728 2536 est
2748 2477 3009 2554 primum

388 2570 453 2626 in
486 2578 541 2630 4.
588 2567 720 2625 Vita
757 2566 975 2624 Clu-isti
1006 2584 1111 2624 seu
1131 2564 1546 2628 meditationes
1567 2563 1665 2622 de·
1736 2572 1901 2627 1388
1949 2565 2261 2639 episcopus
2306 2564 2611 2625 adurensis
2658 2562 2746 2648 (in
2797 2566 3007 2626 Vasco-

389 2662 558 2716 votae
588 2657 650 2715 in
684 2656 869 2715 vitam
901 2655 1136 2724 Christi,
1185 2653 1405 2730 prodiit
1436 2653 1488 2712 N
1493 2654 1669 2713 orim-

389 2749 602 2823 bergae
661 2755 824 2809 1472
877 2748 939 2802 et
986 2746 1144 2802 inter
1194 2763 1370 2818 opera
1401 2762 1442 2801 s.
1478 2745 1666 2801 Bona·

390 2843 676 2895 venturae
707 2840 748 2892 t.
786 2834 863 2891 v1
895 2853 948 2909 p.
988 2842 1041 2894 2.
1064 2834 1151 2892 ed.
1176 2851 1442 2891 romanae
1474 2843 1667 2895 1588-

394 2935 428 2987 9
439 2936 494 2995 6;
514 2926 671 2983 sicut
684 2924 833 2982 sorte
848 2926 910 2980 et
924 2923 1213 2998 speculum
1229 2923 1310 2979 bb.
1341 2922 1404 2979 V.
1425 2922 1668 2990 Mariae,

391 3016 695 3092 Augustae
736 3022 934 3080 14763
984 3029 1273 3070 sermones
1303 3010 1375 3068 de
1407 3015 1670 3085 tempore

390 3103 554 3162 etde
586 3100 821 3169 sanctia
858 3100 1038 3159 Zwoll
1084 3110 1264 3170 1479,
1287 3102 1350 3157 in
1371 3101 1442 3168 f.;
1477 3100 1666 3175 Hage-

391 3211 537 3251 noae
579 3200 772 3255 1496;
808 3190 1045 3264 aliaque
1065 3190 1360 3263 opuscula,
1397 3189 1670 3247 Coloniae

399 3291 597 3349 1486;
676 3279 939 3338 Venetiis
1010 3288 1170 3341 1477
1195 3300 1209 3347 ;
1288 3277 1671 3354 Argentorati

400 3380 597 3441 1499:
676 3368 1099 3443 Norimbergae
1185 3377 1348 3429 1499
1413 3371 1520 3425 etc.
1583 3399 1670 3409 --

391 3459 813 3535 Dionysius
875 3458 946 3516 de
997 3456 1286 3517 Murcia
1349 3456 1668 3531 Hispanus,

391 3549 495 3625 qui
527 3552 661 3624 post
691 3547 904 3623 adepta
952 3547 1289 3605 doctoratus
1320 3544 1576 3622 insignia
1605 3545 1670 3601 in

391 3637 687 3697 academia
728 3636 1040 3712 parisiensi
1091 3634 1450 3711 theologiam
1486 3652 1670 3709 prope

389 3748 436 3785 a.
490 3727 704 3805 decem,
739 3725 954 3784 docuit.
1018 3726 1088 3783 In
1121 3724 1385 3781 Siciliam
1436 3723 1670 3781 delatus

392 3816 506 3876 fuit
537 3817 737 3893 regius
769 3815 1110 3891 capellanus
1142 3817 1201 3870 et
1221 3812 1551 3871 abUrbano
1578 3811 1668 3869 VI.

383 3904 453 3964 ¹in
502 3905 1002 3980 archiepiscopum
1049 3919 1483 3960 messanensem
1537 3920 1670 3976 pro-

390 3998 588 4054 motus
622 3994 846 4072 (13633
892 3990 928 4057 †
972 3988 1178 4073 1380).
1213 4025 1297 4034 -
1331 3991 1670 4048 Joannes

463 4186 522 4264 J).
561 4182 694 4251 Ejus
744 4180 909 4261 fratri
957 4178 1287 4259 ‘secundum
1338 4194 1564 4231 carnem
1617 4181 1674 4231 et

390 4249 1538 4390 {5222ffi’ssogginbssffgadgueqntissoffiz
1550 4266 1676 4374 give

391 4396 681 4451 doctrinae
726 4412 752 4448 s
779 4411 845 4447 ve
893 4393 1123 4464 pietatis
1167 4396 1290 4446 erat
1340 4402 1384 4458 (†
1424 4398 1509 4448 28.
1551 4395 1670 4445 Oct.

1727 2651 1887 2733 nia);
1922 2653 2060 2713 inde
2090 2653 2419 2712 translatus
2452 2675 2500 2713 a.
2532 2666 2695 2721 1390
2719 2656 2793 2716 ad
2813 2656 3009 2717 sedem

1726 2743 2161 2805 dublinensem,
2196 2763 2244 2801 a.
2275 2753 2438 2807 1395
2475 2745 2548 2802 ad
2582 2746 3007 2816 cicestrensem,

1726 2852 1861 2892 mox
1892 2832 1966 2890 ad
1998 2834 2407 2893 eboracensem
2441 2832 2502 2913 (†
2541 2846 2591 2898 1.
2624 2835 2765 2894 Jun.
2798 2831 3008 2915 1:398).

1727 2921 1843 2980 Sed
1874 2940 2009 2980 cum
2040 2921 2283 2997 utrique
2334 2922 2456 2980 fere
2503 2923 2706 2982 eadem
2738 2924 3009 2983 tribuan-

1726 3014 1829 3068 tur
1877 3029 2073 3084 opera,
2128 3014 2376 3086 ortaque
2425 3012 2504 3069 sit
2552 3013 2839 3083 confusio,
2890 3032 3008 3072 non

1728 3099 1873 3158 satis
1905 3099 2115 3174 liquet,
2148 3118 2292 3157 num
2338 3119 2544 3159 revera
2590 3109 2843 3178 uterque
2888 3123 3008 3161 ma·

1726 3190 1981 3266 gistrum
2029 3192 2461 3248 commentatus
2512 3190 2605 3248 sit.
2654 3224 2739 3233 -
2785 3192 2823 3250 J
2840 3211 2873 3251 o
2892 3212 3007 3250 an-

1726 3296 1859 3336 nes
1907 3278 2216 3335 Clivoth
2264 3277 2336 3336 de
2383 3277 2637 3338 Saxonia
2681 3282 2759 3352 (fl.
2816 3277 3008 3359 1395)

1727 3399 1815 3411 —-
1848 3367 2299 3425 Bernardus
2340 3367 2663 3445 Pugalis
2695 3371 2767 3428 de
2800 3370 3011 3429 Tolosa

1727 3457 1790 3514 in
1823 3456 2117 3514 academia
2145 3456 2417 3515 tolosana
2447 3476 2490 3516 s.
2508 3454 2854 3536 'theologiae
2885 3458 3009 3517 lau-

1726 3563 1829 3604 rea
1879 3545 2187 3605 decoratus
2236 3539 2319 3627 (fl.
2378 3542 2567 3627 1398)
2614 3581 2701 3590 -
2746 3548 3008 3607 Arnol·

1728 3635 1764 3691 d
1784 3654 1824 3692 u
1841 3653 1867 3692 s
1920 3633 1956 3691 S
1976 3652 2109 3692 anc
2126 3635 2285 3692 tius
2334 3635 2659 3696 Tolosanus
2690 3636 2771 3718 (fl.
2816 3632 3006 3717 1390)

1727 3725 1834 3781 etc.

1824 3912 1966 3962 344.
2001 3901 2083 3958 Ex
2148 3902 2738 3962 carmelitarum
2804 3903 3009 3962 ordine

1728 3990 1947 4049 claruit
2006 3989 2344 4050 Joannes
2394 3992 2528 4049 Bal
2548 3992 2698 4051 lest
2719 4011 2797 4049 er
2845 3992 3006 4073 (Bul-

1729 4075 2018 4159 listarius)
2053 4079 2367 4138 Catalunus
2399 4079 2643 4157 origine,
2681 4119 2708 4148 ,
2721 4082 3009 4157 sapientia

1728 4174 1790 4227 et
1822 4166 2154 4248 doetrina2)
2189 4169 2454 4246 insignis.
2471 4179 2498 4208 ‘
2535 4170 2699 4228 Unde
2732 4171 2888 4230 inter
2917 4190 3007 4229 ce-

1727 4263 1891 4316 teros
1954 4259 2222 4317 doctores
2283 4259 2534 4317 Parisios
2585 4278 2695 4318 suo
2747 4263 3009 4336 tempore

1729 4352 2033 4407 currentes
2083 4347 2146 4407 in
2193 4348 2559 4423 speculativa
2608 4349 2859 4408 scientia
2889 4348 3008 4425 pri-

393 4473 570 4537 1363),
612 4466 880 4520 tribuunt
901 4482 949 4517 ιι·
990 4465 1202 4536 pariter
1242 4464 1490 4518 lecturas
1527 4464 1582 4517 in
1612 4464 1670 4518 ll.
1729 4439 1954 4495 matum
2007 4437 2214 4495 tenuit·
2280 4437 2389 4494 Hic
2436 4456 2615 4511 Smper
2659 4447 2909 4516 quatum
2952 4439 3008 4498 u·

391 4538 819 4594 sententiarum.
851 4539 929 4590 De
959 4540 1202 4604 utroque
1230 4536 1616 4588 cf.Lanterius
1637 4536 1671 4597 1,

391 4616 669 4670 263ffl69;
698 4608 963 4677 Ossinger
991 4614 1076 4665 94.
1106 4612 1238 4667 143;
1268 4611 1335 4660 de
1366 4610 1557 4662 nostro
1585 4607 1673 4661 'ri-

392 4682 649 4738 raboschi
678 4681 744 4733 V.
774 4681 811 4734 l.
837 4686 886 4738 2.
916 4696 962 4734 c.
991 4685 1018 4735 1
1049 4693 1076 4745 ς·
1102 4686 1201 4735 20:
1255 4678 1449 4733 Gloria
1479 4677 1672 4732 Monu-

392 4756 567 4808 menti
593 4753 745 4809 della
787 4750 1113 4805 Universita
1148 4750 1206 4803 di
1249 4749 1472 4804 padova
1505 4752 1542 4814 1,
1569 4756 1674 4805 548
1727 4750 1790 4802 in

393 4826 621 4881 Padova
649 4829 803 4887 1888,
832 4822 928 4875 ubi
956 4839 1248 4892 perpera-n
1283 4822 1401 4890 ipse
1423 4825 1481 4874 et
1502 4823 1674 4874 frater

390 4899 512 4969 ejus
540 4906 601 4954 Ο.
632 4896 827 4951 Praed.
854 4894 1210 4949 adscribitur.

1809 4687 1820 4717 ¹
1874 4678 1957 4733 Cf.
1984 4677 2322 4732 Bellesheim
2350 4680 2547 4732 Gcsch.
2592 4681 2691 4733 der
2719 4679 2772 4734 k.
2802 4679 3008 4732 Kirche

1872 4750 2005 4805 land
2034 4751 2071 4815 1,
2100 4755 2220 4807 540.

1805 4827 1845 4891 ²)
1874 4821 1959 4874 Ita
1982 4822 2044 4874 in
2071 4821 2304 4877 elencho
2322 4823 2406 4876 ed.
2429 4840 2461 4875 a
2480 4822 2693 4875 Denifle
2713 4822 2923 4875 Archiv
2941 4820 3007 4885 V,

1728 4897 1851 4949 377.
