3475 5364
401 354 479 405 8¹.»
490 351 524 404 3
1172 332 1436 395 Gochius,
1463 334 1796 395 Germanus,
1826 331 1949 386 Nic.
1979 330 2247 386 Casanus.
2883 350 3009 403 394

397 520 570 578 finem
601 537 719 578 non
748 517 1101 595 perductus;
1135 520 1206 577 de
1233 525 1483 595 quatuor
1514 537 1673 578 erro·
1731 513 1827 598 (cf.
1844 536 1896 592 p.
1920 515 2090 596 881),
2117 518 2189 577 de
2217 517 2600 592 conceptione
2629 517 2683 576 b.
2714 517 2928 577 Mariae
2944 517 3009 576 V.

398 609 563 668 m’bus
593 607 743 668 circa
773 609 963 684 legem
1005 608 1413 685 evangelicam
1453 608 1673 667 exortis
1729 612 1856 677 etc„
1891 607 2244 683 prodierunt
2286 609 2523 666 tantum
2555 606 2734 668 Liber
2775 608 2846 665 de
2894 608 3009 666 vir-

399 703 459 757 et
486 696 876 774 religionibus
925 696 1165 757 factitiis
1212 697 1485 774 dialogus
1516 697 1674 773 apud
1730 696 1946 755 tutibus
1992 695 2251 772 Philippi
2291 695 2469 774 (III.)
2515 695 2903 772 Burgundiae
2951 699 3013 754 et

400 787 658 846 Walch
697 788 1082 846 Monumenta
1115 788 1137 844 1
1172 786 1304 845 fasc.
1340 794 1377 848 4
1411 805 1466 862 p.
1505 795 1673 849 73-
1731 785 2087 845 Brabantiae
2148 785 2336 853 ducis,
2388 785 2572 861 vulgo
2623 785 2791 852 Boni,
2854 784 3013 859 apud

403 885 559 947 2403
591 877 659 935 de
689 873 1151 935 scholasticomm
1180 877 1415 951 scriptis
1444 879 1506 934 et
1539 875 1674 933 reli·
1733 875 2017 951 Ludewig
2048 875 2232 951 Relig.
2267 892 2421 943 msc„
2465 884 2625 938 1737
2658 873 2755 941 XI,
2782 882 3013 942 3·127;

401 966 706 1044 giosorum
767 964 924 1023 votis
1001 965 1253 1041 epistola
1314 964 1678 1040 apologetica
1732 969 1795 1022 et
1826 963 1985 1040 apud
2004 964 2245 1039 Kervyn
2265 963 2337 1022 de
2358 963 2720 1022 Lettenhove
2749 963 2815 1021 in
2837 963 3013 1022 Chro-

401 1058 606 1115 contra
682 1054 1125 1114 Dominicsnum
1204 1055 1498 1128 quendam
1562 1050 1675 1136 ·(cf.
1734 1054 1948 1129 niques
1979 1052 2210 1112 relatifs
2242 1059 2277 1112 a
2310 1052 2490 1111 l’hist.
2535 1052 2607 1111 de
2639 1053 2696 1110 la
2727 1053 3014 1128 Belgique

401 1144 825 1221 Engelbertum
862 1142 1204 1213 OultrificiS,
1238 1143 1311 1202 de
1332 1162 1450 1218 quo
1470 1139 1674 1224 infra),
1733 1147 1862 1213 etc„
1905 1151 2087 1206 1876.
2121 1142 2193 1201 11.
2216 1141 2538 1202 collection
2557 1142 2631 1200 de
2651 1142 3014 1217 Chroniques

402 1234 478 1291 ib.
511 1232 569 1290 11
601 1233 741 1291 fasc.
779 1244 829 1293 1.
863 1252 995 1308 pag.
1033 1241 1266 1303 3-24,
1302 1237 1364 1290 et
1394 1232 1538 1291 alibi
1551 1234 1676 1309 jam
1736 1232 1947 1306 Belges
1991 1250 2048 1307 p.
2101 1243 2257 1293 1--1
2280 1239 2386 1299 15;
2434 1234 2497 1289 et
2540 1229 2764 1306 Mappa
2808 1231 3015 1290 mundi

402 1326 589 1382 antea.
609 1322 682 1381 In
702 1322 814 1380 Dei
839 1323 1069 1399 qratiae
1098 1328 1151 1380 et
1181 1323 1680 1398 christianaefidei
1735 1320 2085 1396 spiritualia,
2119 1320 2223 1379 sed
2256 1323 2596 1389 retractata,
2649 1319 3015 1395 alphabetico

402 1411 946 1471 commendationem
977 1414 1181 1469 contra
1211 1411 1421 1470 falsam
1451 1412 1513 1470 et
1533 1411 1677 1487 pha-
1735 1409 2029 1485 disposita
2059 1413 2121 1468 et
2151 1408 2555 1468 additionibus
2577 1412 2749 1468 aucta
2769 1409 2830 1468 in
2853 1416 3012 1487 typo·

403 1500 671 1561 risaicam
703 1501 1028 1558 multorum
1076 1500 1148 1558 de
1171 1501 1433 1575 justitiis
1465 1505 1526 1559 et
1555 1519 1679 1558 me·
1730 1500 1988 1576 graphia
2007 1506 2343 1558 sanctorum
2369 1498 2589 1557 Christi
2608 1507 2935 1574 martyrum
2947 1494 3013 1579 ¹).

403 1590 536 1649 ritis
570 1608 814 1665 operum
836 1589 1166 1648 doctrinam
1186 1593 1248 1647 et
1265 1590 1681 1665 gloriationem
1736 1588 1982 1647 Parisiis
2020 1596 2205 1651 1573.
2270 1587 2432 1663 Opus
2470 1587 2761 1664 originale
2794 1589 3017 1662 reperit

403 1679 740 1756 fragmenta
782 1678 1027 1753 aliquot,
1074 1697 1118 1743 s.
1151 1677 1190 1734 l.
1222 1681 1286 1736 et
1314 1698 1363 1736 a.
1399 1673 1679 1760 (Antver·
1737 1678 1977 1736 Fischer
2037 1678 2098 1734 in
2149 1677 2287 1735 bibl.
2350 1677 2546 1752 regiae
2593 1678 2840 1736 bruxell.
2892 1676 3013 1735 cod.

407 1769 534 1844 piae
593 1763 803 1848 1523).
870 1768 1074 1826 Merito
1135 1767 1376 1842 quidem
1428 1766 1490 1826 in
1552 1769 1681 1843 ejus
1746 1777 1929 1830 1038.

407 1857 646 1933 scriptis
676 1857 1195 1932 reprehenduntur
1226 1857 1454 1915 aversio
1485 1877 1520 1916 a
1549 1857 1678 1932 phi-

406 1946 807 2022 losophorum,
884 1946 1232 2004 Aristotelis
1309 1946 1677 2020 praesertim,
1830 1953 1972 2007 439.
2008 1944 2423 2003 Nominandus
2465 1945 2589 2018 jam
2642 1949 2736 2006 est
2797 1944 3015 2003 Nico·

405 2036 639 2111 scriptis
672 2039 734 2093 et
762 2054 798 2092 a
828 2034 1182 2093 scholastica
1226 2034 1539 2111 theologia,
1570 2035 1679 2093 ali·
1736 2033 1911 2091 laus
1962 2053 1996 2091 a
2043 2033 2172 2092 vico
2223 2032 2371 2092 Cues
2423 2033 2495 2091 ad
2548 2033 2854 2094 Mosellam
2901 2033 3016 2092 sito

406 2128 553 2201 quot
602 2124 906 2199 opiniones
951 2123 1152 2183 minus
1200 2142 1373 2183 sanae
1421 2125 1494 2181 de
1528 2125 1679 2184 votis
1739 2122 2093 2182 Cusanus
2141 2121 2591 2198 cognominatus
2621 2141 2678 2180 n.
2723 2132 2903 2185 1401.
2966 2123 3017 2180 A

405 2213 716 2290 religiosis,
751 2211 824 2271 de
856 2212 1195 2271 discrimine
1243 2213 1406 2271 inter
1437 2214 1679 2289 presby·
1737 2215 1908 2286 patre
1942 2211 2304 2286 professione
2336 2214 2536 2280 nauta,
2571 2211 2807 2269 nomine
2827 2211 3017 2271 Krebs

405 2307 563 2362 teros
596 2306 656 2360 et
685 2302 1012 2377 episcop08,
1036 2303 1136 2359 sed
1158 2302 1380 2361 frustra
1398 2306 1457 2359 et
1477 2308 1682 2361 contra
1739 2297 2034 2381 (Chrypffs
2078 2294 2399 2381 Chrypftz)‚
2433 2318 2583 2374 puer
2610 2299 2821 2360 durius
2866 2302 3017 2359 trac·

406 2392 715 2452 veritatem
748 2391 1156 2449 Protestantes
1197 2395 1268 2450 ut
1297 2391 1678 2461 Flaccius,
1735 2392 1900 2449 tatus
1917 2390 2067 2448 clam
2084 2389 2323 2464 aufugit
2337 2389 2715 2464 benigneque
2732 2391 3016 2463 exceptus

409 2480 678 2549 walch,
714 2483 817 2555 qui
848 2479 1054 2538 Gochii
1085 2479 1308 2556 scripta
1336 2477 1525 2540 edidit
1545 2498 1681 2541 cum
1737 2479 1854 2537 fuit
1884 2498 1918 2536 a
1946 2478 2159 2537 comite
2190 2478 2263 2536 de
2296 2477 2750 2538 Manderscheid.
2785 2478 3013 2538 Studiis

407 2569 651 2645 prolixis
745 2570 1198 2645 prolegomenis,
1276 2569 1327 2627 U
1347 2570 1369 2627 l
1388 2570 1409 2626 l
1429 2590 1486 2628 m
1508 2590 1543 2628 a
1559 2589 1600 2629 n
1620 2590 1677 2639 n,
1739 2567 2191 2625 humanioribus
2218 2585 2453 2641 operam
2481 2567 2649 2626 dedit
2664 2567 3012 2627 Heidelber-

407 2659 726 2719 Lechler
756 2661 883 2730 etc„
917 2677 1053 2718 eum
1086 2657 1479 2719 adnumerant
1510 2660 1678 2719 testi·
1737 2675 1862 2733 gae,
1897 2656 2131 2717 Patavii
2171 2655 2317 2733 juri,
2365 2655 2471 2717 sed
2515 2656 2696 2716 simul
2742 2656 3012 2727 mathesi,

396 2749 520 2809 ‚bus
570 2768 837 2807 errorum
888 2747 1340 2806 Lutheranismi.
1405 2749 1682 2807 Ceterum
1737 2745 2141 2822 philosophiae
2186 2750 2367 2821 atque
2412 2746 2600 2805 literis
2630 2745 2891 2807 classicis
2920 2746 3015 2805 in·

408 2838 672 2897 dubitari
720 2837 974 2895 subinde
1024 2830 1218 2912 potest
1250 2837 1322 2896 de
1352 2841 1555 2896 textus
1588 2838 1678 2896 in·
1739 2836 1951 2895 cubuit
1998 2835 2284 2912 magistro
2315 2838 2491 2895 utens
2525 2835 2740 2894 celebri
2775 2834 2816 2894 J
2818 2834 3015 2895 uliano

405 2922 765 3006 tegritatel').
827 2925 910 2985 Ea
949 2943 1122 3001 porro
1156 2927 1219 2984 in
1251 2925 1496 2986 classem
1541 2940 1585 2989 1.
1619 2927 1679 2985 ll.
1739 2924 2000 2984 Cesarini
2033 2925 2125 3001 (cf.
2160 2943 2342 3000 supra
2356 2943 2410 2999 p.
2434 2934 2467 2986 8
2489 2920 2605 3004 19).
2637 2926 2842 2984 Annos
2855 2944 2912 2983 n.
2932 2934 3013 2988 2‘:

407 3016 839 3094 prohibitorum
889 3014 1102 3074 indicis
1149 3015 1334 3074 relata
1384 3019 1543 3075 sunt.
1595 3050 1681 3061 —
1737 3013 1997 3073 doctoris
2042 3015 2413 3074 decretorum
2445 3013 2638 3090 gradu
2685 3013 2803 3073 fuit
2830 3014 3015 3089 insig-

410 3106 500 3165 Ca
510 3107 536 3182 j
558 3107 837 3164 etanus
900 3104 972 3163 de
1032 3096 1292 3165 'Pienis
1342 3105 1681 3165 vicentinus
1740 3105 1921 3162 nitus.
1984 3103 2354 3163 Advocatum
2400 3103 2591 3177 primo
2621 3102 2765 3179 egit,
2813 3121 3017 3162 verum

405 3194 666 3271 primum
687 3193 966 3257 medicus,
991 3193 1397 3268 philosophus,
1428 3193 1565 3253 dein
1587 3212 1680 3252 ca·
1740 3212 1874 3251 mox
1905 3211 1966 3252 se
1999 3191 2074 3251 ad
2105 3192 2465 3268 theologiam
2494 3193 2792 3251 convertit
2818 3192 3017 3268 etjam

407 3283 659 3343 nonicus
704 3277 768 3366 (†
806 3280 1017 3359 1462),
1071 3283 1175 3356 qui
1206 3284 1681 3342 Averroistarum
1737 3301 1787 3339 a.
1832 3291 1995 3344 1430
2027 3285 2352 3356 'comparet
2400 3280 2659 3341 decanus
2689 3281 3017 3356 capitulis.

410 3371 751 3433 sectabatur
769 3371 1097 3449 opiniones,
1118 3371 1366 3447 reliquit
1385 3390 1678 3431 commen·
1737 3370 2022 3430 Florentii
2073 3369 2492 3439 Confluentiae,
2543 3369 2682 3428 dein
2730 3369 3017 3429 archidia-

408 3461 564 3521 taria
606 3462 670 3520 in
716 3460 945 3536 aliquot
982 3461 1330 3521 Aristotelis
1374 3480 1563 3536 opera.
1597 3496 1683 3505 —
1741 3478 1924 3519 conus
1956 3465 2018 3517 et
2045 3458 2489 3533 protonotarius
2507 3458 2885 3534 apostolicus.
2918 3457 3017 3516 In·

410 3550 723 3609 «Ioannes
757 3550 966 3607 Germ
987 3568 1074 3607 an
1096 3567 1179 3607 us
1202 3545 1529 3631 (Germain)
1547 3550 1682 3609 Olu—
1743 3548 1953 3606 terfuit
2014 3547 2263 3606 concilio
2327 3547 2637 3607 basileensi
2704 3547 2923 3606 missus
2986 3567 3020 3604 a

410 3639 720 3709 niacensiS,
763 3638 827 3695 in
851 3637 1158 3697 Sorbonna
1187 3638 1406 3696 studiis
1447 3658 1684 3714 operam
1742 3637 1955 3696 comite
1991 3635 2185 3695 Ulrico
2219 3637 2291 3696 de
2322 3635 2782 3704 Manderscheid,
2834 3636 3020 3696 eleeto

412 3727 578 3787 dedit
589 3728 900 3803 factusque
919 3730 1014 3786 est
1037 3727 1347 3803 episcopus
1368 3728 1680 3787 nivernen·
1742 3726 2182 3800 archiepiscopo
2202 3725 2535 3791 trevirensi,
2569 3728 2641 3786 ut
2672 3726 2851 3800 hujus
2879 3742 3018 3785 cau-

316 3893 322 3899 ·
411 3818 510 3886 sis,
543 3817 682 3878 dein
714 3816 1148 3886 cabillonensiS,
1182 3816 1409 3876 ordinis
1444 3818 1684 3877 velleris
1743 3833 1864 3874 sam
1900 3814 2185 3873 adversus
2218 3815 2347 3891 ejus
2380 3816 2681 3873 aemulum
2712 3814 3021 3873 Rabanum

411 3907 574 3966 aurei
595 3905 994 3974 cancellarinS,
1028 3905 1195 3964 ducis
1217 3906 1603 3983 Burgundiae
1623 3907 1685 3965 in
1744 3905 1816 3963 de
1850 3904 2180 3963 Helmstatt
2211 3903 2553 3980 episcopum
2586 3904 2914 3979 spirensem
2944 3902 3019 3961 ab

411 3996 658 4056 concilio
689 3994 1005 4053 basileensi
1049 3994 1287 4072 legatus
1336 3992 1395 4075 (†
1430 4005 1486 4057 2.
1517 3996 1684 4054 Febr.
1743 3993 2012 4069 Eugenio
2032 3991 2128 4050 IV.
2163 3993 2235 4052 ad
2254 3993 2452 4052 sedem
2472 3993 2864 4053 trevirensem
2882 4010 3019 4067 pro-

420 4080 630 4167 1461).
693 4083 777 4144 Ex
809 4083 1086 4159 plurimis
1130 4084 1398 4159 ejusdem
1429 4086 1683 4161 scriptis,
1743 4086 1967 4141 motum
2002 4085 2219 4158 ageret.
2251 4083 2323 4141 In
2353 4082 2458 4141 illa
2491 4081 2716 4159 synodo
2728 4077 2778 4162 2)
2813 4082 3021 4156 etipse

410 4174 569 4233 inter
599 4192 751 4249 quae
784 4174 928 4233 sunt
945 4173 1364 4233 commentaria
1383 4174 1447 4232 in
1463 4175 1684 4251 magis-

410 4267 572 4321 trum
651 4262 1104 4330 sententiarum,
1184 4261 1456 4339 dialogus
1531 4264 1690 4322 inter
2250 4325 2268 4334 ,

413 4351 814 4410 Christianum
826 4350 1332 4412 etSaracenumll.
1354 4362 1409 4420 5,
1427 4353 1465 4410 1.
1483 4357 1689 4411 contra
1822 4330 1862 4467 ἐξ
1891 4323 1973 4451 gg
2002 4323 2052 4449 13
2048 4327 2170 4449 {rsit
2187 4324 2257 4450 ἔον
2275 4328 2888 4449 ,ἱὲὸἔέἆὶῖἐο.ωεῦθθωί
2914 4393 3022 4447 dis·

335 4454 338 4457 ’
411 4441 722 4517 opiniones
755 4439 1028 4518 Magistri
1058 4440 1382 4517 Augustini
1415 4442 1487 4500 de
1508 4441 1690 4501 R011²³
1747 4471 2025 4522 serentem
2054 4466 2151 4520 Bir
2221 4467 2285 4520 in
2323 4466 2453 4520 hist.
2475 4465 2670 4519 Jahrb.
2692 4469 2848 4522 1892.
2875 4465 3021 4529 xm,

449 4582 458 4589 ·
1747 4539 2576 4596 770—782.—De.10anne
2621 4538 2689 4591 de
2740 4537 3021 4605 Lyeura

427 4642 430 4645 -
491 4613 529 4681 1)
555 4609 639 4665 Of.
669 4609 1011 4665 Niemocller
1038 4610 1090 4665 S.
1118 4612 1165 4665 J.
1193 4610 1333 4663 KL·.
1361 4616 1410 4675 6,
1441 4616 1688 4670 1678-84:
1748 4611 1884 4678 quia
1905 4610 1974 4664 de
1993 4610 2181 4664 Lieser
2196 4609 2409 4679 oppido
2428 4609 2754 4664 trevirensis
2770 4607 3023 4670 ditionis,

414 4680 547 4736 Otto
564 4681 795 4735 Clemen
811 4681 938 4737 Joh.
957 4680 1188 4752 Pupper
1204 4699 1255 4737 v.
1273 4681 1446 4747 Goch,
1460 4683 1692 4753 Leipzig
1749 4681 1957 4737 Cusani
1985 4681 2233 4749 aequali,
2261 4680 2332 4735 cf.
2350 4683 2409 4735 F.
2425 4680 2571 4736 Falk
2588 4678 2862 4734 Katholik
2885 4682 3023 4737 1896

415 4757 555 4811 1896
580 4754 640 4806 et
666 4752 926 4809 Realenc.
957 4752 1076 4815 Vl³‚
1104 4758 1419 4814 740—7432
1456 4754 1690 4808 Knaake
1750 4754 1818 4817 11,
1843 4757 2145 4810 437—454.
2187 4750 2324 4807 Fuit
2364 4752 2485 4821 ipse
2514 4749 2862 4807 Theoderico
2887 4750 3023 4807 elec-

416 4824 586 4879 theol.
613 4822 855 4879 Studien
883 4824 1002 4878 und
1032 4824 1294 4879 Kritiken
1325 4830 1457 4882 1891
1489 4844 1544 4895 p.
1565 4830 1689 4883 738·
1748 4826 1859 4879 tori
1888 4824 2227 4892 moguntino
2253 4839 2289 4876 a
2312 4821 2582 4886 consiliis,
2628 4820 2855 4875 concilii
2882 4820 3022 4894 basi·

415 4899 536 4953 774.
1747 4895 1950 4949 leensis
2001 4894 2227 4959 assecla,
2280 4892 2375 4946 sed
2428 4895 2623 4960 postea
2675 4890 2903 4945 transiit
2951 4893 3022 4943 ad
