3475 5364
247 354 292 407 3
303 356 348 409 3
361 356 406 410 3
1209 338 1550 393 Vincentius
1574 337 2014 393 Bellovacensis.
2793 357 2828 410 3
2840 357 2918 410 34

247 525 608 585 britannic.
641 526 822 584 medii
852 527 981 585 aevi
1013 526 1112 588 SS.
1143 525 1392 586 Londini
1420 547 1477 585 n.
1504 536 1579 589 25
1641 526 1840 585 nando
1872 528 2140 583 cessaret.
2175 525 2328 583 Dum
2359 526 2421 582 in
2441 524 2676 600 Regalis
2707 525 2925 583 montis

261 624 410 677 186
433 625 461 676 1
485 636 540 691 p.
566 627 590 676 1
611 624 845 678 —444.
866 615 1193 674 Innumera
1213 620 1410 675 autem
1433 611 1585 698 (ser-
1643 615 1997 674 monasterio
2042 610 2487 694 (Royaumont),
2540 615 2698 689 quod
2731 633 2773 671 s,
2805 613 2924 672 Lu-

244 723 510 767 mones,
545 704 1014 773 dissertationes,
1061 704 1222 763 dicta
1251 702 1386 782 etc.)
1417 724 1585 763 mser.
1641 704 1883 763 dovicus
1926 723 2027 762 rex
2072 702 2514 779 magnificentia
2556 704 2733 779 plane
2764 704 2927 780 regia

247 797 682 852 asservantur
729 794 795 851 in
857 794 1106 871 collegio
1156 813 1227 853 ss.
1279 794 1588 853 Trinitatis
1642 795 2055 852 construxerat
2085 796 2147 850 et
2194 792 2564 866 frequentius
2611 792 2922 860 invisebat,

248 882 778 959 cantabrigiensi.
843 883 1101 942 Decessit
1153 895 1188 946 9
1239 880 1585 963 (secundum
1642 882 1885 960 degeret
1901 882 2252 955 lectorisque
2269 900 2513 939 munere
2550 901 2658 958 pro
2691 881 2926 958 religio-

253 971 435 1030 alios
489 974 598 1050 10)
646 971 773 1030 Oct.
818 982 981 1035 1253
1029 991 1150 1031 non
1199 973 1323 1031 sine
1368 973 1586 1032 sancti·
1641 972 1719 1031 sis
1771 971 1833 1031 Ο.
1885 971 2020 1030 Cist.
2071 970 2441 1047 fungeretur,
2494 970 2569 1028 ab
2615 970 2742 1046 ipso
2788 989 2925 1046 rege

256 1061 436 1119 tatis
469 1062 654 1127 sama,
689 1061 833 1119 adeo
865 1063 938 1120 ut
968 1062 1201 1120 iteratis
1231 1060 1459 1120 vicibus
1489 1080 1585 1121 co·
1644 1060 2058 1129 advocabatur,
2106 1062 2178 1117 ut
2226 1063 2287 1117 et
2318 1059 2430 1117 sibi
2462 1062 2621 1118 esset
2652 1060 2837 1118 lector
2866 1062 2928 1117 et

256 1149 555 1224 gitatum
602 1150 789 1208 fuerit
831 1151 903 1208 de
947 1150 1319 1210 instituenda
1349 1151 1586 1210 canoni-
1641 1151 1729 1209 ita
1771 1151 1836 1207 in
1879 1150 2165 1208 familiam
2210 1148 2366 1225 regis
2415 1148 2531 1207 fuit
2563 1148 2924 1224 adscriptus:

259 1239 544 1298 zationis
577 1258 774 1297 causa.
825 1240 1074 1317 Magnae
1106 1244 1233 1298 erat
1265 1240 1586 1299 auctorita·
1642 1240 1739 1298 cui
1783 1258 1886 1297 rex
1937 1238 2267 1297 liberaliter
2297 1237 2559 1296 subsidia
2603 1237 2927 1312 praebebat

259 1328 356 1385 tis
416 1329 583 1404 apud
629 1347 943 1387 romanum
995 1329 1352 1404 pontificem,
1386 1348 1584 1406 regem
1644 1329 1717 1386 ad
1751 1328 1932 1387 libros
1963 1346 2072 1387 suo
2112 1331 2329 1403 rogatu
2360 1326 2787 1401 componendos
2803 1322 2864 1407 (†
2880 1344 2925 1384 c.

263 1417 542 1493 Angliae
580 1417 847 1492 aliosque
864 1418 1022 1476 viros
1053 1437 1163 1478 sua
1196 1422 1387 1477 aetate
1419 1419 1586 1476 illus-
1652 1412 1861 1499 1264).
1914 1417 2127 1475 Omnia
2170 1418 2303 1491 ejus
2334 1434 2513 1491 opera
2543 1416 2774 1491 spirant
2804 1415 2926 1491 pie-

261 1514 425 1565 tree.
485 1507 579 1565 En
613 1525 734 1581 qua
764 1507 1099 1565 reverentia
1128 1507 1201 1566 de
1232 1527 1300 1566 eo
1332 1508 1585 1583 loquan-
1641 1510 1850 1574 tatem,
1884 1508 2185 1564 testantur
2204 1505 2332 1579 ejus
2352 1504 2771 1568 humilitatem,
2806 1504 2926 1562 dis-

263 1602 391 1652 tur
425 1596 664 1669 aliquot
694 1596 1022 1654 cardinales
1043 1598 1201 1674 apud
1219 1597 1587 1656 Matthaeum
1642 1596 1900 1671 ciplinae
1922 1594 2408 1663 observationem,
2427 1611 2660 1651 morum
2676 1593 2925 1668 integri-

267 1684 689 1742 Parisiensem
738 1684 813 1743 ad
857 1705 905 1743 a.
949 1695 1147 1749 1253:
1212 1686 1588 1755 ,Catholicus
1642 1688 1828 1743 tatem
1877 1684 2035 1742 inter
2086 1683 2305 1742 aulicos
2364 1683 2784 1759 incorruptam,
2837 1701 2927 1739 re-

266 1779 397 1833 est.
433 1775 556 1832 imo
591 1774 1020 1843 sanctissimuS,
1055 1775 1224 1833 nobis
1243 1774 1584 1852 religiosior,
1643 1774 1880 1850 ligionis
1933 1773 2143 1841 zelum,
2189 1773 2441 1830 fratrum
2488 1791 2763 1839 amorem,
2799 1774 2927 1828 stu·

268 1863 463 1920 nobis
494 1868 560 1920 et
592 1863 869 1931 sanctior,
902 1863 1280 1923 excellentior
1311 1869 1371 1921 et
1402 1864 1586 1923 excel·
1642 1862 1806 1921 dium
1826 1862 2034 1921 salutis
2066 1862 2398 1920 animarum
2434 1860 2925 1918 ardentissimum.

278 1952 573 2010 lentioris
604 1953 783 2017 vitae,
816 1953 904 2010 ita
934 1956 1006 2010 ut
1037 1972 1156 2012 non
1187 1952 1466 2011 credatur
1497 1954 1587 2010 in·
1643 1952 1808 2010 Inter
1856 1971 1925 2010 ea
1973 1951 2355 2027 praecipuum
2401 1948 2592 2009 locum
2653 1953 2819 2007 tenet
2868 1953 2929 2006 et

269 2046 379 2098 ter
415 2059 627 2099 omnes
659 2042 962 2116 praelatos
994 2043 1295 2117 majorem,
1329 2042 1446 2100 imo
1479 2059 1586 2100 nec
1643 2042 1970 2100 multorum
2030 2040 2218 2099 instar
2279 2042 2370 2097 est
2431 2039 2558 2114 ejus
2617 2031 2928 2113 Speculum

270 2149 495 2204 parem
544 2130 780 2188 habere.
842 2131 1025 2189 Novit
1068 2131 1178 2190 hoc
1222 2131 1495 2207 gallicani
1526 2134 1587 2189 et
1643 2132 1855 2203 majus,
1890 2128 2340 2205 encyclopaedia
2358 2128 2569 2206 ingens
2591 2127 2776 2186 totius
2792 2146 2927 2184 eru-

272 2219 592 2295 anglicani
625 2219 768 2277 cleri
800 2220 1182 2279 universitas:
1234 2223 1436 2279 nostra
1466 2240 1585 2279 non
1641 2219 1884 2278 ditionis
1916 2219 2091 2278 medii
2142 2218 2286 2286 aevi,
2337 2218 2402 2275 in
2447 2236 2567 2291 qua
2616 2216 2928 2274 sedulitate

273 2308 668 2383 praevaleret
727 2308 1255 2368 contradictio...
1335 2311 1588 2387 Magnus
1643 2309 1817 2384 plane
1867 2308 2166 2384 stupenda
2217 2307 2288 2365 ad
2325 2316 2448 2369 450
2503 2305 2817 2380 scriptores
2868 2310 2930 2363 et

274 2398 448 2455 enim
515 2396 778 2455 habetur
825 2397 1222 2473 philosophus,
1266 2399 1466 2456 latinis
1527 2404 1587 2455 et
1643 2398 1794 2456 circa
1842 2397 1933 2456 bis
1982 2397 2144 2456 mille
2190 2415 2385 2472 opera,
2434 2413 2689 2470 quorum
2738 2394 2929 2453 multa

277 2486 522 2562 graecis
556 2486 749 2544 literis
793 2486 868 2544 ad
900 2486 1142 2562 plenum
1174 2487 1459 2556 erudituS,
1495 2508 1583 2545 ze·
1634 2487 1762 2562 jam
1824 2488 2067 2562 periere.
2132 2485 2339 2545 laudat
2386 2489 2565 2559 atque
2611 2504 2678 2544 ex
2725 2505 2930 2544 eorum

277 2575 449 2634 lator
518 2575 814 2651 justitiae,
896 2576 1080 2635 lector
1143 2577 1204 2635 'm
1254 2576 1586 2653 theologiae
1643 2575 1814 2634 dictis
1845 2594 2020 2634 suum
2054 2575 2359 2633 contexuit
2390 2594 2555 2650 opuS‚
2599 2593 2667 2632 ex
2699 2593 2805 2634 suo
2836 2576 2932 2633 in-

279 2665 524 2730 scholis,
590 2664 966 2741 praedicator
1026 2665 1091 2724 in
1137 2666 1392 2742 popu103
1457 2684 1584 2724 cas·
1640 2664 1815 2743 genio
1849 2684 2037 2741 pauca
2068 2664 2303 2734 addens,
2339 2663 2475 2723 hinc
2505 2664 2591 2723 ait
2621 2664 2770 2722 illud
2802 2684 2935 2725 esse

281 2755 484 2812 titatis
565 2759 817 2820 amator,
911 2759 1255 2830 persecutor
1345 2756 1585 2814 simoni·
1645 2755 1950 2830 ,ipsorum
1970 2755 2339 2822 auctoritate,
2374 2774 2570 2812 meum
2591 2758 2787 2814 autem
2809 2755 2932 2815 sola

284 2845 474 2901 alium
489 2839 603 2924 1)<.
1644 2844 1908 2918 partium
1942 2843 2313 2903 ordinatione
2331 2841 2432 2920 ¹).‘
2502 2844 2725 2903 Prodiit
2774 2846 2927 2903 illud

1640 2933 2144 3009 quadripartitum
2161 2933 2224 2991 in
2242 2943 2279 2996 4
2297 2933 2611 3010 grandiora
2629 2935 2930 2994 volumina

387 3021 721 3083 179.Alius
744 3021 1273 3098 polyhistor-hujus
1297 3022 1583 3096 temporis
1641 3021 1911 3087 divisum,
1964 3041 2218 3096 quorum
2268 3022 2525 3097 primum
2583 3023 2929 3082 inscribitur

283 3117 378 3169 est
423 3110 916 3178 VincentiuS,
970 3130 1005 3168 a
1050 3110 1175 3170 loco
1222 3111 1480 3188 originis
1515 3115 1586 3169 ut
1641 3110 1945 3185 Speculum
1988 3109 2280 3180 naturale,
2327 3112 2487 3186 quod
2533 3111 2589 3173 ll
2628 3121 2707 3174 32
2754 3132 2926 3188 prae-

283 3200 550 3266 videtur,
604 3199 1199 3258 Bellovacensis
1248 3199 1464 3269 dictuS,
1519 3199 1582 3259 Ο.
1640 3199 1817 3258 missa
1861 3200 2008 3275 disp.
2056 3201 2127 3258 de
2162 3201 2280 3260 Deo
2325 3204 2386 3258 et
2433 3201 2656 3278 angelis
2690 3202 2926 3260 univer-

285 3288 516 3354 Praed.,
550 3289 658 3364 qui
673 3288 947 3346 Lutetiae
978 3288 1335 3348 Parisiorum
1368 3289 1584 3347 studiis
1640 3307 1767 3346 sam
1801 3289 2109 3348 historiam
2124 3290 2462 3348 naturalem
2471 3290 2925 3364 juxtaordinem

285 3396 533 3453 operam
568 3377 815 3436 navavit
844 3380 907 3435 et
939 3397 1092 3436 unus
1123 3397 1191 3436 ex
1224 3378 1427 3453 primis
1449 3379 1581 3446 fuit,
1640 3378 1861 3452 opificii
1893 3397 1990 3437 sex
2023 3378 2255 3436 dierum
2304 3398 2411 3455 pro
2446 3382 2615 3437 statu
2647 3380 2927 3438 scientiae

282 3468 393 3541 qui
423 3467 510 3524 illi
542 3466 738 3526 ordini
778 3484 842 3524 se
864 3466 1168 3525 addixerit.
1202 3466 1419 3525 Helluo
1454 3471 1584 3525 erat
1639 3467 1804 3526 illius
1848 3468 2131 3542 temporis
2177 3467 2623 3543 complectitur;
2673 3469 2928 3526 alterum

285 3557 603 3622 librorum,
652 3556 903 3630 ideoque
950 3557 1138 3614 nullis
1189 3555 1584 3632 dignitatibus
1639 3557 1973 3624 doctrinale,
2021 3576 2139 3631 quo
2185 3557 2247 3614 ll.
2287 3568 2361 3620 17
2414 3556 2771 3615 lineamenta
2801 3577 2925 3616 om-

285 3646 572 3703 honorari
596 3645 811 3713 voluit,
832 3648 905 3702 ut
935 3648 1130 3703 totum
1164 3663 1226 3703 se
1247 3645 1363 3703 illis
1386 3646 1583 3722 legen·
1641 3645 1805 3703 nium
1839 3646 2287 3720 disciplinarum
2337 3665 2370 3702 a
2414 3647 2797 3721 grammatica
2827 3665 2926 3704 us-

284 3735 377 3793 dis
392 3733 899 3810 excerpendisque
916 3733 1585 3808 traderettquodtamen
1640 3754 1757 3809 que
1790 3735 1863 3792 ad
1895 3734 2256 3810 theologiam
2286 3735 2504 3802 tradit3
2538 3734 2786 3793 tertium
2804 3754 2925 3794 mo-

285 3843 408 3882 non
441 3824 529 3881 ita
562 3823 888 3899 praestitit.
935 3826 1007 3881 ut
1051 3823 1227 3881 etiam
1278 3844 1312 3881 a
1357 3824 1585 3882 concio·
1639 3826 1783 3899 rulo,
1833 3824 1894 3882 in
1940 3842 2058 3899 quo
2095 3833 2129 3886 3
2166 3824 2225 3881 ll.
2273 3824 2399 3900 agit
2428 3823 2501 3881 de
2531 3825 2922 3899 passionibus‘,

1643 3913 1891 3989 legibus,
1926 3913 2137 3989 gralia,
2172 3912 2499 3971 virtutibus
2531 3916 2591 3971 et
2623 3913 2815 3979 vitiis;
2864 3918 2925 3972 et

367 4054 402 4106 ¹1
434 4047 521 4099 Cf.
551 4043 748 4098 Oudin
777 4045 873 4108 111,
906 4049 1176 4103 136—53:
1230 4045 1305 4099 Pe
1349 4063 1419 4115 ge
1465 4046 1583 4100 Life

287 4117 354 4170 of
375 4117 752 4178 Grosseteste‚
801 4115 1045 4171 Londini
1073 4121 1240 4176 18712
1339 4117 1493 4172 elten
1519 4118 1583 4173 R.

288 4193 385 4242 Gr.
413 4189 475 4243 B.
506 4205 623 4241 von
652 4187 911 4252 Lincoln‚
954 4186 1218 4258 Friburgi
1246 4192 1416 4247 1887:
1469 4190 1584 4243 Ste·
1718 4197 1755 4256 ¹)
1785 4189 1866 4245 Cf.
1896 4189 2162 4245 Boutaric
2193 4189 2443 4243 Examen
2472 4190 2568 4243 des
2597 4207 2819 4244 sources
2846 4191 2923 4243 du

288 4277 507 4314 venson
537 4258 681 4313 Rob.
710 4259 1058 4313 Grosseteste
1090 4301 1103 4314 .
1130 4300 1141 4311 .
1173 4299 1185 4312 .
1237 4277 1271 4312 a
1297 4260 1584 4315 contribu·
1641 4261 1949 4332 Speculum
1988 4261 2282 4318 historiale
2323 4261 2392 4314 de
2420 4262 2487 4314 V.
2529 4261 2598 4315 de
2627 4261 2923 4328 Beauvais,

288 4332 412 4385 tion
439 4331 507 4385 of
528 4331 629 4384 the
657 4329 954 4400 religione,
996 4330 1254 4401 political
1280 4332 1393 4384 and
1420 4331 1583 4387 intel·
1641 4331 1873 4385 Parisiis
1925 4337 2063 4389 1863
2113 4351 2258 4403 opus
2307 4331 2562 4403 praemio
2614 4333 2923 4393 donatu1n;

290 4401 503 4457 lectual
549 4402 791 4470 hystory
837 4401 903 4453 of
941 4406 1009 4457 13
1054 4406 1311 4470 century,
1346 4402 1584 4457 London
1640 4404 1885 4458 Vinent
1911 4404 1980 4456 de
2010 4405 2066 4464 Β,
2097 4408 2153 4458 et
2180 4405 2236 4457 la
2262 4404 2663 4459 connaissance
2691 4404 2759 4457 de
2786 4405 2923 4458 l'an-

293 4479 463 4532 1893:
490 4473 676 4527 Pohle
695 4471 837 4531 KLv,
855 4472 922 4537 V,
941 4477 1222 4531 1292-99
1242 4494 1252 4526 :
1283 4473 1351 4525 W
1358 4474 1581 4538 barton,
1639 4475 1850 4544 tiquite
1877 4474 2187 4544 classiques
2213 4492 2286 4529 au
2305 4481 2391 4532 13.
2407 4475 2574 4528 siecle
2594 4475 2749 4528 Paris
2767 4481 2922 4537 1875:

291 4546 393 4613 qui
435 4546 500 4598 in
525 4543 744 4615 Anglia
788 4559 946 4597 sacra
994 4545 1058 4607 ll,
1099 4549 1203 4601 343
1242 4545 1471 4599 exhibet
1495 4562 1583 4615 ep.
1640 4547 1791 4600 idem
1817 4547 1879 4599 in
1906 4546 2099 4600 Revue
2115 4547 2213 4600 des
2229 4565 2322 4615 qq.
2350 4547 2548 4601 histor.
2575 4548 2720 4612 XVI,
2749 4551 2925 4602 1—53

291 4617 491 4670 decani
518 4619 580 4669 et
603 4614 849 4685 capituli
877 4615 1139 4670 ecclesiae
1166 4634 1207 4671 s.
1236 4615 1405 4669 Pauli
1428 4616 1581 4671 lond.
1640 4621 1695 4671 et
1742 4617 1973 4671 seorsim
2017 4618 2247 4671 Parisiis
2290 4623 2459 4677 1875:
2512 4619 2925 4687 Baumgartner

291 4688 362 4740 ad
413 4687 771 4742 Clementem
824 4686 892 4740 V.
957 4686 1026 4740 de
1076 4687 1465 4742 canonizando
1517 4688 1579 4742 R.
1641 4688 1838 4743 (iesch.
1884 4690 1983 4743 der
2026 4689 2453 4743 Weltliteratur
2501 4690 2571 4741 lV
2603 4689 2640 4743 l.
2678 4695 2708 4744 ι).
2749 4707 2796 4743 c.
2824 4695 2921 4747 19:

293 4759 591 4818 Grosthed.
652 4761 713 4812 et
777 4760 944 4811 Votum
997 4758 1288 4812 metricam
1351 4763 1583 4812 auctore
1639 4760 1869 4830 Kappes
1897 4760 2451 4825 KL.V⁹,973—978;
2480 4761 2924 4822 Feret11‚401-

295 4830 575 4884 Richardo
654 4828 937 4883 monacho
1001 4829 1367 4884 Bardeniensi
1431 4830 1581 4883 OSB.
1638 4836 1737 4889 212
1784 4832 1853 4885 ‹le
1899 4831 2250 4886 editionibus
2295 4848 2388 4901 op.
2434 4835 2538 4885 etc,
2580 4830 2843 4885 Potthast
2868 4847 2924 4898 p.

297 4902 369 4966 [fl.
398 4907 554 4972 1504)
587 4902 654 4966 11,
683 4904 991 4957 3:25—341.
1643 4907 1797 4959 1095.
