3475 5364
490 341 612 394 915
1014 328 1205 379 1451-
1229 327 1381 378 1475.
1411 325 1704 393 Scriptura
1730 341 1772 378 0.
1801 322 2106 392 Dionysius
2135 323 2559 387 carthusianuS,
2972 340 3093 392 916

485 512 812 586 guerentur
841 509 1097 578 realiter,
1133 509 1289 569 unde
1321 513 1382 568 et
1399 512 1545 569 tunc
1565 510 1636 569 de
1657 510 1766 570 illa
1821 510 1942 567 tius
1994 509 2244 584 puerulo
2294 509 2451 568 inter
2499 509 2722 568 bonum
2768 511 2829 567 et
2874 509 3096 567 malum

487 598 732 656 materia
759 598 1073 672 ¹quendam
1118 599 1509 658 tractatulum
1541 600 1762 674 compi·
1819 598 2422 657 discernerenondum
2441 598 2661 656 valenti
2677 597 3096 673 praeveniente

485 687 636 745 lavi:
672 705 849 762 quem
881 688 1113 745 utinam
1132 706 1287 746 nunc
1307 688 1598 757 haberem,
1624 689 1764 763 quia
1820 688 2041 762 pietate
2090 687 2433 746 dulcissima
2481 687 2792 745 contulisti
2836 686 3095 745 nominis

483 776 856 852 corrigerem.
920 776 1154 834 Etenim
1188 776 1533 853 diligentius
1565 778 1754 836 consi·
1816 777 1909 834 tui
1940 776 2218 835 affectum
2251 779 2312 834 et
2334 777 2426 835 tui
2445 776 2637 851 ipsius
2658 784 2974 834 amorem.‘
3011 775 3099 832 De

484 865 760 934 derand0‚
813 865 1008 924 verius
1059 867 1119 923 et
1169 866 1535 941 probabilius
1594 871 1762 926 ratus
1817 873 2102 924 venustate
2133 867 2337 924 mundi
2352 862 2417 945 ¹).
2451 899 2539 908 —-
2572 866 2658 924 De
2688 867 3027 923 auctoritate
3048 872 3096 921 et

483 972 632 1022 sum,
666 953 826 1031 quod
856 972 977 1013 non
1006 955 1246 1013 realiter
1277 956 1351 1014 ab
1370 956 1622 1015 invicem
1643 955 1755 1013 dif·
1816 956 2005 1028 officio
2035 957 2250 1013 summi
2270 956 2601 1030 pontificis,·
2645 955 2717 1014 de
2740 960 3016 1030 potestate
3046 961 3097 1010 et

483 1042 735 1101 ferant.‘
770 1076 857 1087 -—-
890 1043 1336 1119 Dogmatica
1369 1049 1541 1103 sunt:
1595 1044 1758 1103 Com-
1799 1040 2216 1120 jurisdictione
2276 1045 2564 1118 eju-§devm
2625 1045 2694 1102 de
2754 1045 3096 1101 auctoritate

483 1134 755 1190 montorii
773 1149 879 1190 seu
894 1131 1258 1191 collectanea
1278 1152 1384 1207 per
1401 1134 1644 1192 modum
1664 1153 1756 1193 ca·
1811 1134 2170 1210 qenerolium
2215 1134 2605 1210 conciliorum,
2655 1151 2773 1208 quo
2820 1133 2884 1191 in
2934 1151 3029 1206 op.
3062 1152 3095 1188 a

482 1224 655 1279 tenae
713 1221 776 1279 in
810 1231 846 1282 4
881 1221 943 1282 ll.
994 1223 1445 1291 sententiarum,
1493 1222 1759 1282 Venetiis
1814 1226 1975 1280 recto
2007 1222 2269 1280 deflectit
2297 1223 2536 1280 tramite
2587 1224 2857 1281 statuens
2890 1239 3093 1296 super-

492 1320 656 1372 1504
694 1307 793 1390 (m.
832 1308 1003 1389 250),
1051 1310 1323 1370 Coloniae
1364 1321 1560 1382 15343
1623 1313 1758 1387 qui-

482 1398 613 1467 bus,
648 1398 910 1457 exhibito
945 1405 1131 1467 textu,
1165 1401 1368 1475 paucis
1399 1420 1536 1459 eum
1568 1401 1756 1459 decla-

482 1491 606 1557 rat;
640 1491 907 1547 recenset
938 1488 1073 1546 dein
1104 1490 1484 1563 quaestiones
1517 1492 1646 1565 eius
1663 1506 1756 1548 00-

482 1576 716 1635 08010110
776 1577 1080 1647 excitatae,
1145 1577 1345 1637 citatis
1399 1578 1758 1639 verbotenus

483 1666 932 1741 praecipuorum
982 1666 1394 1743 theologorum
1428 1669 1756 1737 sententiis,

483 1754 629 1814 adeo
659 1761 731 1813 ut
760 1773 1048 1813 summam
1081 1756 1300 1814 habeas
1345 1760 1412 1815 et
1457 1758 1758 1832 epitomen

481 1844 1011 1903 controversiarum
1029 1846 1314 1920 temporis
1333 1847 1755 1921 praecedentis;

481 1932 724 1991 demum
756 1951 920 1992 suam
954 1933 1219 1992 modeste
1267 1935 1489 2009 promit
1521 1939 1755 1994 senten-

479 2022 621 2080 tiam
654 2040 900 2097 eamque
932 2025 1160 2098 probat.
1194 2023 1379 2082 Juxta
1394 2022 1755 2107 Seheeben1)

1816 1311 2111 1369 ior-itatem
2156 1329 2314 1373 conc.
2364 1329 2543 1388 super
2592 1330 2900 1370 romanum
2944 1328 3093 1386 pon-

1816 1400 2067 1458 tificem:
2103 1400 2206 1458 sed
2240 1419 2420 1459 sensu
2451 1400 2618 1458 valde
2638 1400 2929 1469 restricte,
2952 1398 3094 1456 alias

1815 1489 1968 1547 enim
2003 1491 2240 1564 statuit,
2286 1489 2349 1548 in
2374 1489 2672 1548 'omnibus
2713 1489 2908 1558 rebus,
2943 1507 3093 1563 quae

1814 1579 2044 1654 papalis
2059 1579 2442 1653 praelationis
2454 1596 2811 1648 mensuram,
2824 1577 3094 1654 regulam

1814 1667 2347 1743 magisteriumque
2423 1669 2808 1736 concernunt,
2873 1685 3093 1742 papam

1816 1773 1937 1814 esse
1959 1775 2139 1832 super
2158 1756 2476 1815 concilium
2491 1761 2552 1815 et
2570 1774 2748 1832 super
2763 1761 2952 1814 totam
2982 1754 3092 1812 Ec-

1814 1844 2063 1904 clesiam.
2099 1846 2246 1903 Eum
2264 1849 2463 1904 autem
2484 1857 2760 1904 excusare
2780 1845 2933 1914 licet,
2957 1862 3090 1903 cum

1816 1933 1953 1992 haec
1998 1935 2195 2009 opinio
2241 1938 2506 2010 tempore
2550 1934 2882 1992 tristissimi
2912 1933 3092 1992 schis-

1815 2023 1988 2081 matis
2002 2024 2159 2081 inter
2173 2043 2419 2100 magnos
2435 2022 3089 2098 invaluerittheologos,

479 2111 711 2187 priores
775 2111 955 2185 hujus
1018 2113 1418 2171 commentarii
1469 2114 1530 2176 ll.
1581 2114 1758 2190 longe
1814 2112 2034 2186 quibus
2067 2116 2300 2188 praeter
2333 2113 2485 2172 hanc
2503 2111 2794 2171 theoriam
2825 2112 2941 2170 alia
2970 2129 3092 2169 non

480 2200 846 2276 praecellunt
878 2200 1318 2275 posterioribus.
1353 2203 1594 2261 Summa
1623 2204 1760 2277 fidei
1813 2201 2055 2276 patebat
2083 2202 2180 2259 via
2209 2199 2283 2260 ad
2304 2202 2599 2260 unitatem
2631 2201 3092 2260 ecclesiasticam
3188 2259 3191 2262 .

480 2289 848 2364 orthodoxae,
883 2290 1146 2349 Venetiis
1186 2300 1390 2360 1572;
1449 2301 1608 2355 1585
1647 2295 1756 2354 etc.
1814 2290 1957 2348 adeo
2001 2290 2301 2349 turbatam
2353 2290 2800 2350 resarciendam.
2864 2290 2954 2347 De
2999 2289 3033 2347 1
3053 2288 3106 2344 V

481 2378 650 2436 valde
683 2380 854 2437 utilis
888 2374 1103 2461 (sexies
1135 2376 1321 2460 edita)
1356 2399 1458 2439 seu
1494 2399 1756 2440 summa-
1811 2381 2063 2438 hominis
2093 2378 2434 2450 novissimis,
2469 2380 2744 2439 Coloniae
2777 2388 2936 2442 1535
2959 2382 3088 2450 eta,

477 2468 632 2525 rium
667 2467 940 2526 Summae
985 2469 1351 2544 theologicae
1394 2489 1434 2528 s.
1469 2470 1753 2537 Thomae;
1812 2467 1965 2527 forte
1996 2469 2155 2527 ultra
2188 2470 2537 2546 quadragies
2569 2469 2797 2528 editum
2830 2468 2969 2526 etin
2987 2486 3087 2525 va-

479 2558 875 2631 compendium
953 2558 1317 2633 theoloyv'cum
1395 2559 1465 2617 de
1529 2559 1757 2617 lumine

479 2645 835 2704 christianae
887 2646 1172 2716 theoriae;
1224 2647 1521 2725 dialogion
1575 2648 1757 2728 (inter

478 2735 898 2811 philosophum
931 2738 992 2793 et
1012 2732 1384 2816 theologum)
1419 2738 1487 2795 de
1515 2739 1626 2810 fide
1657 2757 1754 2796 ca-

478 2825 705 2893 tholico,
740 2826 1096 2899 opusculum
1124 2826 1439 2900 praecipue
1460 2845 1754 2886 commen-

477 2913 715 2971 datione
747 2912 1011 2989 dignum,
1046 2914 1244 2988 inquo
1270 2915 1604 2991 apologiam
1620 2915 1755 2973 fidei

476 3002 828 3059 christianae
879 3020 947 3059 ex
1000 3002 1127 3077 ipsa
1177 3003 1407 3061 ratione
1470 3004 1754 3065 instituit.

477 3090 565 3149 De
595 3099 810 3148 natura
846 3094 960 3148 veri
1007 3099 1055 3148 et
1086 3095 1304 3149 aeterni
1335 3092 1448 3150 Dei
1458 3115 1484 3167 ;
1528 3102 1753 3152 creatu-

476 3188 752 3237 turarum
801 3183 859 3236 in
904 3182 1106 3237 ordine
1153 3183 1233 3239 ad
1263 3181 1450 3239 Deum
1484 3183 1753 3241 conside-

477 3269 628 3327 ratio
659 3269 1016 3346 theologica;
1059 3271 1128 3327 de
1176 3271 1447 3329 laudibus
1473 3272 1756 3347 qloriosae

491 3358 644 3435 Viry.
699 3356 930 3417 Mariae
979 3360 1033 3416 ll.
1085 3361 1164 3429 4‚·
1229 3361 1298 3417 de
1339 3364 1652 3433 praeconio
1704 3370 1755 3419 et

475 3449 757 3523 diynitate
787 3448 1037 3521 ejusdem
1068 3449 1125 3507 ll.
1163 3452 1219 3525 4,
1274 3449 1337 3507 in
1370 3450 1588 3525 quibus
1621 3454 1752 3509 tue·

474 3542 576 3595 tur
617 3537 880 3613 Virginis
934 3537 1372 3597 immaculatam
1424 3539 1753 3615 conceptio-

473 3631 624 3684 nem.
679 3626 924 3684 Fatetur
955 3627 1114 3686 enim
1148 3627 1218 3685 de
1252 3646 1313 3685 se
1349 3629 1411 3686 in
1443 3629 1624 3704 priori
1660 3647 1753 3704 op.

472 3716 577 3785 111,
616 3725 727 3775 2⁰:
765 3716 1266 3783 ,Adolescentulo
1297 3716 1488 3775 adhuc
1521 3718 1614 3775 vel
1648 3736 1753 3792 po-

555 3966 588 4025 1)
618 3958 840 4011 Handb.
869 3958 968 4010 der
997 3959 1151 4011 kath.
1172 3957 1371 4027 Dogm.
1396 3960 1432 4012 l.
1455 3966 1499 4015 1.
1520 3977 1572 4013 11.
1597 3965 1751 4023 1069,

474 4029 573 4097 qui
603 4033 891 4098 praeterea
919 4030 989 4083 de
1010 4046 1073 4083 00
1099 4032 1286 4082 notat:
1317 4030 1404 4081 An
1427 4029 1581 4083 Tiefe
1604 4030 1756 4084 steht

473 4118 532 4152 01·
558 4100 768 4152 seinem
801 4100 1060 4153 Freunde
1090 4100 1157 4159 N,
1188 4119 1238 4152 v.
1269 4099 1420 4154 Kues
1447 4102 1650 4171 gleich‚
1679 4119 1752 4153 an

1814 2558 1929 2616 rias
1961 2558 2200 2633 linguas
2235 2577 2486 2619 versum.
2522 2557 2778 2617 subinde
2811 2557 2981 2615 Gerh.
3016 2556 3088 2614 de

1814 2645 2408 2706 Vliedenhoven
2469 2647 2781 2716 tributum,
2845 2646 2907 2704 in
2970 2664 3087 2720 quo

1812 2742 2011 2794 tamen
2044 2740 2211 2796 notat
2244 2741 2304 2795 et
2337 2737 2560 2795 refellit
2592 2736 2994 2796 Bellarminus
3014 2735 3086 2792 de

1814 2831 2044 2902 purgat.
2079 2825 2154 2894 Il,
2193 2838 2227 2887 4
2266 2826 2532 2902 Dionysii
2565 2826 2922 2899 opinionem,
2971 2843 3090 2899 qua

1811 2914 2169 2989 quibusdam
2222 2916 2551 2975 visionibus
2604 2916 2847 2973 in'nixus
2899 2918 3088 2988 putat,

1813 3004 2034 3061 animas
2067 3004 2128 3061 in
2160 3005 2504 3081 purgatorio
2554 3005 2809 3062 incertas
2859 3021 2987 3061 esse
3019 3001 3090 3060 de

1810 3097 2050 3150 aeterna
2081 3112 2187 3151 sua
2207 3093 2411 3152 salute.
2447 3094 2717 3151 Ceterum
2736 3092 3089 3151 Possevinus

1810 3187 2124 3257 propterea
2156 3185 2386 3240 textum
2432 3183 2861 3259 interpolatum
2907 3181 3089 3239 fuisse

1811 3275 2024 3329 censet.
2086 3271 2173 3329 De
2194 3262 2553 3346 particulari
2569 3273 2798 3346 judicio
2828 3271 2893 3329 in
2924 3270 3090 3329 obitu

1812 3360 2203 3436 singulorum,
2285 3360 2623 3436 quindecies
2687 3360 2943 3429 editum3
3024 3359 3091 3415 de

1814 3456 2013 3507 mutua
2045 3452 2358 3526 coynitione
2377 3450 2673 3508 beatorum
2692 3450 2755 3506 in
2774 3448 2980 3523 patria.
3003 3480 3090 3491 -

1812 3538 1989 3596 Pole
2011 3538 2201 3597 mica
2262 3544 2435 3597 sunt:
2503 3540 2719 3597 Contra
2771 3539 3089 3611 perfidiam

1813 3628 2150 3700 Mahometi,
2213 3628 2487 3686 hortante
2553 3628 2601 3685 N
2609 3628 2797 3687 icolao
2860 3627 3089 3684 Cusano

1811 3717 2235 3792 conscriptum,
2271 3718 2545 3776 Coloniae
2588 3726 2769 3780 1533.
2803 3716 2890 3774 ed.
2927 3734 3086 3775 rara:

1810 3806 2167 3881 germanice:
2238 3808 2299 3863 D.
2334 3826 2384 3862 v.
2424 3806 2623 3865 Rickel
2658 3807 2915 3865 Alcoran
2950 3804 3090 3863 oder

1811 3896 1913 3952 des
1960 3894 2317 3953 Tfirkischen
2354 3897 2683 3954 Alcoranus
2734 3893 2935 3952 Inhalt
2966 3892 3088 3950 und

1810 3984 2189 4060 Ablehnung,
2246 3985 2622 4058 Argentorati
2667 3993 2846 4053 1540,
2900 3982 3089 4041 versio

1811 4073 1985 4131 nimis
2020 4073 2205 4131 libera
2255 4080 2315 4130 et
2347 4074 2543 4132 minus
2576 4073 2781 4141 fidelis,
2829 4091 2963 4131 cum
2994 4072 3086 4129 in-

479 4170 724 4239 Umfaig
775 4170 891 4223 und
946 4170 1314 4225 Korrektheit
1363 4173 1460 4225 des
1502 4172 1753 4226 wissens
1809 4166 2035 4237 terpres
2070 4182 2177 4220 sua
2211 4163 2462 4221 subinde
2497 4162 2883 4221 substituerit
2914 4161 3089 4219 dictis

475 4244 610 4295 iiber
651 4242 799 4299 ihm:
842 4242 943 4296 das
990 4242 1193 4296 Wahre
1234 4243 1354 4300 und
1395 4244 1613 4298 Schone
1655 4245 1755 4298 der
1810 4251 2085 4309 auctoris,
2120 4252 2429 4327 —Adjug
2463 4252 2900 4310 canonicum
2926 4268 3088 4325 spec-

477 4313 861 4367 Kusanischen
926 4314 1302 4383 Spekulation
1378 4314 1556 4368 findet
1630 4314 1751 4369 sich

473 4384 660 4439 11181·οι-
708 4385 823 4439 und
868 4386 1084 4439 reicher
1129 4386 1219 4440 bei
1263 4386 1401 4450 ihm,
1447 4405 1506 4442 so
1548 4388 1652 4439 dall
1693 4404 1754 4440 er

1809 4344 1941 4398 tant
1977 4341 2062 4398 De
2086 4342 2355 4415 plurium
2403 4342 2798 4414 beneficiorum
2831 4358 3086 4412 usurpa-

475 4459 653 4511 neben
684 4458 948 4510 Albertus
969 4457 1039 4512 M.
1074 4458 1189 4511 und
1221 4458 1494 4511 Heinrich
1523 4476 1573 4513 v,
1603 4462 1753 4513 (arent
1808 4432 1978 4506 lione>
2017 4430 2327 4489 dUOdessieS
2358 4431 2620 4499 editum?
2653 4438 2854 4489 contra
2880 4432 3087 4505 Plura·

472 4529 556 4582 als
584 4528 1058 4599 Hauptvertreter
1102 4530 1200 4582 der
1240 4529 1548 4583 deutschen
1578 4530 1752 4584 Theo·

471 4601 637 4669 logie,
690 4602 836 4654 auch
888 4602 986 4654 der
1027 4600 1240 4669 Mystik
1290 4601 1370 4654 im
1423 4600 1753 4656 Mittelalter

470 4673 661 4726 ‹relten
689 4672 862 4727 kann.
918 4672 1101 4726 Daher
1148 4678 1379 4725 worden
1426 4673 1571 4726 auch
1600 4672 1750 4725 seinte
1888 4669 3084 4725 ²*Dchocl.ZoeklerStudienundKritikeu

469 4716 675 4797 zVerke
723 4744 862 4797 kurz
911 4746 1052 4797 nach
1094 4744 1221 4797 dem
1267 4744 1600 4797 Ausbruche
1653 4745 1752 4798 (101·
1814 4750 1941 4799 1881
1976 4763 2029 4813 p.
2058 4748 2254 4801 ooo-65
2283 4746 2405 4797 fuse
2430 4743 2658 4797 disserit
2685 4745 3088 4808 auctoremque

472 4815 863 4871 Ret‘ormation
928 4816 1013 4869 als
1067 4814 1348 4868 Bollwerk
1412 4832 1594 4885 gegen
1658 4815 1750 4869 die
1780 4816 2034 4893 ¹exhibet.
2073 4818 2138 4867 ut
2181 4831 2600 4884 praecursorem
2648 4814 2948 4869 aest-eticae
2976 4828 3087 4864 mo-

473 4888 701 4941 Hiiresie
718 4887 1053 4958 gesammelt
1068 4887 1185 4939 und
1203 4904 1270 4939 zu
1286 4886 1434 4940 Koln
1452 4887 1749 4957 gedruckt.
1808 4887 2035 4947 darnae,
