3475 5364
1167 352 1538 406 1501—1520.
1567 347 2019 404 concionatores.
2044 348 2291 402 Joannes
2320 348 2522 402 Geiler.

546 367 700 420 1191
2990 365 3168 419 1192

538 537 773 596 dicendi
804 537 1082 595 libertate
1099 534 1162 614 ¹),
1196 537 1372 595 etiam
1394 536 1678 595 adversus
1699 536 1817 594 cle·
1874 536 2041 594 fuere
2084 535 2159 594 ab
2204 535 2338 594 aliis
2384 554 2454 594 ex
2499 535 2628 609 ejus
2669 534 2897 593 schedis
2929 535 3160 603 latinis,

539 646 673 685 rum
718 629 781 685 et
825 625 1261 702 magistratum,
1314 626 1457 684 adeo
1503 627 1575 683 ut
1618 628 1818 702 prote-
1876 625 1968 683 vel
2001 643 2069 682 ex
2099 624 2193 693 iis,
2241 643 2392 699 quae
2437 624 2624 699 ipsius
2660 623 2959 682 auditores
2989 642 3156 682 exce-

538 719 763 775 stantes
805 715 979 774 illum
1023 715 1145 774 suis
1191 714 1678 791 praecursoribus
1724 734 1818 773 ac·
1875 717 2122 789 perunt:
2169 713 2307 771 hinc
2339 713 2682 790 genuinitas
2725 716 2927 771 textus
2972 712 3162 789 origi-

540 806 835 873 censeant,
881 804 981 863 sed
1026 804 1202 880 plane
1242 803 1553 862 immerito.
1602 805 1822 880 Magna
1875 803 2026 861 nalis
2057 802 2308 861 subinde
2338 802 2536 860 dubiis
2568 805 2662 861 est
2696 802 2966 861 obnoxia.
3028 802 3156 861 Ma-

538 893 849 952 fruebatur
908 893 1257 952 auctoritate
1315 892 1474 969 apud
1534 893 1821 969 populum
1867 892 1987 967 jori
2020 892 2134 950 fide
2165 892 2346 968 digna
2376 894 2522 950 sunt
2554 910 2705 966 quae
2723 890 3038 949 ediderunt
3051 891 3160 950 Ja-

542 982 950 1052 ehfistianum,
985 982 1143 1058 apud
1162 981 1483 1058 episcopOS,
1518 983 1674 1053 apud
1696 983 1819 1040 Ma-

540 1071 909 1131 ximilianum
943 1071 1101 1147 imp„
1135 1072 1239 1147 qui
1271 1090 1405 1131 eum
1426 1071 1681 1132 libenter
1714 1090 1819 1129 au-

540 1160 762 1230 diebat,
785 1162 914 1236 ejus
937 1160 1182 1219 consilia
1198 1160 1526 1235 excipiebat
1542 1165 1603 1219 et
1622 1161 1819 1235 capel-

542 1251 747 1309 lanum
810 1268 1136 1309 eaesareum
1199 1249 1367 1307 dixit.
1445 1249 1634 1308 Homo
1695 1252 1822 1308 erat

540 1339 713 1416 plane
763 1338 1063 1414 popularis
1112 1341 1174 1397 et
1237 1340 1506 1396 centrum
1555 1339 1818 1396 virorum

541 1428 931 1497 literatorum,
949 1431 1020 1485 ut
1042 1427 1198 1486 Petri
1218 1427 1441 1496 Schott,
1469 1427 1598 1486 Seb.
1615 1429 1819 1497 Brant,

542 1517 751 1576 Jacobi
801 1516 1301 1593 Wimphelingae,
1349 1516 1603 1575 Thomae
1650 1516 1818 1585 Wolf,

544 1605 700 1665 Hier.
724 1606 1069 1676 Gebweiler,
1089 1605 1260 1664 Beati
1277 1605 1543 1664 Rhenani
1573 1609 1685 1669 etc.
1717 1605 1821 1663 Vi-

544 1700 666 1753 tam
698 1694 952 1753 ducebat
994 1713 1131 1753 vere
1163 1694 1615 1764 sacerdotalem,
1661 1694 1820 1770 piam

1876 981 2056 1040 cobus
2087 980 2365 1039 Otther
2409 980 2538 1055 ejus
2584 980 2912 1054 discipulus
2958 985 3021 1038 et
3066 981 3158 1037 fa-

1877 1070 2151 1141 miliaris,
2201 1088 2428 1129 necnon
2466 1070 2680 1128 Petrus
2724 1068 3160 1146 Wickgram

1877 1159 2006 1233 ejus
2038 1178 2106 1217 ex
2139 1175 2340 1218 sorore
2358 1177 2539 1234 nepos
2569 1162 2632 1216 et
2661 1159 2726 1217 in
2744 1177 2990 1217 munere
3022 1177 3160 1216 suc-

1877 1266 2101 1319 cessor;
2132 1247 2349 1306 minori
2382 1266 2524 1307 vero
2543 1266 2697 1323 quae
2728 1247 3023 1306 debentur
3054 1266 3158 1306 cu·

1877 1356 1974 1395 rae
2005 1337 2096 1395 J0.
2150 1336 2405 1412 Adelphi
2465 1337 2524 1394 M
2544 1336 2770 1413 iiling
2829 1336 3044 1395 medici
3093 1341 3157 1394 et

1875 1426 2130 1485 Joannis
2161 1422 2447 1505 Pauli¹)
2482 1425 2546 1483 Ο.
2569 1429 2626 1489 S.
2645 1425 2737 1483 Fr.
2771 1425 2856 1482 Ex
2873 1426 2965 1484 his
2987 1444 3155 1500 prae·

1877 1515 2079 1573 sertim
2131 1514 2429 1574 mentione
2478 1513 2689 1591 digna:
2752 1514 3018 1587 Epistola
3079 1514 3156 1572 de

1877 1604 2048 1662 modo
2090 1602 2475 1679 praedicandi
2523 1602 2876 1662 dominicam
2927 1605 3158 1676 passio-

1877 1712 2029 1763 nem,
2063 1693 2129 1751 in
2159 1711 2250 1768 op.
2283 1692 2847 1769 Wimpheling:
2896 1693 2983 1751 De
3013 1694 3160 1750 iute-

545 1783 937 1859 operibusque
979 1782 1415 1843 misericordiae
1460 1782 1721 1842 deditam
1763 1781 1822 1859 (†
1872 1785 2097 1860 ρνὶιαιε,
2141 1791 2340 1852 1505;
2385 1782 2453 1839 de
2498 1783 2757 1840 oratione
2799 1778 3159 1861 dominica2)

554 1884 647 1934 10.
680 1874 848 1931 Mart.
880 1869 1086 1949 1510).
1121 1872 1412 1930 Plurimos
1432 1873 1678 1946 reliquit
1696 1891 1818 1931 ser·
1884 1882 2048 1934 1510
2075 1891 2089 1941 ;
2134 1870 2465 1948 germanice
2523 1871 2831 1947 Usslequny
2875 1872 3014 1928 iiber
3043 1872 3158 1929 aas

543 1980 767 2030 mone8‚
818 1962 920 2020 sed
950 1960 1268 2020 dolendum
1301 1961 1375 2020 ab
1419 1961 1550 2037 ipso
1582 1961 1670 2019 nil
1698 1961 1821 2020 fere

543 2051 729 2109 fuisse
759 2050 1002 2121 editum,
1018 2051 1136 2108 nisi
1167 2054 1394 2124 septem
1423 2052 1714 2108 tract-atus
1749 2051 1823 2109 ab

1957 2062 1994 2129 ¹)
2022 2057 2102 2111 Cf.
2148 2057 2218 2110 de
2262 2057 2550 2111 Joanne
2596 2057 2813 2112 Pauli
2859 2060 2922 2113 Ο.
2964 2057 3160 2122 Conv„

545 2139 930 2215 inscriptione
951 2139 1129 2214 primi
1148 2139 1288 2197 dicti
1306 2159 1320 2198 :
1341 2139 1468 2197 Das
1484 2141 1635 2217 irriq
1648 2139 1836 2214 Schaf
1869 2129 2038 2198 5¹¹1*ss
2064 2129 2341 2196 QUOSdam
2385 2128 2608 2197 origine
2647 2129 2882 2190 -Ῑῑῑᾶᾶθῡν
2924 2130 3056 2183 dein
3083 2130 3158 2184 ad

549 2248 593 2287 e.
625 2230 663 2286 l.
697 2232 757 2286 et
788 2248 836 2286 a.
857 2228 1241 2304 Argentorati
1270 2238 1452 2295 1514,
1486 2228 1645 2287 inter
1676 2245 1824 2304 quos

1881 2200 2047 2255 tidem
2074 2199 2410 2253 catholicam
2458 2216 2747 2265 converso,
2784 2201 2883 2268 qui
2930 2202 3158 2271 saepius

1878 2271 1991 2325 fuit
2014 2270 2383 2340 guardianus,
2413 2271 2731 2341 theologiae
2759 2273 2934 2325 lector
2955 2276 3012 2326 et
3030 2290 3157 2327 con-

549 2318 651 2378 del'
689 2318 1058 2393 Tr⁰3²3Pi29⁶l
1103 2317 1448 2394 saepiSSimfl
1493 2318 1711 2387 editus,
1763 2320 1825 2375 et
1880 2342 2136 2397 cionator
2186 2342 2247 2394 in
2299 2341 2470 2395 variis
2534 2342 2770 2396 urbibus
2833 2343 3157 2413 provinciae

547 2406 750 2482 aliqua
780 2406 1021 2465 minoris
1053 2406 1351 2465 momenti.
1390 2406 1634 2482 Reliqua
1664 2405 1826 2465 edita

550 2548 699 2555 *-

629 2634 663 2701 1)
692 2629 895 2681 Miillcr
922 2627 1031 2681 KL.
1060 2628 1129 2692 V,
1157 2633 1291 2686 190:
1364 2627 1424 2679 ln
1453 2628 1604 2681 allen
1633 2628 1825 2681 diesen

549 2700 868 2769 Predigten,
910 2700 1078 2754 sowie
1119 2699 1179 2752 in
1221 2700 1331 2753 den
1373 2700 1673 2754 Tractaten
1702 2700 1825 2754 Gei-

548 2772 676 2837 lers,
717 2772 807 2824 die
848 2771 1114 2824 meisteis
1154 2771 1430 2824 ebenfalls
1470 2772 1561 2824 die
1602 2770 1826 2824 Grund-

549 2845 674 2911 lage
703 2862 771 2895 zu
802 2843 1102 2911 Predigten
1132 2841 1400 2905 bildeten,
1429 2843 1582 2912 zeigt
1595 2843 1712 2895 sich
1732 2843 1826 2896 ein

548 2915 728 2967 hoher
755 2914 1031 2966 sitt-licher
1059 2912 1244 2975 Ernst,
1272 2912 1494 2966 freilieh
1517 2915 1603 2968 oft
1618 2913 1679 2966 in
1696 2914 1824 2967 dem

547 2985 914 3052 energischen
955 2984 1254 3039 Ausdruek
1296 2984 1415 3037 und
1458 2984 1585 3038 dem
1615 2986 1824 3038 derben

550 3055 765 3109 Humor
801 3056 963 3123 jener
1002 3054 1138 3118 Zeit‚
1185 3055 1284 3108 der
1328 3056 1419 3108 fiir
1460 3073 1565 3108 uns
1606 3072 1680 3109 an
1724 3057 1824 3110 das

549 3125 934 3195 ungenif'bare
986 3127 1192 3180 streift.
1254 3126 1358 3180 Die
1424 3126 1825 3189 „helltonende

548 3198 804 3252 Posaune
846 3215 958 3271 von
998 3197 1356 3268 Strassburg,“
1402 3199 1509 3252 wie
1549 3198 1641 3252 die
1684 3198 1824 3254 Zeit-

545 3285 821 3338 genossen
850 3271 913 3322 G.
941 3273 1215 3334 nannten,
1241 3270 1319 3322 ist
1344 3269 1470 3324 eine
1479 3271 1644 3339 jener
1660 3270 1824 3325 Stim-

547 3355 692 3404 men,
747 3341 918 3396 deren
972 3341 1191 3395 damals
1243 3340 1403 3406 viele,
1469 3342 1823 3410 weungl‘ich

547 3411 725 3465 selten
751 3412 856 3467 mit
880 3413 1113 3467 ahulich
1125 3431 1175 3466 :r
1202 3411 1383 3477 Kraft,
1411 3411 1472 3465 in
1495 3413 1593 3467 der
1618 3413 1823 3467 Kirche

546 3483 671 3538 laut
722 3485 974 3549 wurden,
1017 3486 1181 3553 jener
1226 3484 1517 3547 Stimmen,
1583 3485 1672 3538 die
1724 3485 1830 3538 auf

544 3555 773 3609 Reform
800 3555 878 3608 im
905 3556 1195 3610 sittlichen
1222 3555 1410 3609 Leben
1446 3556 1588 3609 aller
1612 3556 1823 3610 Stande

545 3626 818 3698 drangen.
859 3626 1021 3682 Diese
1050 3629 1325 3681 Stimmen
1352 3645 1455 3680 aus
1484 3626 1822 3681 vorlutheri-

1883 2414 2217 2467 Germaniae
2258 2413 2567 2483 superioris
2607 2420 2653 2483 (ψ
2693 2432 2738 2469 e.
2765 2419 2942 2485 1530),
2987 2415 3160 2469 Euler

1883 2484 2214 2539 Gesehichte
2285 2485 2384 2539 der
2445 2485 2893 2541 oberdeutsehen
2956 2488 3160 2558 (Strass-

1884 2558 2107 2627 burget)
2160 2556 2708 2626 Minoritenprovinz
2760 2576 2814 2627 p.
2865 2562 2950 2614 66.
3025 2558 3076 2611 N
3083 2576 3157 2611 on

1882 2628 2065 2682 solum
2110 2626 2292 2681 edidit
2341 2629 2524 2681 varias
2568 2628 2907 2684 concionum
2952 2629 3158 2684 Geileri

1882 2700 2065 2763 series,
2094 2700 2190 2752 sed
2217 2703 2274 2752 et
2302 2700 2338 2752 l.
2378 2702 2624 2769 Schimpf
2640 2705 2751 2755 und
2778 2704 2946 2755 Ernst
2989 2718 3156 2772 saepe

1882 2771 2119 2832 editum,
2170 2788 2203 2823 a
2247 2772 2464 2841 populo
2515 2770 2763 2826 multum
2815 2772 3157 2832 lectitatum,

1883 2843 2018 2911 quia
2045 2842 2267 2896 utiliter
2293 2845 2489 2896 narrat
2516 2843 2667 2897 facta
2694 2844 2838 2898 seria
2865 2849 2921 2896 et
2939 2844 3155 2914 jocosa,

1882 2913 2016 2967 hinc
2042 2916 2114 2965 ab
2135 2913 2262 2968 aliis
2282 2931 2447 2982 saepe
2469 2917 2857 2970 retractatum.
2885 2915 3162 2969 Recenter

1881 2987 2136 3054 repertae
2164 2986 2320 3038 fuere
2347 2990 2416 3041 23
2443 2986 2741 3040 conciones
2770 2986 3040 3056 ejusdem,
3086 2987 3158 3040 de

1882 3056 2091 3124 quibus
2120 3056 2302 3109 fusius
2328 3061 2511 3126 agunt
2539 3056 2701 3111 Bolte
2726 3058 2787 3110 in
2815 3057 3158 3110 Alemannia

1885 3131 2021 3184 1888
2049 3147 2101 3196 p.
2128 3132 2197 3183 34
2225 3146 2293 3180 ss.
2320 3134 2376 3181 et
2393 3128 2795 3198 Linsenmayer
2811 3129 2941 3182 hist.
2961 3130 3157 3183 Jahrb.

1881 3199 2009 3253 XlX
2036 3203 2234 3292 21898}
2264 3203 2564 3258 873—891.

1952 3274 1995 3341 ²)
2025 3271 2108 3326 ef.
2152 3270 2220 3323 dc
2263 3270 2352 3323 his
2396 3271 2761 3325 concionibus
2814 3271 2954 3327 Falk
3005 3272 3159 3325 hist.-

1881 3341 1994 3410 pol.
2025 3341 2106 3395 Bl.
2135 3345 2253 3406 108.
2283 3346 2403 3398 689.
2455 3342 2671 3395 Ibidem
2718 3358 2847 3395 vero
2877 3362 2930 3412 p,
2958 3346 3159 3401 682-89

1881 3412 2081 3466 laudat
2130 3412 2337 3482 scripta
2388 3412 2618 3466 Marci
2668 3413 2738 3466 de
2781 3412 3040 3467 Weida
3092 3418 3156 3469 O.

1883 3483 2078 3538 Praed.
2139 3484 2200 3536 in
2265 3485 2537 3538 coenobio
2590 3503 2630 3538 S.
2684 3484 2849 3538 Pauli
2900 3484 3157 3538 civitatis

1880 3554 2162 3625 lipsiensis
2188 3556 2411 3609 lectoris
2437 3555 2585 3610 eirca
2614 3556 2844 3610 initium
2871 3572 2974 3611 sec.
2993 3556 3157 3620 XVI..

1880 3643 1943 3678 ex
1972 3625 2181 3696 quibus
2208 3627 2427 3695 prodiit
2452 3628 2742 3696 praeclara
2760 3633 3013 3696 expositio
3029 3647 3155 3682 ora·

545 3698 704 3751 scher
731 3698 851 3754 Zeit
876 3702 1005 3752 muss
1032 3715 1165 3751 man
1194 3699 1386 3764 boren,
1424 3717 1519 3751 um
1542 3697 1633 3752 die
1654 3699 1821 3751 nach·
1879 3703 2037 3752 tionis
2053 3703 2347 3752 dominicae
2362 3698 2586 3767 Lipsiae
2606 3701 3160 3767 15022A1·gentorati

542 3770 847 3838 folgenden
877 3773 1098 3823 Stssrme
1134 3788 1203 3822 zu
1232 3770 1539 3838 begreifen.
1594 3772 1704 3822 Fur
1730 3769 1822 3821 die
1880 3773 2046 3827 1516:
2076 3773 2243 3826 1520:
2273 3770 2537 3825 Colonia-e
2565 3774 2704 3826 1573
2731 3770 2860 3823 stilo
2888 3770 3071 3823 nitido
3100 3775 3162 3825 et

542 3840 1083 3910 Kulturgeschichte
1124 3842 1223 3894 der
1249 3840 1574 3908 damaligeu
1603 3840 1726 3894 Zeit
1751 3841 1823 3894 ist
1879 3856 2022 3909 puro
2049 3841 2248 3910 lingua
2286 3842 2501 3910 patriaz
2551 3840 2936 3895 recentissime
2963 3842 3158 3894 Hasak

542 3913 606 3966 Gr.
633 3913 757 3966 eine
787 3912 1199 3981 Hauptquelle,
1236 3913 1355 3965 und
1382 3911 1438 3964 in
1471 3912 1569 3965 der
1596 3912 1821 3965 Warme
1879 3911 1938 3964 in
1966 3929 2057 3981 op.
2099 3911 2203 3966 Die
2232 3912 2397 3966 letzte
2420 3912 2579 3974 Rose,
2621 3912 2989 3981 Regensburg
3017 3918 3158 3970 1883

542 3982 661 4035 und
714 3982 881 4035 Kraft
940 3983 1118 4037 seines
1170 3984 1547 4047 AusdruckeS,
1610 3983 1671 4036 in
1723 3984 1822 4038 der
1879 4001 1932 4052 p.
1985 3987 2212 4040 1—1‘25.
2265 3989 2376 4037 Der
2426 3986 2629 4052 Spieyel
2674 4026 2686 4039 .
2714 4023 2727 4037 .
2757 4027 2770 4040 .
2821 3989 2910 4040 des
2962 3988 3156 4039 Roseu-

542 4054 755 4108 seinem
817 4054 1239 4107 Jahrhunderte
1302 4055 1538 4122 eigenen
1614 4054 1821 4107 Natur-
1875 4058 2120 4122 let-onzes,
2149 4053 2371 4124 Lipsiae
2391 4059 2545 4111 1515.
2575 4055 2774 4108 Edidit
2790 4073 3018 4124 quoque
3036 4073 3155 4111 ver·

542 4124 916 4192 wfichsigkcit
943 4125 1041 4177 der
1068 4124 1332 4194 Sprache,
1368 4127 1428 4177 in
1457 4125 1555 4178 der
1581 4125 1821 4178 konkre-
1877 4125 2094 4179 sionem
2120 4129 2307 4194 [κρατί
2329 4130 2536 4181 divinae
2554 4130 2767 4194 pietatis
2805 4127 3156 4196 s.'Birgittae

543 4199 638 4249 ten
666 4195 1025 4264 Popularitat
1048 4196 1230 4249 seiner
1260 4196 1451 4249 Bilder
1490 4198 1609 4250 und
1637 4198 1821 4250 seiner
1877 4196 2102 4267 Lipsiae
2148 4202 2316 4256 1505:
2364 4202 2533 4255 1508:
2575 4203 2633 4251 et
2673 4201 2820 4251 Buch
2857 4202 3155 4267 yeistlicker

540 4283 759 4334 ganzen
788 4266 1171 4337 Darstellung,
1218 4267 1309 4320 die
1337 4267 1580 4320 vielfach
1609 4285 1682 4320 sn
1710 4269 1821 4322 den
1879 4272 2117 4332 Gnaden,
2135 4268 2359 4338 Lipsiae
2380 4274 2544 4329 15032
2573 4273 2731 4332 1508,
2759 4270 2862 4336 qui
2877 4270 3152 4340 complec-

541 4341 802 4407 spateren
822 4338 1347 4393 AbrahamaSanta
1370 4339 1535 4392 Clara
1552 4339 1818 4406 erinnert,
1879 4340 2021 4393 titur
2065 4344 2398 4395 revelationes
2443 4359 2514 4396 ss.
2559 4340 2883 4394 Mechtildis
2928 4343 2987 4394 et
3026 4342 3157 4396 Ger-

541 4410 617 4462 ist
642 4426 702 4462 er
729 4410 1009 4478 geradezu
1037 4411 1483 4464 uniibertrotl'en.
1538 4411 1620 4465 Cf.
1648 4410 1821 4466 etiam
1877 4413 2090 4470 trudis;
2121 4415 2394 4466 Orationes
2413 4415 2486 4484 (ὃ)
2508 4412 2596 4466 vel
2614 4412 2806 4482 potius
2825 4412 3154 4466 divinorum

539 4480 789 4550 Keppler
814 4481 928 4533 KL.
956 4481 1020 4544 X,
1050 4486 1187 4542 338;
1214 4480 1614 4552 Wimpheling
1640 4482 1705 4535 In
1732 4482 1764 4535 J
1770 4501 1818 4537 0.
1876 4485 2232 4552 eloquiorum
2246 4483 2615 4538 enodationes
2632 4484 3156 4538 facundissimae...

538 4551 948 4622 Keiserspergii
984 4552 1235 4622 theologi
1277 4553 1539 4607 doctrina
1583 4554 1819 4622 vitaque
1876 4571 2064 4609 coram
2105 4572 2174 4607 ss.
2215 4554 2279 4609 D.
2323 4555 2392 4609 N.
2431 4555 2585 4609 Julio
2627 4555 2695 4611 11.
2737 4555 2797 4607 P.
2827 4555 2900 4607 M.
2931 4595 2943 4608 .
2972 4596 2983 4609 .
3015 4594 3026 4606 .
3055 4572 3166 4625 per

538 4624 967 4694 probatissimi.
996 4664 1009 4676 .
1039 4667 1051 4680 .
1078 4628 1316 4678 mortem
1345 4625 1607 4694 planctus
1646 4629 1704 4678 et
1743 4626 1819 4680 la·
1874 4642 1989 4679 rev.
2034 4628 2092 4680 et
2131 4625 2400 4680 eximium
2455 4626 2513 4683 P.
2561 4626 2682 4681 Nic.
2729 4627 2797 4682 de
2849 4627 3158 4682 Schoen—

541 4696 811 4749 mentatio
864 4711 993 4749 cum
1044 4695 1284 4763 aliquali
1326 4697 1477 4750 vitae
1536 4714 1670 4750 suae
1728 4697 1819 4751 de·
1877 4699 2000 4751 ber
2081 4698 2221 4751 alias
2249 4698 2317 4750 de
2340 4698 2639 4752 Alemania
2665 4716 2859 4752 nuncu
2902 4702 3061 4752 atum
3091 4698 3162 4752 O.

538 4767 844 4838 scriptione
885 4770 942 4820 et
967 4768 1326 4835 quorundam
1359 4768 1681 4839 epitaphiis,
1710 4767 1818 4838 Op·
1877 4768 1983 4832 Pr..
2011 4716 2233 4838 {ipsiac
2261 4773 2420 4825 1512.
2471 4769 2629 4822 Obiit
2653 4769 2870 4824 Schoen
2914 4785 3012 4839 erg
3038 4786 3155 4822 car-

538 4841 820 4966 Renheym
874 4842 1042 4897 1510:
1106 4840 1343 4892 Janssen
1408 4840 1487 4892 1¹⁸
1550 4844 1653 4896 136
1716 4858 1817 4898 ss.;
1875 4840 2084 4893 dina-lis
2134 4845 2291 4897 1537.
2367 4841 2448 4896 Cf.
2502 4841 2570 4897 N.
2625 4841 2835 4894 Paulus
2887 4840 3166 4894 Zeitschr.

590 4927 817 4964 awerau
844 4908 1102 4963 Realenc.
1131 4911 1249 4974 VD,
1276 4916 1577 4967 427—432.
1873 4910 2053 4964 XXVI
2082 4915 2279 4982 (1902),
2308 4917 2608 4968 247-η262.
