3475 5364
2682 340 2942 396 XXXVII

491 595 804 666 Theologia
1127 594 1481 665 Disciplinae
1838 596 2093 651 Historia

435 667 776 722 scholastica
800 669 860 721 et
1108 666 1182 721 ad
1208 684 1278 721 ss.
1307 666 1499 720 literas
1735 668 2117 723 ecclesiastica
2142 670 2201 722 et
2333 668 2647 740 Theologia
2673 670 2920 740 practica

507 738 789 809 polemica
1142 740 1463 808 spectantes
1657 738 1993 810 disciplinae
2013 756 2264 795 annexae

325 955 471 1010 1463
1647 952 1819 1008 Henr.
1847 952 1916 1007 de
1937 952 2183 1009 Bernten
2204 952 2287 1008 Gi.

330 1023 500 1077 Henr.
529 1023 599 1077 de
625 1021 830 1076 Werlis
845 1022 967 1077 Mi:
1647 1024 1880 1079 Flavius
1907 1024 2162 1079 Blondus

330 1094 583 1149 Isidorus
607 1094 776 1148 kiew.
1649 1095 1929 1151 Henricus
1954 1096 2199 1151 Wolter'

329 1176 631 1223 Vercellinus
653 1175 839 1222 dovere
861 1167 965 1220 Mi.0

328 1545 473 1599 1464
1649 1544 1897 1613 (Aeneas
1924 1541 2157 1615 Silvius)

331 1612 672 1668 Nicolaus
693 1611 774 1667 de
795 1612 968 1668 Cusa
1723 1612 1859 1666 Pius
1885 1612 1955 1666 11.

330 1684 485 1740 Guil.
497 1685 838 1755 Vorilongus
849 1683 969 1737 Mi:
1143 1716 1144 1719 =
1648 1684 1896 1740 Thomas
1922 1682 2273 1739 Ebendorfer

327 1758 446 1812 Jae.
474 1756 544 1809 de
570 1755 762 1809 Brixia
788 1755 911 1808 Mi:
1647 1755 1679 1809 J
1685 1772 1813 1810 oan.
1829 1756 2124 1825 Capgrave
2137 1755 2290 1811 OSA.

335 1827 563 1881 Gabriel
593 1828 662 1881 de
691 1826 935 1881 Casalfa-
1649 1827 1850 1881 Petrus
1877 1826 1948 1881 de
1974 1827 2131 1882 Fuxo
2151 1827 2272 1881 Min

405 1916 505 1970 ges
530 1899 652 1956 Mi.'
1651 1910 1866 1956 «Ioannes
1893 1909 2087 1955 eistett.
2114 1901 2242 1971 (111.)

335 2134 475 2189 1465
1650 2130 1822 2185 Leon.
1849 2129 2274 2201 Benvoglienti·
2306 2131 2423 2185 Jae.
2445 2131 2515 2185 de
2528 2132 2561 2185 J
2564 2131 2843 2201 fiterbogk
2860 2132 2948 2187 Cr.

335 2202 386 2256 N
404 2203 424 2255 i
441 2219 470 2256 e
487 2221 519 2256 υ
536 2200 574 2254 1.
619 2202 655 2255 d
673 2219 703 2257 e
745 2201 789 2255 Ο
804 2199 971 2257 rbel·
1653 2202 1901 2256 Thomas
1926 2202 2230 2271 Bekynton
2310 2202 2397 2256 J0.
2425 2202 2487 2255 B.
2515 2202 2864 2274 Caeciaelupi·

292 2309 296 2313 -
405 2273 500 2327 lis
529 2273 584 2325 M
601 2273 665 2326 i.·
1651 2272 1850 2328 Leodr.
1879 2273 2135 2328 Crivelli‘

333 2345 507 2401 Henr.
542 2344 834 2398 Kalteisen
862 2343 971 2396 ΟΡ.
1042 2353 1059 2367 ·

339 2721 478 2777 1466
1655 2721 1793 2776 Ben.
1820 2721 1890 2775 de
1916 2721 2162 2777 Aoeoltis
2322 2721 2583 2776 Theodor
2610 2721 2834 2776 Laelius

339 2790 535 2846 Barth.
563 2791 802 2861 Lapacci
829 2790 939 2845 ΟΡ.
1247 2903 1250 2910 .
1653 2792 2238 2924 ffinlel'sslorlzeffiergern·
2312 2794 2446 2847 Ant,
2472 2792 2541 2846 de
2569 2792 2810 2847 Rosellis

341 3168 474 3225 1467
1655 3170 1686 3223 J
1691 3186 1820 3224 oan.
1848 3168 1917 3223 de
1948 3168 2224 3222 Eisenach
2319 3154 2609 3221 Marianus
2635 3167 2823 3222 Socini

1658 3241 1889 3295 Siccone
1918 3240 2224 3295 Polentino
2318 3247 2618 3295 Burmannus
2646 3241 2775 3302 Ryd'

2319 3319 2446 3366 Guil.
2472 3319 2759 3378 Spreeuwen
2787 3318 2882 3366 CR.

341 3545 482 3599 1468
1659 3541 1857 3595 Franc.
1885 3540 2249 3595 Thomasius‘
2320 3538 2352 3593 J
2359 3533 2485 3593 oan.
2514 3539 2716 3594 Herolt
2739 3540 2848 3595 ΟΡ.

339 3613 371 3667 J
384 3630 434 3667 0.
486 3612 565 3667 de
622 3613 977 3668 Tun-eore-
1657 3613 1928 3667 Nicolaus
1953 3612 2212 3665 Joannis·
2316 3612 2479 3666 Joan.
2504 3609 2671 3665 Wolf

413 3702 471 3738 m
487 3700 521 3737 a
537 3687 611 3738 ta.
632 3684 742 3739 ΟΡ.
2323 3692 2515 3740 Gabriel
2542 3693 2759 3740 Barletta
2786 3691 2861 3738 ΟΡ
2885 3685 2902 3702 “

343 3755 596 3811 Hilarius
620 3756 801 3811 litom.

341 3828 504 3882 Joan.
532 3828 602 3882 de
629 3827 810 3883 Fonte
837 3828 956 3882 Mi:
998 3832 1174 3956 '1⁰⁸0ss
1205 3831 1613 3883 Tum-ocremata
2320 3828 2497 3952 ἆοὸῗ
2531 3829 2939 3880 Ταναεοεεωαεα

347 4131 487 4187 1469
1003 4131 1275 4186 Matthias
1292 4129 1641 4200 DoeringMi.
1663 4108 1943 4185 Henrieus
1967 4127 2258 4182 Pomerius
2317 4129 2401 4186 J0.
2429 4127 2770 4198 Koppiseht·

344 4201 513 4256 Leon.
540 4203 813 4257 Matthaei
839 4202 947 4258 ΟΡ.
2322 4210 2483 4255 Ambr.
2508 4209 2730 4255 Floridus
2747 4205 2907 4256 OSA:

342 4507 488 4562 1410
1003 4507 1035 4558 J
1039 4522 1091 4560 0.
1127 4505 1196 4559 de
1224 4505 1434 4560 Bercht
1458 4502 1619 4558 CBA.
1669 4505 1808 4558 Rod.
1835 4503 2027 4558 Sancii
2054 4502 2123 4558 de
2150 4505 2279 4557 Are·
2327 4503 2576 4556 Joannes
2604 4502 2767 4556 Beets
2795 4501 2890 4556 Ca.

347 4576 547 4630 Petrus
563 4577 632 4631 de
645 4575 984 4632 cavalleria·
1735 4575 1867 4630 valo
2323 4573 2662 4628 Benedictus
2689 4575 2871 4644 Capra

1665 4647 1894 4718 Sigism.
1923 4644 2119 4700 Rosicz
2160 4697 2163 4700 .

1666 4718 1949 4772 Martinus
1978 4717 2125 4773 OSB.

1666 4801 1806 4847 Joan.
1836 4791 2052 4846 Alvares‘

1665 4871 1848 4929 caspar
1874 4865 2177 4917 veronensis·
