3475 5364
166 382 193 433 1
211 380 305 435 29
624 362 706 417 De
733 380 873 418 rom.
900 367 1060 435 pont.
1088 366 1148 419 et
1171 364 1302 419 hist.
1331 364 1531 434 partic.
1563 365 1764 419 Petrus
1793 363 1918 435 pis„
1951 363 2184 451 Paulus,
2211 363 2365 418 Guil.
2692 385 2807 438 130

261 560 383 613 69.
411 550 679 608 Plurium
724 568 871 612 rom.
923 549 1267 626 pontificum
1315 550 1470 608 vitas
1527 550 1952 611 conscribenda
1981 549 2192 609 fusiori
2209 553 2327 609 vita
2348 550 2622 628 Greyorii
2654 551 2807 630 VII„

155 644 391 697 narrat
447 640 580 697 Pet
596 656 729 697 rus
792 640 1060 698 Pisanus.
1138 639 1285 697 Erat
1344 639 1469 715 ipse
1526 641 1697 716 cujus
1729 643 1822 699 est
1851 639 2185 715 intrepidus
2226 641 2551 717 apologeta.
2611 640 2812 702 Edidit

160 730 441 804 scriptor
470 728 563 787 vel
596 728 940 787 scriniarius
961 731 1022 787 et
1038 729 1304 787 notarius
1323 727 1470 786 sacri
1523 729 1684 787 illam
1715 729 2028 787 Gretserus
2058 729 2408 806 Ingolstadii
2446 740 2610 793 1616
2643 731 2707 790 in
2740 743 2810 804 43

157 817 388 892 palatii
417 820 479 876 et
508 837 543 875 a
574 817 845 876 Paschali
876 817 949 878 ΙΙ.
983 820 1217 877 creatus
1237 816 1467 875 estdia·
1522 819 1682 877 inter
1712 820 1843 877 acta
1874 817 1972 876 SS.
2008 826 2107 881 25.
2141 818 2280 893 Maji
2303 818 2400 887 VI,
2446 830 2461 879 1
2489 829 2807 891 13-143,

159 925 370 965 conus
384 906 729 972 cardinalis:
751 907 881 982 ejus
895 907 1049 965 enim
1064 924 1298 964 causam
1316 909 1468 964 stre·
1524 907 1682 984 apud
1745 906 2042 977 Mabillon‚
2106 907 2410 978 Muratori,
2485 909 2548 966 in
2604 910 2810 985 primis

158 1015 291 1054 nue
328 996 621 1054 tuebatur
650 996 937 1054 adversus
970 995 1232 1056 rebelles,
1297 994 1465 1053 Gela·
1523 996 1680 1072 apud
1744 995 2068 1056 Watterich
2117 996 2282 1060 Rom.
2332 997 2505 1061 Pont.
2555 999 2712 1058 vitae
2764 1000 2807 1071 1,

160 1084 335 1142 sium
368 1085 443 1145 11.
475 1085 538 1142 in
570 1084 788 1144 Gallias
818 1084 1256 1162 confugientem
1290 1084 1465 1142 comi·
1528 1095 1876 1148 474—546
1930 1088 1992 1143 et
2037 1086 2102 1143 in
2150 1085 2349 1162 Migne
2399 1086 2460 1144 P.
2492 1086 2557 1149 L.
2590 1086 2806 1159 CXLII,

158 1177 350 1231 tatus
369 1177 481 1244 est,
500 1177 684 1249 atque
704 1174 927 1233 calixto
947 1174 1021 1236 11.
1041 1177 1103 1232 et
1115 1173 1377 1232 Honorio
1392 1172 1467 1233 ΙΙ.
1529 1183 1834 1238 39--104
1873 1177 1983 1233 etc.
2032 1174 2255 1234 Narrat
2285 1193 2523 1250 quoque
2555 1178 2731 1235 vitam
2760 1197 2808 1236 s.

161 1281 419 1338 operam
454 1280 622 1320 suam
653 1263 719 1321 in
748 1264 929 1321 rebus
962 1263 1142 1322 sacris
1173 1262 1469 1321 indefesse
1525 1264 1814 1322 Herlucas
1834 1263 1900 1321 V.
1932 1263 2132 1323 boicae
2165 1258 2230 1347 (†
2255 1276 2277 1326 1
2302 1259 2468 1347 142),
2500 1264 2659 1323 inter
2678 1270 2810 1326 acta

160 1352 441 1421 navavit,
475 1352 576 1410 sed
608 1352 795 1411 electo
828 1351 1171 1411 Innocentio
1203 1350 1279 1409 11.
1332 1367 1469 1409 cum
1526 1353 1622 1416 SS.
1665 1361 1758 1416 18.
1790 1353 1935 1429 Apr.
1965 1351 2041 1422 11,
2081 1362 2417 1423 552—57;
2452 1356 2664 1412 etcum
2685 1356 2809 1414 vita

162 1440 303 1499 aliis
370 1441 769 1499 cardinalibus
845 1440 919 1499 ad
979 1440 1330 1500 Anacletum
1390 1439 1464 1498 11.
1525 1442 1794 1518 Gregorii
1825 1441 1954 1503 VII.
2016 1440 2209 1517 Ipsius
2258 1460 2378 1501 non
2410 1459 2538 1501 esse
2570 1443 2808 1502 videtur

162 1530 751 1606 pseudopontificem
772 1530 1001 1591 defecit.
1024 1530 1139 1588 Diu
1149 1529 1346 1588 tenuit
1360 1528 1471 1587 hoc
1537 1531 1671 1589 Vita
1729 1550 1776 1589 s.
1819 1530 2065 1600 Erardi,
2129 1531 2230 1590 sed
2290 1530 2459 1589 Pauli
2520 1529 2806 1616 (Paululi)

163 1619 453 1690 schisma,
488 1619 589 1677 sed
620 1637 667 1679 s.
699 1618 991 1678 Bet-nardi
1033 1618 1330 1677 industria
1361 1617 1467 1675 Pe·
1524 1620 1818 1696 quondam
1842 1619 2073 1681 Judaei.
2106 1619 2185 1678 Cf.
2203 1620 2502 1679 Nomencl.
2516 1621 2598 1689 1‚⁸
2626 1632 2808 1685 1097.

164 1712 308 1766 trus
354 1707 599 1766 demum
644 1708 912 1784 legitimo
956 1707 1222 1783 pontifici
1266 1724 1465 1766 recon·
1527 1709 1776 1767 Videtur
1810 1709 2131 1768 decessisse
2162 1713 2301 1768 ante
2331 1729 2382 1772 a.
2421 1720 2622 1781 11563
2655 1711 2807 1770 sorte

164 1796 418 1855 ciliatus
463 1799 555 1855 est
600 1794 834 1874 (11:373
866 1795 904 1864 †
948 1792 1154 1879 1144).
1217 1796 1469 1870 Scripsit
1524 1816 1571 1857 ο.
1604 1818 1655 1860 a.
1697 1807 1883 1861 1145.

168 1885 373 1944 fusius
453 1889 631 1944 vitam
706 1886 1010 1945 Paschalis
1071 1883 1156 1950 ΙΙ.
1239 1880 1466 1966 (Migne

167 1974 426 2044 CLXIII,
471 1970 780 2055 13—28)‚
832 1979 1013 2050 atque
1060 1975 1279 2033 librum
1313 1974 1466 2033 Pon-
1616 1986 1714 2039 70.
1748 1975 1914 2034 Inter
1938 1993 2139 2033 rerum
2165 1977 2531 2054 anqlicarum
2557 1977 2806 2053 scripto·

169 2063 458 2122 tificalem
517 2064 625 2122 diu
698 2065 1036 2141 neglectum
1099 2063 1469 2122 continuavit
1522 2083 1635 2135 res,
1670 2065 1777 2140 qui
1797 2064 1992 2123 seculo
2012 2063 2137 2126 XII.
2160 2064 2509 2135 floruerunt,
2550 2066 2807 2141 primum

171 2152 518 2227 ampliando
549 2156 613 2211 et
630 2153 1010 2212 retractando
1029 2153 1273 2211 notitias
1294 2154 1468 2209 antea
1524 2156 1717 2212 locum
1761 2155 1929 2212 tenet
1972 2153 2148 2212 Guil
2166 2154 2308 2212 elm
2326 2172 2427 2221 us,
2475 2172 2652 2228 quem
2697 2154 2807 2213 Us-

164 2241 294 2315 jam
325 2242 601 2301 collectas
627 2242 702 2300 de
716 2242 1098 2317 pontificibus
1115 2241 1354 2300 aLeone
1370 2240 1467 2298 IX.
1524 2244 1702 2301 herus
1732 2242 2119 2319 praecipuum
2151 2245 2285 2318 post
2308 2243 2526 2301 Bedam
2557 2244 2807 2319 Angliae

175 2340 366 2406 usque
416 2330 494 2389 ad
556 2330 895 2390 Paschalem
936 2332 1024 2401 11;
1088 2329 1467 2406 sequentium
1524 2331 2069 2408 historiographum
2111 2338 2286 2390 vocat
2315 2332 2685 2407 aliorumque
2717 2332 2807 2390 hi-

170 2419 528 2493 pontificum
578 2421 730 2478 vitas
762 2420 1000 2497 scripsit
1030 2417 1374 2478 Pandulf
1383 2435 1467 2476 us
1524 2421 2069 2498 storiographorum
2143 2420 2370 2479 ducem.
2445 2419 2639 2479 Natus
2716 2424 2809 2480 est

175 2510 381 2583 utjam
397 2526 585 2584 supra
606 2529 666 2584 p.
702 2517 783 2571 42
817 2508 1091 2568 diximus,
1124 2507 1259 2566 Alia
1277 2507 1469 2567 nostri
1525 2529 1571 2569 c.
1614 2520 1777 2573 1096
1825 2509 1979 2569 forte
2025 2508 2356 2579 Somerseti‚
2404 2509 2637 2584 fuitque
2681 2529 2809 2569 mo-

173 2597 338 2655 Petri
390 2598 620 2676 scripta
669 2601 842 2656 sunt:
910 2597 1219 2657 Gestorum
1260 2599 1467 2654 trium·
1523 2599 1745 2658 nachus
1761 2597 2299 2658 malmesburiensis
2320 2598 2496 2669 OSB.‚
2530 2617 2806 2674 praecen-

171 2688 442 2761 phalium
464 2706 580 2763 per
595 2686 843 2747 Pisanos
855 2689 1151 2761 factorum
1181 2685 1463 2754 narrati0‚
1523 2693 1622 2749 tor
1679 2694 1743 2747 et
1801 2688 2296 2759 bibliothecarius,
2362 2689 2453 2746 vir
2475 2735 2478 2736 ν
2500 2689 2808 2748 literarum

177 2776 333 2835 edita
348 2777 417 2835 in
434 2776 759 2836 Anecdotis
784 2776 1144 2854 Ughellianis
1176 2776 1248 2838 It.
1270 2793 1469 2834 sacrae
1524 2797 1737 2849 amore,
1771 2778 2065 2837 industria
2079 2781 2140 2836 et
2153 2778 2422 2837 doctrina
2436 2778 2803 2854 conspicuus,

181 2864 279 2935 P,
317 2875 605 2934 91-95,
659 2868 721 2924 et
779 2868 1018 2942 epistola
1061 2865 1320 2924 universi
1369 2883 1466 2923 ro·
1524 2867 1629 2942 qui
1657 2867 1875 2926 iterum
1908 2866 2247 2942 iterumque
2278 2884 2373 2925 res
2392 2866 2614 2942 patrias
2632 2871 2695 2924 et
2708 2887 2807 2925 ex-

179 2974 383 3014 manae
416 2955 589 3013 urbis
622 2955 762 3013 cleri
794 2958 855 3013 et
872 2955 1075 3032 populi
1093 2954 1166 3013 ad
1188 2954 1468 3012 Didacum
1524 2959 1724 3015 ternas
1757 2955 2128 3030 exponendas
2160 2956 2273 3014 sibi
2297 2956 2513 3014 sumsit
2558 2955 2808 3031 ideoque

182 3045 432 3121 archiep.
465 3044 1016 3119 compostellanum,
1046 3044 1110 3103 in
1131 3063 1248 3119 qua
1265 3044 1470 3100 narrat
1524 3065 1798 3122 magnam
1831 3045 1989 3120 apud
2008 3047 2275 3120 posteros
2307 3045 2540 3103 laudem
2572 3045 2807 3104 meruit.

182 3131 524 3192 electionem
600 3133 873 3192 Analecti
949 3130 1468 3209 pseudopontificis
1526 3134 1668 3193 Fere
1710 3134 1862 3193 nihil
1905 3133 1978 3192 de
2023 3135 2152 3209 ejus
2192 3135 2318 3193 vita
2348 3134 2585 3204 scimm,
2626 3138 2808 3209 atque

188 3231 281 3284 10.
309 3225 458 3298 Apr.
498 3229 666 3284 1130
700 3222 932 3295 factam,
965 3221 1125 3297 apud
1151 3221 1468 3281 Watterich
1524 3224 1703 3282 etiam
1734 3224 1945 3282 mortis
1975 3224 2268 3282 incertum
2292 3225 2382 3281 est
2399 3227 2670 3298 tempus;
2705 3223 2808 3281 sed

183 3308 344 3369 Vitae
374 3330 528 3371 rom.
559 3314 725 3386 pont.
757 3311 833 3380 11,
876 3321 1240 3381 187-190,
1291 3329 1468 3386 quem
1525 3331 1659 3371 cum
1689 3312 1974 3371 ultimum
2016 3312 2206 3388 ipsius
2253 3329 2404 3388 opus
2443 3312 2509 3370 in
2538 3312 2806 3369 maximis

184 3399 247 3456 ef.
275 3400 349 3458 de
382 3402 596 3459 nostro
628 3403 868 3459 auctore
899 3400 962 3459 in
991 3399 1214 3476 proleg.
1247 3399 1297 3457 Ι.
1328 3418 1466 3476 pag.
1523 3403 1652 3477 ejus
1703 3402 1916 3461 aetatis
1961 3401 2443 3478 gravissimisque
2493 3401 2807 3458 eventibus

183 3487 597 3551 le-Lxxl,
646 3522 735 3534 —
783 3489 1075 3547 Paulus
1119 3488 1193 3547 de
1238 3490 1466 3547 Bern·
1526 3490 1798 3549 videlicet
1828 3510 1878 3552 a.
1906 3500 2072 3553 1142
2110 3490 2362 3566 abrupte
2393 3489 2639 3560 desinat,
2669 3508 2806 3547 eum

183 3578 339 3636 ried
372 3578 701 3637 eanonicus
741 3577 1170 3638 ratisbonensis
1222 3577 1468 3653 spiritus
1523 3579 1633 3638 hoc
1681 3599 1730 3640 a.
1783 3583 1891 3638 aut
1940 3578 2212 3654 sequenti
2275 3575 2471 3659 (juxta
2518 3577 2806 3652 quosdam

185 3684 309 3725 vere
341 3666 739 3738 ecclesiastici,
791 3670 1073 3726 strenuus
1103 3670 1230 3725 erat
1261 3666 1465 3725 adver·
1523 3687 1571 3726 a.
1600 3680 1622 3730 1
1647 3668 1793 3746 145)
1824 3668 2123 3727 interiisse
2144 3667 2502 3752 supponitur
2517 3665 2583 3747 1).
2614 3666 2804 3726 Labo-

187 3758 367 3816 surius
401 3757 689 3815 simoniae
721 3761 783 3815 et
813 3755 1241 3816 concubinatus
1273 3772 1465 3813 sacer·
1524 3758 1908 3817 riosissimum
1939 3757 2119 3816 fuisse
2136 3757 2484 3831 scriptorem
2504 3758 2807 3814 testantur

187 3843 401 3917 dotum,
436 3848 498 3904 et
517 3845 592 3903 ab
615 3844 867 3905 Henrico
892 3845 952 3904 V.
973 3846 1039 3904 in
1056 3845 1328 3904 exsilium
1350 3843 1468 3902 fuit
1523 3865 1716 3922 opera,
1753 3865 2008 3921 quorum
2038 3865 2158 3905 non
2176 3846 2373 3903 minus
2395 3863 2575 3921 quam
2593 3845 2807 3922 viginti

187 3939 372 4005 actum
407 3933 633 3993 hincad
647 3935 957 3994 canonicos
976 3933 1274 4011 regulares
1290 3934 1466 3991 bern-
1523 3940 1661 3994 ante
1692 3954 1743 3994 a.
1778 3945 1879 3999 50.
1913 3937 2125 3993 aetatis
2158 3953 2300 3993 suae
2331 3934 2677 4009 composuit.
2721 3934 2808 3993 Ea

189 4023 467 4082 riedensoe
488 4024 556 4082 in
574 4023 822 4082 dioecesi
838 4026 1172 4101 augustana
1192 4021 1467 4099 confugit
1522 4028 1721 4083 tamen
1735 4044 1857 4083 non
1877 4025 2073 4083 omnia
2085 4024 2466 4100 prodierunt;
2499 4042 2569 4081 ex
2604 4023 2693 4080 his
2709 4019 2807 4102 (cf.

188 4117 351 4189 atque
382 4114 548 4171 inter
577 4131 675 4171 eos
705 4112 823 4170 fuit
852 4115 1127 4189 receptus
1143 4107 1211 4194 ¹).
1262 4110 1335 4170 In
1365 4110 1464 4169 iti·
1526 4114 1724 4190 Migne
1788 4110 2034 4183 CXXIX,
2103 4108 2525 4194 955—1774)
2576 4112 2808 4187 potiora

189 4218 311 4261 nere
360 4220 613 4261 romano
661 4201 1017 4260 documenta
1065 4200 1304 4278 collegit
1357 4219 1465 4276 pro
1523 4208 1696 4262 sunt:
1763 4203 1937 4261 Gesta
2000 4220 2200 4279 reyum
2249 4203 2552 4276 anylorum
2603 4195 2721 4284 (ab.
2772 4221 2807 4259 a

1525 4286 1946 4373 449—1127)
2008 4296 2191 4367 atque
2238 4292 2516 4350 historiae
2558 4291 2806 4348 novellae

254 4426 495 4490 nemo.
514 4427 647 4495 May
662 4425 853 4480 Neues
868 4425 1032 4479 Arch.
1049 4425 1147 4480 der
1159 4424 1462 4481 Gesellsch.
1521 4376 1620 4481 (ab
1653 4400 1702 4438 δ’
1745 4377 2153 4460 ¹127—42)3
2185 4383 2502 4480 utrumque
2534 4383 2806 4454 excerpta

192 4496 268 4551 fiir
314 4500 493 4553 altere
545 4497 820 4552 deutsche
883 4497 1079 4551 Gesch.
1131 4501 1288 4554 1887.
1342 4497 1464 4561 xn,
1519 4489 1582 4528 ¹¹²
1613 4469 1740 4528 ΜΘ·
1764 4469 1863 4531 SS·
1883 4469 1949 4539 X,
1977 4478 2323 4532 449—485
2348 4473 2409 4527 et
2424 4468 2622 4543 ahqlm
2641 4467 2801 4536 XHI’

191 4571 491 4628 335—352:
514 4569 896 4626 Hermannib.
913 4572 1069 4629 1889.
1088 4568 1234 4633 XIV,
1252 4572 1356 4625 567
1375 4585 1462 4628 ss.;
1531 4568 1861 4628 134-393
1908 4559 2129 4634 prodiit
2159 4561 2483 4633 utrumque
2516 4560 2653 4633 post
2683 4556 2803 4614 edi-

193 4639 426 4712 Greving
466 4641 644 4695 Paule
685 4658 737 4694 v.
778 4639 841 4695 B.
881 4639 1016 4694 Vita
1054 4639 1312 4710 Gregorii
1345 4640 1461 4699 Vn,
1793 4649 1800 4656 ·

192 4709 431 4767 Hfinster
471 4718 615 4770 1893
653 4712 715 4765 in
755 4710 1193 4781 Kirchengesch.
1221 4710 1462 4765 Studien

193 4785 281 4838 aeed.
308 4784 582 4856 Knopfler
607 4786 667 4838 et
690 4783 930 4838 Sdralek
957 4783 1026 4847 11,
1054 4787 1138 4855 1);
1165 4781 1327 4837 Esset
1347 4782 1459 4836 ΚΒ.
1592 4788 1632 4854 ⁴)
1660 4784 1855 4851 Hardy
1898 4785 1958 4837 111
2003 4782 2181 4852 praef.
2227 4782 2311 4836 ed.
2360 4798 2494 4836 suae
2534 4798 2625 4849 op.
2671 4780 2806 4834 Gui-

196 4853 269 4914 ΙΚ.
294 4862 463 4917 1712;
493 4855 743 4910 Gretseri
771 4856 987 4936 proleg.
1022 4854 1093 4907 a‘l
1126 4853 1301 4907 vitam
1342 4871 1375 4906 a
1402 4871 1459 4908 se
1514 4854 1707 4914 lelmi;
1734 4855 2000 4909 Potthast
2027 4871 2081 4923 Ρ.
2111 4859 2246 4914 557:
2277 4853 2515 4908 Sohrodl
2540 4851 2652 4908 KL.
2681 4851 2782 4904 ΧΠ

194 4926 402 4992 editam,
429 4927 608 4982 etiam
628 4928 691 4981 in
713 4925 911 4997 mgna
937 4928 972 4982 1.
1000 4942 1047 4979 c.
1072 4943 1130 4994 p.
1155 4930 1458 4983 219-2‘27.
1515 4931 1650 4984 1611
1672 4945 1686 4991 ;
1712 4925 1892 4980 schaz
1918 4945 1972 4997 p.
2002 4930 2301 4983 sis—551.
2791 4914 2806 4940 ’

386 5029 584 5086 Hurter,
611 5027 960 5075 Nomenclator
987 5026 1031 5072 11
1058 5027 1135 5072 ed.
1164 5025 1214 5072 3.
2451 5019 2483 5069 5
