3475 5364
173 411 285 464 361
650 392 809 447 Rom.
836 393 1151 462 pontifices.
1176 392 1281 447 Jus
1307 391 1664 450 canonicum.
1692 391 1746 447 S.
1774 389 1972 458 Raym.
1999 388 2068 444 de
2095 389 2331 453 Pennaf,
2668 405 2792 463 352

177 579 329 637 risiis
385 586 581 642 1892.
647 578 812 649 Obiit
864 587 917 641 2.
971 578 1094 639 Oct.
1150 587 1331 644 1264.
1376 612 1465 625 -—
1518 575 1748 660 (1222)
1806 579 2141 653 utilemque
2189 576 2394 653 posuit
2438 594 2674 653 operam
2732 574 2797 635 in

180 667 488 729 Urbanum
502 666 603 726 IV.
620 670 863 728 secutus
878 671 969 727 est
999 667 1346 733 Clemens
1365 667 1465 726 IV.
1518 667 1932 729 convertendis
1965 666 2202 727 Mauris.
2235 667 2286 729 A
2317 665 2554 727 Joanne
2581 663 2654 723 de
2674 663 2794 731 Ah-

180 755 256 836 (6.
276 756 446 816 Febr.
493 765 663 820 1265
682 756 761 817 ad
787 767 880 819 19.
903 757 1048 816 Nov.
1080 753 1274 840 1268)
1291 759 1467 819 antea
1519 758 1677 817 batis
1692 758 1838 819 villa
1852 755 2140 819 cardinali
2153 753 2797 831 legatoinHispaniam

176 845 363 904 Gnido
397 846 737 905 Grossus
767 846 894 907 sive
924 845 1241 907 Fulcodius
1269 846 1467 907 dictus
1519 847 1580 906 in
1624 846 1854 909 socium
1897 846 1992 904 est
2034 845 2384 920 assumptus
2433 838 2664 925 (1229)
2704 845 2796 907 gt..

182 930 578 1016 (Foulquois),
600 935 750 994 item
770 935 993 1003 Gallae,
1026 935 1192 1012 prius
1212 935 1384 996 miles
1404 938 1466 994 et
1519 954 1635 1011 que
1684 954 1818 999 cum
1860 953 1928 995 eo
1961 935 2195 1001 Romam
2244 932 2428 1000 venit,
2475 930 2583 993 ubi
2626 930 2795 997 fami-

180 1024 241 1081 in
268 1023 654 1084 matrimonio
684 1026 911 1084 vivens.
961 1024 1151 1084 Uxore
1183 1024 1466 1083 defuncta
1516 1024 1876 1085 liarissimus
1905 1026 1967 1083 et
1997 1021 2370 1089 consiliarius
2402 1025 2665 1087 secretus
2681 1020 2796 1085 fao-

188 1130 371 1171 sacros
399 1113 674 1190 suscepit
691 1113 933 1173 ordines,
960 1116 1144 1188 atque
1171 1113 1464 1190 gradatim
1519 1120 1618 1172 tus
1681 1116 1776 1173 est
1825 1112 2104 1189 Gregorio
2153 1111 2268 1179 IX„
2331 1109 2675 1187 capellanus
2737 1113 2798 1175 et

184 1201 252 1258 ad
279 1202 496 1260 altiora
527 1206 851 1278 provectus
882 1220 1131 1261 munera
1159 1201 1353 1264 factus
1374 1203 1466 1260 est
1517 1201 2012 1279 poenitentiarius
2071 1205 2395 1275 tantaeque
2440 1198 2596 1274 apud
2647 1216 2795 1274 pon-

188 1290 660 1369 archiepiscopus
739 1290 1150 1360 narbonensis,
1229 1294 1465 1350 creatus
1517 1292 1734 1355 titicem
1767 1291 1886 1352 fuit
1915 1289 2308 1357 auctoritatis,
2342 1292 2414 1349 ut
2443 1287 2540 1351 hic
2558 1286 2795 1353 nonnisi

186 1378 494 1441 cardinalis
528 1380 603 1441 ab
638 1380 877 1439 Urbano
901 1380 1015 1451 IV„
1049 1380 1286 1445 demum
1312 1399 1464 1441 una·
1517 1381 1783 1443 adhibito
1815 1382 1945 1457 ejus
1978 1379 2219 1439 consilio
2258 1376 2558 1455 graviores
2588 1393 2797 1444 causas

195 1468 323 1527 nimi
349 1468 752 1532 cardinalium
796 1469 1076 1546 suffragio
1117 1470 1341 1529 electus
1371 1470 1466 1528 est
1517 1472 1815 1531 tractaret.
1851 1509 1879 1538 ,
1893 1469 2039 1531 Cum
2070 1471 2272 1533 autem
2297 1484 2453 1542 papa.
2464 1465 2646 1533 vellet
2659 1483 2797 1532 Qum

191 1557 455 1632 pontifex.
524 1558 631 1616 Vir
674 1561 803 1617 erat
837 1558 996 1633 juris
1043 1557 1462 1634 peritissimae,
1519 1577 1727 1635 cogere
1771 1558 1845 1618 ad
1889 1556 2297 1632 recipiendum
2332 1553 2794 1630 archiepiscopu-

199 1665 444 1705 snmmao
474 1647 798 1723 probitatis
830 1653 891 1706 et
921 1652 1045 1707 tam
1062 1667 1096 1706 a
1116 1647 1465 1723 propinquis
1519 1652 1651 1709 tum
1665 1647 1963 1724 quendam
1985 1646 2050 1707 in
2070 1649 2231 1709 terra
2244 1663 2368 1714 sua,
2386 1647 2508 1709 tam
2522 1646 2795 1702 constan-

198 1735 597 1809 promovendis
648 1736 900 1803 alienus,
953 1740 1022 1794 ut
1065 1736 1221 1794 nulli
1252 1736 1463 1796 horum
1518 1740 1610 1795 ter
1639 1740 1841 1798 sancta
1884 1735 2140 1811 quadam
2186 1732 2510 1799 rebellione
2558 1730 2794 1800 restitit,

200 1824 829 1899 permiseritinUrbem
842 1824 1061 1894 venire,
1074 1825 1465 1899 etduaaquas
1519 1825 1679 1901 quod
1710 1845 1867 1902 papa
1896 1823 2198 1890 revocavit
2215 1822 2598 1889 coactionem,
2616 1839 2796 1896 quam

198 1916 321 1970 ante
350 1913 750 1973 sacerdotium
783 1918 1139 1989 susceperat,
1169 1913 1320 1975 filiae
1352 1932 1465 1973 nu-
1520 1917 1809 1990 coeperat,
1856 1914 2064 1973 videns
2109 1913 2239 1988 ejus
2283 1915 2406 1971 tam
2439 1908 2796 1975 contrariam

202 2000 321 2059 bere
342 2021 460 2061 non
482 2002 803 2078 potuerint
828 2002 904 2062 ob
927 2003 1082 2063 dotis
1096 2002 1463 2063 tenuitatem.
1518 2004 1891 2065 voluntatem
1904 2000 1972 2085 ¹).
1988 2010 2017 2044 ‘
2081 2002 2341 2063 obtenta
2390 1998 2634 2063 lieentia
2683 1997 2796 2055 etsi

204 2089 330 2148 Cum
356 2096 515 2150 esset
545 2091 1018 2167 archiepiscopus
1061 2091 1237 2166 plura
1280 2090 1468 2151 edidit
1520 2111 1653 2153 cum
1685 2091 2043 2152 difficultate
2074 2090 2147 2150 ad
2176 2089 2418 2166 propria
2433 2086 2746 2152 recedendi
2764 2106 2799 2146 a

204 2186 399 2239 wida
419 2180 749 2257 synodalia,
783 2200 935 2256 quae
953 2180 1176 2257 passim
1192 2182 1468 2257 prostant
1520 2182 1684 2241 curia
1731 2184 1977 2258 propter
2035 2177 2438 2241 valetudinem
2496 2175 2796 2239 laboribus

210 2267 644 2329 inconciliorum
664 2269 1464 2331 collectionibusadal266.
1518 2271 1767 2347 vitaque
1800 2289 2024 2347 aspera,
2071 2287 2251 2344 quam
2299 2266 2573 2332 ducebat,
2626 2264 2796 2329 attri-

208 2356 434 2433 Regesta
461 2359 598 2434 ejus
629 2359 895 2434 reperies
924 2359 1082 2434 apud
1101 2358 1377 2417 Potthast
1389 2357 1465 2425 11,
1519 2363 1662 2429 tam,
1694 2378 1771 2419 en
1802 2379 1836 2420 a
1867 2358 1990 2418 suis
2008 2358 2232 2419 electus
2250 2355 2423 2417 estin
2441 2354 2794 2431 magistrum

223 2455 627 2531 1542-1649
649 2468 665 2518 ;
701 2456 775 2511 21
792 2457 870 2511 03
892 2469 906 2515 ;
939 2466 1125 2523 eaque
1143 2446 1317 2506 edere
1338 2464 1465 2505 coe-
1520 2448 1745 2513 ordinis
1760 2448 2096 2526 generalem
2129 2439 2376 2528 (1238),
2408 2443 2505 2503 eui
2525 2442 2798 2509 electioni

213 2533 289 2607 pit
313 2534 409 2593 Ed.
440 2535 737 2596 Jordan
778 2545 972 2605 1893;
1035 2537 1307 2610 epistolas
1342 2545 1457 2598 711
1520 2536 1761 2597 nonnisi
1806 2537 2096 2597 sodalium
2144 2535 2421 2611 precibus
2470 2534 2797 2598 commotus

219 2623 457 2701 vulgavit
470 2620 517 2708 ²)
566 2626 915 2685 Martene
953 2625 1016 2682 in
1050 2625 1217 2685 Thes.
1249 2624 1466 2685 Anecd.
1523 2625 1838 2703 acquievit.
1870 2626 2014 2688 Fuit
2028 2624 2187 2688 enim
2213 2621 2647 2694 ,virmaximae
2661 2639 2796 2697 per·

216 2715 251 2767 t
282 2722 327 2773 2·
1520 2716 1811 2785 fectionis,
1845 2714 2216 2792 paupertatis
2261 2717 2323 2773 et
2352 2711 2707 2777 humilitatis
2738 2713 2799 2768 et

1520 2806 1706 2865 totius
1755 2804 2083 2865 honestatis
2126 2803 2344 2866 zelator
2385 2801 2692 2868 maximus,
2739 2801 2800 2862 et

302 2901 425 2952 194.
453 2892 621 2952 Inter
665 2911 784 2961 eos,
831 2894 938 2969 qui
982 2893 1055 2954 de
1078 2893 1217 2969 jure
1262 2910 1467 2953 cano-
1522 2913 1824 2972 apponens
1853 2912 2055 2953 curam
2088 2892 2416 2959 maximam,
2442 2892 2511 2952 ut
2538 2889 2602 2950 in
2620 2888 2798 2954 mini-

224 2979 368 3037 nico
411 2980 574 3040 fuere
624 2981 891 3051 solliciti,
936 2982 1333 3042 nominandus
1376 2984 1470 3040 est
1523 2984 1637 3042 mis
1671 2984 1836 3060 rigor
1865 2982 2095 3042 ordinis
2114 2983 2507 3040 servaretur.‘
2541 2979 2687 3044 Post
2705 2995 2798 3035 re-

229 3086 343 3153 prae
355 3070 614 3143 primisR
632 3070 1053 3147 aymundus
1083 3071 1168 3130 de
1190 3073 1469 3130 Penna-
1522 3072 1765 3150 gimim‘s
1795 3071 2103 3131 biennium
2155 3069 2461 3140 ,sentiens
2495 3067 2610 3126 sibi
2640 3065 2799 3124 vires

226 3154 412 3226 forte,
443 3160 543 3234 qni
576 3159 913 3219 Decretales
944 3179 1088 3219 rom.
1121 3160 1471 3235 pontificum
1526 3161 1599 3223 ad
1629 3161 1972 3237 hujusmodi
2002 3159 2261 3222 officium
2306 3157 2549 3224 omnino
2578 3156 2800 3225 deesse,

230 3244 437 3322 collegit
464 3251 524 3305 et
553 3247 620 3306 in
649 3267 842 3308 unum
873 3249 1041 3309 velut
1082 3267 1294 3325 corpus
1316 3249 1472 3324 juris
1523 3255 1762 3309 tantum
1799 3249 2026 3309 institit
2057 3248 2218 3325 apud
2247 3246 2574 3306 Bononiam
2610 3245 2674 3304 in
2708 3263 2801 3302 ca-

232 3335 457 3394 canonici
475 3337 792 3414 compegit.
824 3337 1019 3396 Natus
1047 3342 1142 3396 est
1159 3338 1211 3397 is
1232 3340 1470 3397 sanctus
1524 3340 1719 3417 pitulo
1751 3338 2013 3416 generali
2048 3337 2207 3414 apud
2239 3335 2608 3402 diffinitores,
2642 3332 2804 3409 quod

234 3419 286 3478 in
311 3441 425 3483 arce
454 3425 778 3485 P0nnafort
806 3426 869 3485 in
889 3426 1185 3486 Catalonia
1215 3447 1284 3487 ex
1314 3426 1469 3503 regi·
1526 3430 1654 3505 ejus
1685 3427 2005 3489 cessionem
2036 3428 2402 3503 receperunt.
2467 3427 2655 3499 Super
2685 3439 2803 3500 quo

234 3506 1470 3593 busAragonumducensoriginema.1175.
1525 3509 1694 3580 tanta
1722 3516 1989 3581 turbatio
2033 3519 2162 3575 orta
2204 3518 2298 3580 est„
2341 3512 2404 3572 in
2452 3511 2713 3587 capitulo
2744 3512 2806 3572 οὺ

244 3597 555 3662 Adolescens
590 3613 673 3667 20
710 3624 758 3664 a.
805 3604 1009 3663 docuit
1043 3606 1169 3680 jam
1213 3605 1473 3681 philoso-
1526 3626 1633 3682 per
1662 3606 1930 3664 ordinem
1962 3604 2192 3672 diffusa,
2240 3601 2400 3678 quod
2444 3600 2610 3658 dedit
2640 3616 2804 3657 occa-

240 3685 398 3758 phiam
428 3692 781 3752 Barcinone:
811 3692 951 3752 inde
980 3694 1309 3754 Bononiam
1337 3712 1474 3769 pro·
1529 3696 1757 3754 sionem
1790 3693 2093 3753 statuendi
2129 3694 2349 3768 postea,
2393 3689 2553 3764 quod
2584 3708 2619 3746 a
2649 3686 2804 3746 diffi-

243 3772 399 3835 fectus
421 3780 539 3854 juri
583 3782 863 3841 canonico
908 3781 1074 3841 dedit
1121 3801 1381 3857 operam,
1415 3786 1476 3841 et
1529 3784 1831 3847 nitoribus
1909 3802 2028 3842 non
2105 3780 2470 3857 acciperetur
2537 3776 2808 3854 magistri

245 3862 447 3925 obtenta
475 3868 676 3929 laurea
705 3870 1072 3947 aliquamdiu
1103 3871 1329 3947 absque
1347 3870 1475 3929 ullo
1530 3872 1729 3942 cessio,
1764 3872 1880 3931 nisi
1914 3890 1983 3930 ex
2016 3873 2227 3938 causis,
2262 3887 2334 3928 ex
2365 3867 2585 3944 quibus
2606 3868 2809 3942 posset

250 3951 500 4028 stipendio
546 3959 701 4019 rexit
742 3959 1097 4019 cathedram.
1161 3960 1364 4020 Bedux
1413 3959 1477 4018 in
1531 3961 1799 4022 absolvi‘
1825 3961 1860 4020 i.
1884 3980 1930 4019 e.
1953 3960 2277 4037 perpetuis.
2314 3956 2566 4016 Secessit
2585 3956 2647 4013 in
2668 3973 2807 4013 con-

251 4042 458 4118 patriam
498 4048 942 4110 archidiaconus
989 4050 1356 4108 constitutus
1388 4053 1480 4114 est
1529 4054 1779 4110 ventum
1838 4049 2090 4110 fratrum
2141 4050 2211 4106 de
2258 4045 2652 4114 Bai-chinone,
2703 4043 2810 4106 ubi

253 4127 313 4186 ab
336 4132 583 4212 episcopo
602 4137 1016 4200 barcinonensi
1049 4134 1312 4221 (1219):
1347 4156 1478 4197 mox
1532 4140 1683 4199 vixit
1730 4140 1835 4208 ,in
1886 4138 2047 4198 omni
2110 4136 2448 4204 sanctitate,
2499 4132 2810 4211 religionis

256 4217 418 4280 tamen
484 4224 751 4288 habitum
827 4226 1024 4290 induit
1085 4246 1129 4287 s.
1196 4227 1479 4292 Dominici
1532 4229 1857 4305 speculum,
1909 4227 2211 4303 exemplar
2240 4226 2554 4291 virtutum,
2606 4240 2811 4288 conso-

1533 4318 1682 4377 latio
1735 4317 2084 4394 provinciae,
2136 4315 2354 4373 zelator
2413 4313 2548 4372 fidei
2597 4330 2811 4388 propa-

263 4442 357 4562 υἱὲ
371 4440 542 4570 ἓξὲξ
568 4449 876 4590 33ἱέὲῖ
917 4448 1481 4576 ἒιῖζῑίζὲῧῖὶζὶῂᾒῗ
1535 4404 2817 4570 ,25335503123‘11‘353305553535221322'33.

268 4577 553 4644 annositate
570 4561 956 4654 sanctimonia,
988 4564 1481 4661 rerumgestarum
1537 4605 1580 4648 s.
1614 4586 1790 4643 Petro
1821 4583 2075 4642 Nolasco
2121 4582 2251 4641 viro
2296 4580 2486 4642 nobili
2531 4598 2598 4638 ac
2627 4578 2729 4654 pio
2757 4583 2817 4636 et

268 4648 481 4734 gloria-et
504 4663 831 4744 pontificatu
871 4662 1171 4743 maximus,
1214 4663 1481 4744 Lugfluni
1536 4673 1758 4733 Jacobo
1789 4674 2133 4747 Aragonum
2183 4671 2309 4747 regi
2342 4673 2547 4728 auctor
2578 4667 2696 4726 fuit
2725 4666 2816 4724 in-

274 4723 378 4778 1824
409 4744 458 4778 111
486 4736 572 4790 12:
614 4737 913 4788 recentiori
943 4737 1128 4789 aetate
1153 4734 1204 4791 J.
1234 4734 1482 4792 Heide-

274 4804 442 4877 mant}
480 4800 639 4871 Papst
678 4804 934 4859 Clemens
962 4806 1055 4859 lV.
1106 4805 1247 4860 Eine
1292 4806 1484 4861 Mono-

277 4866 479 4932 graphie.
526 4872 630 4928 Das
658 4877 939 4930 Vorleben
979 4878 1077 4931 des
1105 4876 1339 4946 Papstes
1364 4877 1484 4932 und
1615 4883 1653 4944 ¹)
1681 4878 1748 4930 In
1788 4878 2028 4945 antiquo
2073 4876 2335 4936 chronico
2374 4875 2529 4944 apud
2558 4870 2757 4937 Quetif
2780 4872 2818 4934 Ι,

281 4946 314 4982 8·
333 4931 836 5017 Legationsregister,
864 4947 1117 5002 Mfinster
1145 4952 1301 5006 1903.
1542 4953 1662 5006 106.
