3475 5364
414 347 536 399 917
1400 328 1725 397 Alphonsus
1754 328 2036 383 Tostatus.
2898 349 2967 401 91
2986 349 3020 402 ,3

410 515 627 572 litatem
648 514 1042 587 beneficiorum
1057 536 1086 586 ,·
1115 521 1319 574 contra
1337 516 1647 573 simoniam
1660 535 1688 584 ,·
1837 525 1912 578 47
1926 526 1981 576 4.
2014 515 2187 574 Alius
2200 514 2623 574 celeberrimus
2641 520 2884 592 exegeta
2904 516 3023 574 fuit.

409 611 610 662 contra
627 605 960 680 avaritiam,
982 612 1184 663 contra
1199 604 1687 663 ambitionem.—
1744 603 2191 679 Alphonsus
2241 604 2633 672 Testatus,
2686 624 2754 663 ex
2801 604 3021 680 oppido

413 692 601 751 Multa
675 696 818 751 sunt
886 711 1064 768 opera
1140 693 1540 769 liturgica,
1617 697 1689 753 ut
1742 692 2025 751 Castellae
2046 693 2338 770 Madrigal
2361 693 2667 752 oriundus.
2703 694 3022 752 Salmanti-

410 781 676 856 piissima
707 785 984 857 expositio
1015 784 1223 841 missae
1238 803 1266 854 ,·
1312 782 1584 859 dialogus
1618 784 1688 841 de
1742 798 1842 839 cae
1874 781 2284 858 philosophiae
2326 786 2387 841 et
2417 782 2752 859 theologiae
2784 801 3049 857 operam-

409 878 771 930 socramento
801 872 1012 930 altaris
1026 892 1054 943 ,·
1098 873 1169 929 de
1216 891 1261 930 s.
1295 874 1687 930 communione
1742 870 1927 941 dedit,
1975 871 2196 946 quibus
2242 876 2442 931 tamen
2488 872 2764 947 adjunxit
2795 873 3022 930 utrius·

408 960 864 1035 frequentanda;
893 961 964 1018 de
995 979 1040 1023 v.
1073 968 1432 1020 sacramento
1464 979 1685 1019 sermo-
1741 978 1857 1034 que
1882 960 2038 1034 juris
2090 961 2490 1035 prudentiam,
2543 960 2889 1037 linguarum
2922 961 3022 1020 he-

408 1067 513 1107 nes
546 1067 675 1120 sex;
722 1051 791 1106 de
838 1057 1174 1109 sanctorum
1221 1058 1271 1107 et
1300 1051 1686 1127 reliquiarum
1742 1049 1970 1107 braicae
1989 1067 2350 1126 graecasque
2369 1048 2660 1119 notitiam,
2684 1049 3020 1108 liberalium

409 1140 767 1196 veneratione
777 1161 804 1212 ;
847 1135 920 1197 de
964 1140 1130 1197 modo
1160 1139 1348 1198 devote
1368 1140 1683 1213 psallendi,
1740 1139 1960 1197 artium
1985 1138 2327 1199 doctrinam.
2360 1139 2819 1213 Capacissimum
2837 1139 3020 1213 siqui·

408 1227 594 1285 sexies
643 1227 867 1286 editum
918 1231 1027 1286 etc.
1073 1261 1160 1271 —
1207 1227 1394 1297 Quam
1428 1229 1685 1304 plurima
1739 1227 1873 1286 dem
1923 1228 2135 1288 habuit
2183 1226 2508 1304 ingenium,
2572 1227 2707 1286 hinc
2757 1225 3020 1286 discendi

408 1321 550 1374 sunt
581 1317 931 1376 ascetica
978 1317 1069 1375 vel
1121 1318 1387 1394 mystica,
1423 1335 1684 1376 summae
1739 1315 1948 1375 ardore
1997 1318 2165 1376 brevi
2214 1320 2484 1391 tempore
2534 1316 2838 1394 ingentem
2902 1317 3019 1374 sibi

409 1404 686 1463 utilitatis
731 1406 1021 1480 plenaque
1072 1406 1314 1465 monitis
1364 1405 1683 1466 admodum
1741 1407 2103 1480 comparavit
2133 1407 2325 1465 omnis
2345 1406 2629 1465 scientiae
2647 1406 3016 1471 thesaurum,

407 1494 784 1565 salutaribuS,
818 1514 1037 1571 magna
1058 1496 1215 1553 enim
1234 1496 1537 1571 praeditus
1556 1502 1686 1554 erat
1740 1503 1811 1553 ut
1841 1495 1913 1553 de
1963 1513 2029 1553 eo
2079 1495 2405 1555 diceretur:
2460 1533 2498 1563 ·,
2514 1496 2625 1554 Hic
2672 1498 2882 1571 stupor
2930 1498 3019 1553 est

407 1583 737 1658 prudentia.
785 1584 1091 1659 Ejusmodi
1138 1590 1281 1643 sunt
1326 1588 1682 1645 commenta·
1740 1584 1969 1653 mundi,
1994 1585 2099 1661 qui
2115 1585 2325 1643 scibile
2350 1584 2601 1643 discutit
2620 1593 2851 1654 omne,‘
2890 1588 2951 1641 et
2984 1605 3017 1641 a

406 1673 530 1732 rius
546 1674 688 1734 inll.
715 1673 986 1749 Dionysii
1004 1675 1390 1751 Areopayitae
1412 1674 1684 1733 Coloniae
1741 1672 2039 1732 Scheeben
2071 1694 2127 1731 n.
2170 1685 2334 1736 1070
2372 1677 2617 1733 vocetur
2648 1673 3018 1743 ,eruditionis

417 1770 612 1829 15363
653 1772 840 1832 1556,
875 1780 1052 1838 quem
1085 1782 1222 1837 prae
1252 1764 1464 1821 ceteris
1495 1764 1682 1838 patri·
1739 1762 1943 1838 gigas‘.
2007 1763 2335 1840 Magisterii
2380 1763 2604 1839 pileum
2639 1784 2686 1820 a.
2720 1766 2898 1821 natus
2937 1771 3013 1824 25

406 1850 517 1910 bus
568 1851 822 1919 amabat,
887 1851 1208 1921 lectitabat,
1261 1849 1679 1932 exponebat¹);
1740 1848 1855 1909 sibi
1906 1852 2236 1927 promeruit
2284 1857 2345 1910 et
2389 1870 2470 1913 ex⁴
2506 1851 2783 1910 cathedra
2814 1870 3015 1910 omnes

404 1941 680 2014 eoepositio
694 1939 755 1998 ll.
773 1941 863 1999 J0.
883 1940 1121 1999 Climaci
1140 1937 1436 2020 (Coloniae
1466 1938 1679 2022 1540);
1737 1939 1858 1998 fere
1890 1940 2165 1999 scientias
2196 1941 2320 1999 sive
2353 1943 2511 2000 artes
2532 1941 2772 2016 publico
2805 1941 3017 2000 salario

403 2029 475 2086 do
515 2029 685 2086 donis
717 2029 975 2104 Spiritus
1023 2049 1068 2087 s.
1114 2031 1170 2088 ll.
1223 2032 1260 2087 4
1280 2054 1312 2104 ,·
1353 2049 1584 2089 summa
1614 2033 1683 2089 de
1737 2028 1995 2088 donatus
2030 2048 2243 2106 magno
2263 2029 2696 2106 discipulorum
2728 2048 3018 2089 concursu

403 2120 557 2176 vitiis
586 2126 636 2176 et
670 2119 1008 2192 virtutibus;
1038 2120 1107 2176 de
1133 2116 1422 2197 pravitate
1442 2126 1493 2177 et
1513 2138 1679 2178 enor-
1736 2117 1955 2177 docuit.
1990 2118 2078 2177 Ob
2110 2118 2222 2177 viri
2252 2118 2467 2178 famam
2500 2119 2809 2194 Eugenius
2829 2117 2927 2177 IV.
2960 2119 3014 2176 ei

403 2209 598 2265 mitate
622 2209 859 2282 peccati,
893 2207 1204 2266 duodecies
1235 2205 1493 2278 editum3
1549 2228 1679 2283 spe·
1736 2208 2143 2266 canonicatum
2179 2211 2240 2265 et
2273 2208 2675 2268 scholastriam
2707 2208 3015 2266 salmanti—

403 2296 605 2354 culum
650 2298 718 2354 de
760 2300 1119 2359 conversione
1157 2305 1538 2374 peccatorum,
1587 2316 1679 2356 se·
1735 2297 1926 2354 censis
1944 2296 2237 2366 ecclesiae,
2259 2316 2439 2372 penes
2461 2316 2637 2373 quam
2660 2295 3013 2373 dignitatem

403 2384 595 2444 decies
642 2384 898 2454 editum3
946 2387 1014 2444 de
1062 2394 1228 2444 arcto
1260 2389 1351 2444 via
1383 2387 1589 2445 salutis
1619 2390 1680 2445 et
1727 2385 1830 2459 jus
1889 2389 1979 2443 est
2042 2404 2216 2444 omne
2278 2386 2691 2452 academicum,
2744 2385 3012 2444 contulit.

402 2476 748 2549 contemptu
809 2475 1033 2544 mundi,
1099 2475 1355 2534 sedecies
1416 2475 1676 2546 editum3
1735 2474 2041 2549 Temporis
2076 2475 2252 2549 lapsu
2283 2476 2343 2554 in
2375 2475 2605 2533 Italiam
2637 2475 2803 2533 venit
2834 2479 3014 2549 atque

402 2563 706 2638 Speculum
768 2572 1098 2622 amatorum
1147 2566 1368 2641 intendi,
1424 2565 1679 2623 sedecies
1734 2562 1921 2631 Senis,
1974 2563 2080 2621 ubi
2130 2569 2259 2622 tum
2324 2564 2589 2639 pontifex
2642 2564 3011 2630 versabatur,

402 2652 656 2722 editum3
688 2654 1207 2727 demortiftcotione
1227 2656 1467 2730 vivifico,
1489 2655 1677 2714 sexies
1732 2653 1931 2713 theses
1966 2648 2104 2734 (21)
2138 2653 2524 2729 disputandas
2556 2652 2887 2729 proposuit,
2921 2653 3013 2710 in-

402 2741 660 2812 editum3
693 2744 762 2800 de
793 2745 947 2817 fonte
976 2745 1123 2802 lucis
1155 2764 1222 2803 ac
1240 2744 1467 2803 semitis
1501 2744 1675 2813 vitae,
1730 2745 1825 2800 ter
1855 2761 2001 2817 quas
2047 2747 2109 2801 et
2148 2743 2285 2802 has:
2354 2744 2462 2811 ,In
2493 2743 2663 2802 nullo
2715 2763 2763 2802 a.
2799 2742 3012 2801 aetatis

399 2831 680 2890 undecies
711 2832 972 2901 editum3
1022 2834 1091 2890 de
1124 2834 1463 2891 discretione
1493 2836 1674 2909 spiri·
1733 2831 1955 2891 Christi
1977 2836 2443 2891 cummortuum
2465 2832 2656 2890 dicere
2675 2849 3013 2907 possumus,

398 2927 597 2994 tuum;
632 2920 899 2979 Cordiale
932 2923 1057 2979 sive
1077 2922 1492 2996 praecordiale,
1527 2923 1675 2982 duo·
1730 2921 1844 2979 nisi
1894 2920 2130 2997 quando
2193 2922 2517 2997 incoeperit
2576 2920 2864 2996 temporis
2917 2920 3011 2978 sui

399 3008 589 3068 decies
640 3010 901 3080 editum3
953 3012 1021 3068 de
1069 3012 1329 3070 custodia
1375 3013 1568 3071 cordis
1616 3015 1678 3070 et
1730 3030 1778 3067 a.
1817 3018 1914 3073 33.
1950 3045 2037 3056 —
2070 3010 2240 3079 Quod
2287 3011 2382 3069 die
2430 3010 2913 3070 annunciationis
2948 3009 3011 3066 V.

398 3098 666 3173 profectu
699 3099 1020 3174 spirituali,
1068 3100 1254 3159 sexies
1287 3100 1545 3170 editum3
1598 3104 1672 3159 tr.
1730 3098 1852 3158 scil.
1890 3109 1992 3161 25.
2025 3100 2239 3169 Martii,
2274 3104 2344 3159 ut
2374 3100 2768 3158 communiter
2798 3098 3013 3157 asseri--

398 3188 466 3244 de
506 3191 779 3262 passione
831 3188 1050 3247 Christi
1066 3210 1095 3260 ,·
1145 3188 1678 3262 Inflammatorium
1731 3191 1850 3257 tur,
1887 3189 2187 3249 Christum
2234 3208 2475 3265 passum
2525 3188 2711 3248 fuisse
2744 3189 2860 3248 dici
2892 3206 3012 3246 non

396 3275 587 3334 divini
617 3277 859 3344 amoris3
905 3278 1330 3337 instructiones
1375 3279 1443 3337 de
1474 3281 1594 3337 vita
1625 3283 1676 3337 et
1730 3280 1946 3352 potest,
1995 3279 2097 3336 sed
2129 3277 2224 3336 die
2260 3288 2314 3340 3.
2348 3281 2486 3353 Apr.
2540 3295 2674 3335 eum
2710 3281 3012 3335 mortuum

397 3367 672 3443 reyimine
715 3385 822 3442 pro
862 3367 1023 3426 omni
1057 3385 1442 3443 personarum
1476 3368 1675 3426 condi·
1730 3366 1917 3423 fuisse
1939 3365 2055 3424 dici
2076 3384 2311 3425 necesse
2327 3373 2432 3425 est.
2466 3401 2551 3410 ψ-
2584 3366 2746 3425 Licet
2775 3366 3011 3423 nullum

399 3455 575 3523 tione,
599 3455 957 3530 praesulum,
981 3457 1400 3531 praelatorum,
1436 3457 1673 3515 canoni·
1730 3460 2039 3529 peccatum
2090 3455 2499 3530 cujuscunque
2548 3455 2902 3513 conditionis
2953 3460 3013 3510 et

398 3561 619 3613 corum,
654 3547 1011 3614 curatorum,
1055 3545 1407 3621 principum,
1451 3545 1674 3604 milita-
1730 3561 1838 3618 pro
1871 3562 2226 3618 quocunque
2277 3548 2440 3602 statu
2473 3541 2881 3601 irremissibile
2911 3542 3011 3602 sit,

396 3632 571 3697 rium,
607 3637 1018 3703 mercatorum,
1072 3634 1444 3703 scholarium,
1492 3634 1674 3710 virgi-
1732 3652 1768 3690 a
1798 3650 1988 3707 poena
2020 3638 2219 3691 tamen
2265 3636 2374 3692 aut
2418 3652 2452 3691 a
2491 3633 2668 3706 culpa
2703 3633 2859 3690 Deus
2890 3649 3010 3688 non

399 3739 560 3792 num,
626 3723 1095 3798 conjugatorum,
1173 3724 1486 3782 viduarum
1567 3727 1674 3781 etc.
1733 3722 2007 3791 absolvit,
2041 3741 2150 3780 nec
2181 3722 2397 3796 aliquis
2431 3722 2737 3780 absolvere
2769 3726 3004 3795 potest‘

401 3807 499 3889 (m.
540 3807 709 3891 100),
745 3812 961 3886 quibus
998 3813 1250 3880 ,miram
1281 3831 1542 3872 asceseos
1575 3831 1676 3887 pe·
1732 3814 1840 3869 etc.
1894 3809 2052 3878 Quae
2102 3830 2234 3868 mox
2288 3831 2322 3870 a
2370 3810 2667 3886 theologis
2700 3810 3011 3868 damnatae

395 3900 640 3959 ritiam‘
700 3900 914 3975 prodit,
977 3920 1157 3978 quam
1219 3902 1283 3960 in
1343 3921 1411 3961 eo
1475 3902 1679 3960 laudat
1732 3899 1898 3958 fuere
1930 3899 2178 3976 ipseque
2211 3901 2283 3959 de
2314 3900 2540 3959 haeresi
2581 3899 2739 3974 apud
2770 3898 3009 3974 pontifi·

396 3990 534 4048 Leo
566 3988 722 4051 XIII.
774 4009 862 4065 ep.
897 3990 991 4048 cit.
1027 3991 1359 4067 Insigniora
1389 3992 1673 4068 quaedam
1732 4007 1856 4047 cem
1889 3990 2260 4064 postulatus:
2315 3990 2453 4048 hinc
2485 3989 2773 4065 prolixam
2809 3987 3010 4063 apolo-

397 4080 643 4137 collecta
671 4078 1024 4154 prodierunt
1054 4080 1323 4139 Coloniae
1351 4092 1516 4143 1559
1550 4081 1613 4139 in
1634 4080 1672 4137 f.
1730 4080 1889 4155 giam
1938 4080 2147 4147 texuit,
2201 4100 2317 4155 qua
2349 4098 2591 4139 sensum
2641 4098 2676 4136 a
2720 4096 2780 4136 se
2811 4078 3009 4136 inten-

398 4164 499 4247 (m.
543 4164 722 4246 100);
774 4173 997 4245 septem
1033 4169 1275 4228 Lovanii
1318 4181 1481 4233 1576
1519 4171 1582 4229 in
1619 4180 1672 4233 8.
1730 4176 1862 4226 tum
1911 4169 2170 4243 exponit,
2222 4174 2399 4245 atque
2451 4168 2704 4244 supplici
2756 4167 3009 4225 formula

398 4256 556 4325 Quae
608 4257 682 4316 ad
732 4257 1162 4335 paedagogium
1222 4264 1492 4333 spectant
1541 4279 1673 4336 ger·
1729 4261 1999 4333 porrecta
2043 4258 2308 4334 pontifici
2359 4258 2759 4334 suspicionem
2806 4256 3009 4314 haere-

396 4347 620 4405 manice
653 4365 819 4405 versa
845 4347 1671 4425 prodieruntFriburgil904
1730 4366 1858 4406 seos
1921 4365 2156 4406 omnem
2222 4348 2469 4407 detersit
2486 4345 2547 4429 ¹).
2631 4346 2884 4405 Rediens
2946 4345 3009 4401 in
3101 4387 3107 4393 .

396 4437 458 4494 in
534 4435 874 4495 Bibliothek
936 4436 1041 4494 der
1104 4436 1260 4494 kath.
1334 4438 1672 4514 Padagogik

395 4531 435 4582 f·
468 4526 586 4584 XV·
1812 4540 1845 4604 ')
1875 4534 1956 4590 Cf.
1985 4552 2108 4589 eam
2137 4537 2291 4605 apud
2321 4535 2681 4604 Raynaldum
2714 4535 2785 4587 ad
2803 4552 2851 4589 a.
2874 4540 3010 4589 1443

1732 4625 1784 4663 n.
1812 4612 1897 4669 24,
1926 4606 2029 4673 qui
2053 4624 2171 4659 rem
2198 4612 2415 4676 gestam
2458 4612 2700 4661 enarrat.
2755 4605 3008 4672 Reliquit

1729 4681 1921 4731 autem
1948 4679 2032 4732 J0.
2061 4695 2093 4729 a
2122 4678 2546 4731 Turrecremata
2574 4681 2642 4731 tr.
2684 4677 3007 4733 ‹ineditum›

479 4754 511 4821 ²)
540 4750 619 4803 Cf.
668 4750 979 4821 Stiglmayr
1022 4750 1535 4819 Neuplatonisches
1577 4750 1669 4803 bei
1729 4751 1927 4803 contra
1953 4749 2055 4802 has
2081 4751 2531 4818 propos1tiones2
2561 4749 2660 4816 qui
2679 4742 2852 4801 refert
2866 4748 3008 4800 duas

395 4819 627 4891 Dionys.
656 4822 782 4875 dem
811 4823 877 4877 K.
895 4823 954 4875 in
971 4822 1307 4876 hist.Jahrb.
1333 4822 1671 4892 X111(1899),
1729 4838 1890 4889 prop.
1919 4820 1989 4872 de
2017 4819 2222 4873 Christi
2256 4822 2449 4874 mortis
2478 4821 2567 4873 die
2592 4824 2657 4873 ut
2683 4820 3007 4872 temerarias

394 4896 693 4950 367—388.
1728 4897 1786 4945 et
1811 4891 2186 4953 scandolosas,
2218 4891 2444 4945 tertiam
2475 4893 2561 4944 uti
2602 4891 2823 4953 falsam,
2864 4906 3007 4942 erro-
