3475 5364
419 377 554 428 647

879 362 1247 414 1351—1375.
1279 359 1534 416 Historia
1560 360 1688 413 eccl.
1720 357 1997 422 petrarca,
2026 359 2313 412 Arnaldus
2341 359 2409 412 de
2438 359 2622 425 Verd.,

2931 378 3057 431 648

418 545 481 602 di
510 544 684 621 Luigi
717 544 1031 614 Razzolini,
1073 546 1373 605 Bononiae
1416 556 1575 610 1874
1601 551 1644 606 t.
1671 557 1703 608 2
1765 547 1975 619 optime
2021 546 2498 603 administranda
2545 548 2606 602 et
2649 546 2717 602 de
2763 547 2950 618 officio
2995 551 3055 603 et

419 634 481 691 in
515 642 584 703 83
629 642 824 695 1⁸79:
859 634 986 710 agit
1018 634 1095 692 de
1127 634 1410 695 heroibus
1445 655 1706 711 praeser-
1765 634 2075 692 virtutibus
2105 635 2496 710 imperatoris,
2532 635 2760 692 Bernae
2789 644 2955 697 1602
2989 636 3051 692 in

419 723 525 780 tim
576 722 869 792 romanis3
923 723 1149 782 Rerum
1192 727 1707 785 memorandarum
1768 733 1843 789 8.,
1909 724 2198 798 opuscula
2261 722 2434 782 laude
2497 723 2693 798 digna.
2755 723 3057 798 Epistolas

418 812 473 869 ll.
509 811 613 869 IV
647 811 721 869 ad
773 810 984 869 Valerii
1020 812 1257 870 Maximi
1290 814 1703 885 imitationem,

418 899 524 974 qui
555 901 735 959 etiam
768 901 1088 976 separatim
1121 902 1486 976 prodierunt.
1520 904 1704 962 Cano·

419 989 589 1048 nicus
640 989 756 1048 fuit
804 988 1221 1050 lombariensis
1273 999 1336 1050 et
1366 994 1702 1067 patavinae,

417 1097 646 1137 necnon
678 1078 1134 1138 archidiaconus
1155 1083 1513 1155 parmensis:
1547 1102 1703 1141 nun-

420 1186 597 1242 quam
629 1170 827 1226 tamen
861 1168 1098 1227 ordines
1142 1172 1402 1246 suscepit
1433 1173 1700 1247 maj0res.

418 1256 722 1315 Laxiorem
754 1257 1054 1331 quondam
1073 1258 1327 1318 duxerat
1358 1261 1576 1318 vitam:
1611 1280 1702 1319 re-

417 1345 694 1405 feruntur
712 1349 912 1404 tamen
935 1351 996 1405 et
1011 1347 1247 1422 pietatis
1269 1349 1702 1424 poenitentiae-

417 1453 533 1510 que
564 1436 846 1510 exempla,
880 1436 1101 1510 quibus
1122 1436 1290 1496 nisus
1316 1443 1409 1496 est
1426 1457 1703 1514 reparare

418 1524 778 1583 scandalum.
813 1525 1132 1600 Decessitl)
1170 1527 1477 1603 apoplexia
1507 1532 1702 1587 tactus

416 1613 479 1671 in
510 1631 620 1672 sua
648 1613 1006 1672 bibliotheca
1048 1624 1140 1678 18.
1173 1615 1294 1674 Jul.
1336 1628 1361 1679 1
1382 1626 1524 1679 374.
1576 1617 1704 1675 Hoc

416 1702 544 1777 ipse
576 1703 692 1760 sibi
725 1703 925 1777 posuit
956 1703 1359 1779 epitaphium:

416 1879 656 1956 Frigida
701 1880 994 1938 Francisci
1041 1881 1192 1957 lapis
1240 1883 1333 1941 hic
1376 1883 1531 1960 tegit
1560 1902 1694 1944 ossa

595 1970 918 2039 Petrarcae,

418 2058 674 2134 Suscipe,
741 2057 918 2134 Virgo
979 2078 1206 2134 parens,
1252 2061 1525 2131 animam,
1573 2066 1699 2121 save

596 2146 857 2224 Virgine,
893 2165 1084 2223 parce,

420 2236 711 2312 Fessaque
733 2238 856 2312 jam
891 2237 1082 2304 terris,
1106 2238 1252 2296 coeli
1270 2240 1603 2314 requiescat
1632 2241 1697 2300 in

596 2344 741 2384 arce.

415 2502 665 2579 Scripsit
696 2522 932 2580 quoque
977 2506 1047 2562 de
1089 2507 1184 2562 sui
1228 2507 1416 2579 ipsius
1464 2515 1515 2566 et
1545 2511 1692 2567 mul-

413 2599 604 2650 torum
633 2594 968 2670 iynorantia
999 2588 1158 2676 (opp.
1185 2598 1225 2651 t.
1257 2595 1330 2653 11.
1349 2599 1411 2653 et
1425 2597 1693 2656 Genevae

422 2692 584 2745 1609
620 2682 684 2740 in
725 2679 849 2763 12),
902 2681 965 2742 in
1014 2702 1132 2758 quo
1177 2684 1461 2744 describit
1508 2691 1694 2746 Aver-

413 2772 733 2830 roistarum
765 2772 857 2831 sui
889 2774 1172 2847 temporis
1225 2793 1353 2833 reas
1386 2776 1693 2851 opiniones

412 2860 547 2918 fidei
589 2860 857 2920 inimicas
904 2880 1230 2937 vanamque
1275 2863 1542 2940 gloriam,
1576 2885 1695 2940 qua

403 2950 714 3025 jactabant
761 2969 963 3009 veram
1013 2969 1074 3009 se
1118 2951 1413 3012 invenisse
1464 2955 1694 3030 sapien·

410 3033 654 3121 tiam²);
688 3040 756 3097 de
787 3041 1058 3097 remediis
1089 3037 1392 3118 utriusque
1419 3043 1694 3115 fortunae

410 3130 466 3191 ll.
501 3131 543 3186 2
573 3127 794 3205 dialogi
818 3138 961 3197 254,
996 3129 1276 3206 Lugduni
1311 3141 1465 3194 1577
1492 3131 1555 3189 in
1586 3142 1690 3202 123

411 3217 679 3276 Genevae
721 3228 916 3285 1613;
960 3219 1338 3278 Roterodami
1381 3230 1578 3292 16493
1624 3223 1694 3280 de

411 3309 530 3364 vita
561 3308 829 3365 solitaria
849 3308 904 3365 ll.
930 3311 1009 3381 2;
1037 3309 1108 3366 de
1126 3311 1239 3367 otio
1270 3310 1694 3387 reliyiosorum;

409 3396 478 3454 de
493 3415 625 3454 vera
640 3398 930 3469 sapientia
946 3397 1165 3475 dialogi
1187 3407 1220 3460 2
1243 3420 1256 3468 ;
1288 3400 1359 3456 de
1373 3405 1692 3475 contemptu

1762 812 1894 885 ejus
1945 812 2017 869 de
2067 813 2246 870 rebus
2296 811 2688 870 familiaribus
2735 816 2797 870 et
2842 812 3053 870 varias,

1763 904 1896 958 tum
1941 920 2093 976 quae
2144 901 2352 968 adbuc,
2405 904 2537 959 tum
2588 920 2739 976 quae
2784 901 3052 960 nondum

1762 989 1958 1048 editae
2003 990 2249 1049 fuerunt
2281 990 2340 1047 ll.
2375 990 2558 1049 XXIV
2605 990 2693 1049 ed.
2728 991 2852 1052 Jos.
2888 991 3054 1048 Fra-

1761 1080 2125 1148 cassetti,
2175 1079 2506 1137 Florentiae
2580 1088 3048 1146 1859—1863;

1759 1170 1802 1224 t.
1841 1178 1875 1231 3
1911 1169 2108 1226 italice
2128 1187 2333 1227 versae
2360 1169 2714 1243 prodierunt
2745 1169 2822 1226 ib.
2857 1177 3048 1232 1863-

1767 1266 1933 1319 1869
1970 1260 2012 1314 t.
2052 1267 2120 1327 5;
2176 1258 2398 1315 Lettere
2427 1259 2614 1332 senili,
2669 1257 2757 1315 ed.
2792 1258 3049 1315 Fraca-

1760 1346 1974 1416 setti,
2008 1346 2086 1404 ib.
2130 1357 2314 1409 1869.
2357 1357 2540 1410 1870.
2575 1347 2844 1421 Reliquit
2873 1348 3048 1422 plura

1758 1433 1871 1493 alia
1903 1435 2187 1510 opuscula
2217 1435 2464 1495 moralia
2513 1439 2576 1494 et
2618 1436 3048 1511 philosophica.

1758 1524 1949 1600 magis
1983 1525 2035 1582 si
2057 1525 2266 1583 stilum
2289 1528 2520 1600 spectes
2541 1524 2852 1600 splendida
2867 1544 3046 1601 quam

1759 1612 1963 1672 solida.
2029 1614 2221 1689 Opera
2269 1613 2512 1672 collecta
2542 1614 2899 1690 prodierunt
2931 1615 3044 1672 Ba·

1759 1702 1939 1761 sileae
1992 1712 2190 1773 1496;
2254 1701 2525 1761 Venetiis
2587 1713 2783 1772 15033
2850 1713 3046 1773 1554;

1764 1801 1922 1854 1581
1952 1813 1965 1860 ς
2000 1790 2207 1849 Scritti
2242 1790 2455 1850 inediti
2488 1791 2576 1850 ed.
2611 1792 2686 1850 ab
2718 1793 2785 1853 A.
2822 1792 3040 1854 Hortis,

1755 1880 1949 1938 Triest
1990 1891 2172 1942 1874.

1847 2067 1882 2121 3
1893 2069 1926 2121 3
1940 2068 1990 2120 2.
2043 2057 2364 2116 Historiam
2416 2058 2871 2117 ecclesiasticam
2934 2078 3044 2116 na-

1754 2149 1976 2205 tionum
1990 2141 2040 2229 ¹)
2071 2148 2166 2204 vel
2186 2148 2529 2207 dioecesium
2549 2147 2756 2223 plures
2777 2153 3037 2206 narrant.

1754 2237 1851 2294 Ar
1869 2236 2150 2294 ualdus
2182 2236 2256 2295 de
2288 2236 2339 2295 V
2357 2236 2620 2294 erdala
2651 2236 2880 2304 Gallus,
2914 2237 3045 2312 epi-

1834 2428 1869 2496 1)
1896 2425 1939 2477 L
1956 2441 1985 2478 e
2001 2443 2034 2480 o
2054 2442 2135 2496 po
2156 2426 2227 2479 ld
2246 2443 2283 2478 u
2300 2443 2325 2478 s
2366 2424 2700 2496 (liupoldus,
2743 2426 3038 2490 Ludolfus)

1753 2496 1822 2549 de
1874 2496 1918 2548 B
1935 2513 1964 2548 e
1980 2498 2017 2550 b
2032 2513 2062 2550 e
2079 2515 2117 2550 n
2133 2498 2168 2550 b
2187 2514 2224 2551 u
2240 2514 2267 2549 r
2282 2516 2321 2578 g
2370 2497 2745 2568 (Babenberg)
2806 2501 2867 2550 in
2919 2514 3041 2550 aca-

1752 2567 1942 2621 demia
1983 2568 2318 2622 bononiensi
2361 2561 2447 2623 JO.
2494 2568 2753 2622 Andreae
2794 2569 3037 2628 auditor,

1751 2638 2107 2694 decretorum
2148 2639 2358 2705 doctor,
2404 2656 2472 2694 ex
2500 2639 2774 2694 canonico
2803 2657 3039 2711 mogun·

1753 2710 1892 2776 tino,
1919 2710 2303 2781 herbipolensi
2343 2716 2400 2764 et
2441 2711 2836 2780 bambergensi
2864 2712 3039 2780 hujus

1751 2782 2017 2836 ecclesiae
2070 2782 2529 2852 archiepiscopus
2581 2786 2758 2847 (1353,
2809 2793 2835 2843 †
2880 2787 3035 2845 1363)

1750 2853 1983 2921 scripsit
2008 2853 2142 2906 olim
2174 2852 2479 2921 Rodulpho
2509 2852 2786 2907 Saxoniae
2813 2853 2947 2906 duci
2974 2854 3036 2906 li·

1755 2925 1963 2978 bellum
1992 2924 2139 2978 mole
2166 2924 2457 2991 exiguum,
2500 2923 2717 2994 pietate
2742 2924 3037 2993 grandem,

1752 3013 1866 3062 quo
1912 2998 2166 3048 veterum
2215 2996 2553 3048 Germaniae
2599 2996 2946 3064 populorum
2975 2997 3035 3049 in

1752 3066 1859 3119 fide
1887 3070 1944 3119 ct
1957 3065 2233 3134 religione
2250 3066 2628 3119 constantiam
2646 3068 2844 3121 multis
2861 3067 3037 3120 histo·

1749 3138 1894 3203 ricis,
1922 3137 2109 3191 civilis
2135 3153 2201 3190 ac
2229 3137 2509 3206 pontificii
2541 3136 2680 3192 'uris
2694 3139 3039 3192 testimoniis

1748 3210 2098 3278 comprobat,
2112 3208 2266 3277 quod
2286 3209 2502 3279 prodiit
2567 3209 2775 3263 asileae
2798 3215 2935 3268 1497
2954 3210 3037 3262 iu-

1749 3280 2027 3349 scriptum
2054 3283 2448 3334 Germanarum
2476 3291 2707 3335 veterum
2720 3286 3036 3350 principum

1746 3355 1890 3405 zelus
1915 3360 1963 3405 et
1987 3355 2176 3419 servm·
2200 3351 2261 3404 in
2290 3351 2657 3405 christianam
2699 3352 3034 3422 religionem

1750 3422 1966 3491 Deique
1996 3421 2321 3482 ministros;
2368 3426 2426 3477 et
2469 3441 2634 3493 saepe
2676 3424 2835 3487 alibi,
2863 3423 3036 3477 etiam

410 3486 634 3559 mundi,
666 3486 963 3560 colloquia
1006 3487 1124 3544 tria
1167 3488 1413 3546 totidem
1460 3487 1688 3547 dierum
1745 3493 1807 3546 in
1858 3493 1990 3547 bibl.
2037 3493 2145 3549 PP.
2189 3493 2528 3550 coloniensis
2573 3500 2613 3549 t.
2644 3495 2761 3560 XV,
2808 3498 2866 3548 et
2893 3495 3034 3565 Lug-

410 3576 567 3633 inter
598 3574 1005 3652 Augustinum
1036 3579 1099 3633 et
1133 3576 1477 3645 Petrarcam,
1524 3577 1691 3653 Regii

410 3664 612 3740 Lepidi
657 3674 810 3727 1501
855 3664 916 3722 in
954 3675 1006 3726 4.
1059 3665 1238 3723 etiam
1289 3666 1573 3740 inscripta
1603 3667 1692 3725 De

410 3760 618 3812 secreto
648 3771 930 3812 curarum
960 3753 1226 3826 conflictu
1240 3775 1269 3827 ,·
1299 3755 1367 3812 de
1397 3756 1690 3829 republica

488 3926 523 3993 ¹)
551 3922 843 3977 lunumeri
884 3924 1007 3991 ejus
1050 3923 1225 3978 vitam
1252 3925 1688 3995 descripserunt,

406 3993 558 4048 inter
583 4011 726 4062 quos
767 3994 1019 4049 eminent
1058 3994 1428 4050 Mur-amri
1469 4000 1529 4050 in
1571 3996 1690 4051 vita

409 4065 717 4134 praemissa
743 4066 864 4135 ejus
893 4066 1250 4137 poematibus
1286 4066 1493 4122 italicis
1519 4068 1688 4122 editis

411 4142 575 4198 1711;
629 4135 912 4190 Desade
960 4136 1256 4192 Memoires
1301 4156 1447 4209 pour
1489 4140 1545 4193 la
1586 4139 1688 4194 Vie

406 4208 476 4263 de
521 4208 581 4260 F.
623 4208 682 4263 P.
729 4210 831 4262 etc.
877 4225 1013 4263 avec
1056 4208 1239 4278 pieces
1270 4210 1686 4279 justificatives,

407 4279 813 4334 Amstelodami
856 4285 1135 4338 1764-67
1176 4285 1217 4334 t.
1243 4287 1277 4339 3
1295 4304 1306 4341 ς
1350 4281 1393 4334 B
1411 4281 1534 4335 ald
1552 4282 1686 4336 elli

405 4351 510 4405 Del
562 4351 824 4405 Petrarca
873 4369 901 4405 e
953 4352 1101 4407 delle
1152 4370 1251 4407 sue
1304 4371 1474 4422 opere
1526 4354 1586 4407 ll.
1635 4360 1686 4418 4,

405 4423 724 4477 Florentiae
752 4427 888 4479 1797
918 4423 979 4476 in
1004 4428 1055 4479 4.
1085 4426 1187 4478 etc.
1215 4424 1296 4479 De
1323 4425 1592 4495 operibus
1619 4426 1688 4478 cf.

408 4494 732 4549 Niceron
809 4496 847 4549 t.
912 4499 982 4551 28
1044 4498 1104 4549 et
1162 4497 1557 4551 Fabricius
1620 4498 1686 4561 V,

404 4571 509 4624 216
535 4584 622 4625 ss.:
652 4565 979 4621 Leonardus
1007 4565 1049 4618 B
1066 4584 1093 4619 r
1112 4586 1144 4621 u
1165 4586 1199 4619 n
1215 4568 1251 4633 i,
1282 4567 1524 4638 Pei-ugia
1549 4572 1684 4625 1671

405 4639 466 4692 in
493 4643 592 4697 122
620 4638 942 4693 Florentiae
971 4642 1109 4695 1672
1136 4642 1271 4700 etc.;
1299 4639 1593 4693 Kaulen
1621 4641 1684 4703 V,

405 4714 563 4767 1852.

479 4785 519 4852 ²)
547 4781 628 4837 Cf.
681 4780 1131 4835 Tiraboschi
1183 4783 1248 4838 V.
1301 4782 1337 4837 l.
1383 4788 1415 4839 2
1462 4799 1506 4836 c.
1553 4787 1585 4838 2
1632 4800 1686 4835 n.

403 4859 432 4909 1
477 4870 577 4913 εις
630 4871 684 4909 n.
724 4858 822 4912 37:
875 4872 920 4908 c.
960 4858 993 4910 6
1034 4872 1088 4909 n.
1134 4860 1159 4909 1
1205 4872 1301 4913 εις
1353 4852 1685 4924 praesertim

402 4925 439 4976 l.
468 4930 501 4981 3
529 4944 573 4981 c.
600 4931 634 4981 2
662 4943 717 4978 n.
747 4930 814 4981 19
843 4942 912 4980 se.

1747 3565 2020 3619 dunensis
2046 3569 2086 3621 t.
2120 3565 2314 3619 XXVI.
2355 3584 2411 3635 p.
2452 3572 2557 3630 88„
2598 3570 2658 3620 et
2696 3566 2758 3620 in
2786 3565 3036 3620 Schar·

1747 3637 1856 3689 dii
1908 3636 2127 3708 sylloge
2171 3638 2239 3691 de
2277 3638 2679 3707 jurisdictione
2732 3638 3033 3707 imperiali.

1746 3709 1998 3763 Basileae
2046 3713 2199 3766 1566.
2246 3709 2346 3762 ubi
2388 3712 2608 3780 prostat
2651 3729 2706 3780 p.
2751 3714 3033 3766 328—409

1746 3781 1893 3833 alius
1922 3781 2177 3850 ejusdem
2206 3780 2244 3835 l.
2269 3785 2333 3833 de
2343 3784 2565 3848 juribus
2583 3786 2739 3849 requi
2758 3791 2804 3833 et
2826 3785 3036 3849 imperii

1746 3855 2127 3916 Romanorum,
2145 3869 2314 3920 quern
2336 3851 2592 3905 ediderat
2604 3852 2724 3921 jam
2745 3850 3035 3920 Wimphe·

1746 3923 1921 3992 linga,
1975 3923 2344 4005 Argentorati
2410 3928 2564 3988 1508,
2628 3922 2757 3975 dein
2823 3923 3031 3976 iterum

1749 3994 1879 4047 Fre
1897 3995 2024 4048 her
2064 4012 2123 4048 in
2153 3997 2220 4049 tr.
2249 3994 2317 4046 de
2345 3995 2586 4063 imperio
2613 4010 2753 4048 rom.
2783 3993 2935 4047 Petri
2962 3995 3030 4049 de

1747 4064 1950 4130 Andlo,
1992 4066 2066 4119 ib.
2095 4071 2235 4122 1603
2278 4069 2380 4119 etc.
2434 4065 2669 4119 Easdem
2714 4064 3030 4134 opiniones

1746 4154 1890 4205 quas
1932 4138 1993 4190 in
2038 4136 2140 4191 illo
2168 4140 2379 4201 tuetur,
2425 4136 2633 4190 iterum
2675 4137 2948 4206 proponit
2972 4137 3031 4189 in

1745 4209 1859 4263 alio
1889 4207 2084 4263 libello
2132 4208 2405 4277 inscripto
2453 4211 2799 4264 Ritmaticum
2838 4227 3030 4278 queru-

1744 4283 1913 4334 losum
1942 4290 1988 4333 et
2013 4285 2354 4334 lamentosum
2372 4284 2631 4334 dictamen
2648 4280 2718 4333 de
2745 4280 3032 4334 modernis

1744 4352 2003 4405 cursibus
2048 4354 2106 4405 et
2149 4351 2465 4405 defectibus
2509 4351 2667 4421 regni
2710 4354 2768 4404 et
2806 4352 3029 4420 imperii

1747 4423 2128 4478 Romanorum
2169 4436 2241 4493 (a.
2274 4427 2428 4494 1341)
2469 4423 2557 4477 ed.
2585 4440 2619 4476 a
2646 4423 2809 4477 Peter
2837 4422 3029 4476 Wurz·

1744 4496 1892 4564 burg
1912 4500 2051 4551 1842
2080 4498 2483 4565 (programma)
2504 4516 2516 4551 ς
2544 4512 2577 4547 a
2598 4495 2873 4548 Boehmer
2890 4494 2931 4547 F
2934 4512 3029 4549 on·

1745 4569 1828 4619 tes
1852 4567 1890 4630 1,
1904 4570 2205 4622 479—484.
2234 4565 2564 4620 Notandum
2584 4570 2684 4629 est,
2703 4565 3030 4636 Lupoldum

1744 4641 2002 4692 nostrum
2030 4636 2321 4691 Ludovico
2342 4636 2562 4690 Bavaro
2590 4638 2764 4691 fuisse
2791 4655 2823 4690 a
2850 4637 3028 4691 consi·

1745 4709 1853 4774 liis,
1899 4708 2034 4762 hinc
2078 4710 2152 4763 ab
2195 4709 2318 4777 ejus
2362 4709 2582 4763 stetisse
2626 4708 2903 4779 partibus,
2930 4708 3029 4762 sed

1744 4779 2091 4833 moderatius
2104 4780 2200 4834 lon
2243 4797 2291 4845 e,
2308 4798 2479 4849 quam
2498 4781 2725 4844 Ockam,
2741 4779 3026 4833 Mai-silius

1743 4854 1850 4907 eto.
1901 4850 1984 4905 Cf.
2013 4851 2072 4912 P,
2100 4850 2197 4904 Wi
2247 4869 2420 4905 mann
2462 4851 2570 4906 KL.
2623 4852 2687 4917 11,
2716 4855 3027 4907 158—160:

1744 4922 2010 4976 Potthast
2035 4941 2090 4992 p.
2118 4928 2240 4979 752.
