3475 5364
388 351 466 405 gg
476 352 509 404 5
1048 332 1308 402 Lapacci.
1338 331 1664 403 Disputatio
1692 332 1761 385 de
1791 332 1997 386 Christi
2027 333 2322 404 sauguine.
2873 348 2993 402 385

478 527 621 582 436.
653 519 1305 578 Bartholomaeus
1338 518 1657 594 Lapacci‚
1713 518 1871 577 idem
1903 523 1997 577 est
2025 536 2157 578 cum
2175 514 2996 596 JacobodePetris(Petri)

385 607 818 677 fflmbertinus,
872 608 1277 667 Rimbertiuus
1326 609 1423 666 vel
1473 608 1658 666 Uber·
1716 608 1781 670 Ο.
1801 607 2002 670 Praed.
2022 608 2302 667 brixiensi
2345 607 2677 684 theologiae
2691 607 2994 684 magistre,

384 698 569 766 tinus,
617 697 712 755 vel
753 697 1104 772 simpliciter
1149 698 1220 755 de
1262 696 1566 756 Florentia
1627 715 1663 756 a
1714 697 1812 755 cui
1842 697 2073 773 aliquot
2102 716 2283 774 opera
2315 693 2586 779 (inedita)
2621 696 2994 755 tribuuntur.

383 786 579 861 patria
592 785 803 855 dictus,
820 786 1369 849 Ecclesiaesec.XV.
1386 787 1660 845 columen
1716 786 1827 844 Hic
1858 786 2080 845 Jacobo
2111 787 2185 845 de
2216 785 2471 845 Marchia
2504 786 2568 843 Ο.
2590 786 2730 849 Min.
2762 784 2997 861 publice

384 876 502 934 fuit
528 875 698 951 juxta
718 875 925 944 Quetif
947 895 1014 934 ac
1035 877 1401 951 praeclarum
1434 874 1659 935 ordinis
1714 875 2097 952 praedicanti,
2161 875 2358 935 fusum
2422 877 2481 933 in
2546 892 2715 934 cruce
2777 875 2998 934 Christi

386 983 429 1026 s.
467 964 752 1023 Dominici
798 968 859 1023 et
900 965 1030 1024 aevi
1074 966 1167 1024 sui
1220 966 1405 1027 sidus.
1467 966 1660 1029 Natus
1718 965 1956 1023 Domini
1990 965 2346 1041 sanguinem
2376 964 2573 1023 triduo
2598 964 2811 1022 mortis
2845 963 2996 1022 divi-

384 1058 479 1111 est
508 1073 556 1112 a.
601 1065 782 1116 1399.
817 1054 1054 1112 Scholas
1072 1053 1290 1113 rexisse
1311 1054 1660 1131 diligenter·
1717 1055 1895 1113 nitati
1941 1073 2061 1113 non
2105 1055 2392 1113 mansisse
2438 1055 2840 1128 conjunctum,
2889 1065 2997 1111 nec

385 1160 501 1217 que
530 1146 770 1217 patrum
802 1143 1003 1203 studio
1024 1144 1368 1202 incubuisse
1399 1143 1659 1214 videtur,
1716 1143 1921 1202 triduo
1940 1144 2045 1202 illo
2068 1142 2253 1202 fuisse
2271 1143 2656 1212 adorandum,
2689 1142 2997 1200 mandavit

383 1250 525 1291 nam
573 1232 732 1290 inter
780 1232 978 1291 decem
1028 1233 1336 1310 theologos
1381 1252 1450 1291 ex
1495 1235 1662 1309 parte
1716 1236 1789 1292 ut
1818 1251 2075 1291 errorem
2116 1235 2448 1292 revocaret:
2495 1231 2615 1290 nisi
2660 1249 2841 1306 quam
2872 1231 2992 1305 pri-

384 1321 728 1380 Isatinorum
741 1322 1005 1392 selectos,
1024 1323 1273 1397 quicum
1286 1321 1521 1381 Graecis
1533 1340 1662 1381 con·
1715 1340 1877 1381 mum
1914 1324 2165 1397 pareret,
2214 1321 2366 1381 diem
2414 1339 2607 1380 coram
2659 1338 2768 1379 suo
2800 1320 2994 1378 tribu-

386 1410 613 1468 ferrent
630 1410 702 1468 de
720 1411 953 1469 decreto
974 1410 1218 1470 unionis
1239 1415 1300 1469 et
1320 1410 1662 1470 concordiae
1716 1411 1837 1469 nali
1871 1411 1942 1469 de
1974 1410 2088 1469 fide
2117 1411 2477 1488 responsuro
2509 1409 2673 1468 dixit.
2718 1409 2871 1468 Hinc
2902 1409 2995 1466 vel

384 1499 709 1568 formando,
722 1499 919 1576 etipse
930 1503 1208 1559 censetur
1225 1500 1423 1558 fuisse.
1444 1500 1660 1559 Josnni
1716 1500 1778 1559 in
1811 1501 2031 1576 populo
2051 1503 2193 1559 nata
2213 1500 2526 1568 discordis,
2548 1499 2683 1558 aliis
2702 1497 2996 1556 Minoritis

386 1588 459 1646 de
491 1588 938 1647 Turrecremata
968 1589 1031 1647 in
1048 1607 1297 1648 munere
1318 1589 1591 1666 magistri
1614 1608 1660 1652 s.
1717 1589 2076 1657 faventibus,
2099 1590 2233 1649 aliis
2254 1589 2658 1648 Dominicanis
2674 1587 2992 1646 adhaeren-

384 1677 586 1753 palatii
619 1679 919 1737 successit.
955 1678 1171 1737 Missus
1204 1679 1342 1737 dein
1377 1679 1495 1737 fuit
1521 1697 1658 1737 cum
1715 1679 1899 1737 tibae.
1957 1677 2076 1737 Has
2108 1680 2316 1738 turbas
2360 1682 2432 1737 ut
2463 1677 2696 1736 sedaret
2726 1677 2870 1735 Pius
2902 1677 2993 1734 ΙΙ..

385 1766 538 1827 card.
557 1767 865 1825 Francisco
899 1767 1094 1844 legato
1112 1787 1147 1826 a
1166 1768 1352 1826 latere
1369 1768 1433 1825 in
1453 1767 1659 1827 Orien·
1716 1767 2118 1842 quaestionem
2143 1769 2215 1826 ad
2236 1787 2409 1828 suum
2431 1767 2700 1826 evocavit
2726 1765 2997 1824 tribunal

384 1859 502 1913 tem
536 1858 598 1914 et
628 1856 821 1915 dictus
840 1858 1154 1933 episeopus
1176 1858 1535 1926 coronensis,
1557 1856 1663 1916 ubi
1716 1860 1780 1915 et
1830 1857 2143 1933 judicium.
2206 1858 2287 1916 Ex
2351 1855 2645 1915 Minorum
2709 1855 2933 1913 familia
2948 1851 2992 1923 ι“)

387 1944 717 2020 disputavit
747 1962 879 2003 cum
913 1946 1137 2005 famoso
1155 1947 1346 2004 Marco
1365 1945 1661 2021 Ephesino
1716 1950 2179 2021 comparuerunt
2227 1946 2572 2004 Franciscus
2624 1945 2697 2003 de
2748 1945 2992 2004 Savona.
3093 2027 3096 2030 Δ

383 2033 663 2092 acerrimo
693 2034 1027 2093 adversario
1045 2035 1289 2094 unionis
1310 2035 1657 2094 Graecorum
1715 2039 1926 2110 postea
1940 2035 2259 2094 cardinalis
2274 2035 2420 2093 dela
2435 2035 2657 2094 Rovere
2677 2036 2737 2092 et
2755 2033 2993 2091 demum

384 2139 518 2181 cum
533 2122 764 2182 Latinis
778 2123 963 2182 initae
986 2124 1311 2183 inconcilio
1327 2123 1660 2188 florentino.
1716 2124 1985 2199 pontifex
2033 2124 2236 2184 Sixtus
2285 2125 2401 2195 IV„
2457 2120 2731 2206 (secundi
2779 2139 2995 2181 nomen

387 2211 683 2287 Occupata
711 2231 746 2270 a
765 2212 974 2271 Turcis
991 2213 1229 2272 Graecia
1259 2213 1456 2271 sedem
1492 2232 1656 2272 suam
1713 2209 1976 2294 tacetur)
2023 2216 2085 2271 et
2129 2213 2465 2272 Guilelmus
2507 2212 2863 2288 Vorilongus
2897 2207 2993 2289 (cf.

384 2301 720 2377 relinquere
740 2304 834 2360 est
857 2305 1108 2361 coactus.
1141 2303 1292 2362 Hinc
1305 2302 1660 2361 Florentiam
1716 2319 1771 2378 p.
1838 2311 1916 2364 62
1929 2296 2008 2383 5).
2075 2302 2513 2378 Disputationis
2575 2301 2993 2378 argumentum
3072 2297 3075 2298 ⁷

385 2391 630 2449 secessit
655 2389 860 2466 ibique
890 2391 1345 2454 decessitl466.
1370 2391 1454 2449 Ex
1481 2396 1554 2450 tr.
1566 2392 1658 2451 Jo.
1715 2394 1869 2450 erat:
1903 2391 2115 2449 Utrum
2149 2391 2396 2468 sanguis
2428 2390 2645 2449 christi
2677 2390 2902 2448 effusus
2933 2391 2994 2446 in

384 2478 457 2537 de
471 2478 762 2539 Tambaco
792 2479 1081 2541 O.Praed.
1117 2480 1214 2558 (cf.
1232 2499 1415 2556 supra
1429 2501 1485 2555 p.
1505 2491 1584 2545 66
1608 2477 1659 2562 5)
1715 2497 1886 2539 cruce
1947 2483 2009 2538 et
2057 2480 2118 2538 in
2162 2481 2562 2539 resurretione
2604 2477 2993 2538 resumendus

384 2567 637 2626 extraxit
667 2568 704 2625 l.
737 2570 808 2628 de
836 2569 1196 2628 sensibilibus
1226 2571 1447 2629 deliciis
1467 2590 1658 2646 para·
1716 2570 2111 2644 permanserit
2153 2588 2436 2646 personae
2469 2569 2645 2628 Verbi
2695 2567 2993 2627 adunatus

383 2657 500 2716 diei
527 2662 802 2735 respectu
832 2657 1102 2718 omnium
1135 2659 1493 2719 exteriorum
1526 2678 1658 2719 sen-
1715 2663 1788 2718 ut
1821 2676 2033 2735 corpus
2066 2659 2196 2736 ejus
2240 2659 2305 2718 in
2336 2659 2605 2736 sepulcro
2637 2657 2829 2719 eidem
2861 2676 2992 2733 per·

385 2764 561 2805 suum
594 2749 853 2823 corporis
869 2748 1117 2808 humani
1148 2749 1211 2808 in
1226 2749 1437 2825 patria,
1469 2750 1658 2809 Vene-
1715 2766 1895 2808 sonae
1925 2749 2300 2825 hypostatice
2316 2750 2705 2825 conjunctum
2719 2764 2992 2823 perman-

382 2835 482 2894 tiis
514 2845 692 2900 1498.
726 2837 990 2911 Reliquit
1021 2835 1327 2919 (ineditos)
1360 2844 1662 2914 praeterea
1714 2838 1811 2899 sit.
1875 2838 2211 2913 Disputatio
2260 2837 2457 2897 tribus
2519 2837 2730 2896 diebus
2771 2837 2993 2913 agitata

382 2942 694 2995 sermoneS,
719 2929 1009 2985 tractatus
1023 2930 1095 2985 ut
1125 2927 1198 2986 de
1223 2928 1481 3003 Spiritus
1497 2947 1540 2986 s.
1571 2929 1659 2987 di·
1714 2930 1808 2985 est
1870 2926 2015 2986 adeo
2078 2928 2370 2998 ardenter,
2432 2930 2516 2987 ut-
2564 2926 2760 2985 media
2802 2926 2994 2984 hieme

382 3014 912 3074 stinctioneaFilio
927 3021 1034 3074 etc.
1067 3020 1128 3075 et
1155 3020 1227 3074 tr.
1256 3017 1329 3075 de
1346 3017 1658 3095 sanguinis
1715 3016 2091 3091 disputantes
2125 3018 2188 3074 in
2221 3017 2492 3075 sudorem
2535 3017 2992 3075 resolverentur.

382 3104 798 3178 pretiosissimi
830 3105 1089 3163 crucifixi
1135 3105 1448 3164 divinitate
1478 3106 1552 3165 ad
1582 3125 1657 3165 ss.
1713 3106 2132 3180 Disputatione
2180 3107 2376 3165 soluta
2420 3106 2564 3164 Pius
2595 3104 2669 3163 ΙΙ.
2716 3104 2994 3165 omnibus

381 3210 593 3267 papam
642 3193 812 3251 Pium
848 3190 992 3275 (IL).
1053 3194 1208 3253 Haec
1259 3196 1660 3254 controversia
1713 3195 1865 3253 bene
1928 3196 2207 3270 expensis
2271 3193 2469 3254 noluit
2529 3193 2993 3253 controversiam

381 3286 528 3340 tunc
558 3282 847 3358 temporis
880 3283 1095 3342 acriter
1126 3284 1470 3359 agitabatur
1500 3285 1659 3343 inter
1713 3284 2109 3360 peremptorie
2173 3284 2466 3354 dirimere,
2548 3283 2651 3342 sed
2702 3284 2766 3341 in
2830 3281 2993 3342 aliud
3060 3306 3063 3309 “

381 3371 1138 3449 theologosord.Minorum
1150 3376 1212 3430 et
1224 3373 1655 3434 Dominicanos.
1712 3376 1950 3448 tempus
2012 3371 2371 3431 decisionem
2433 3371 2690 3442 distulit,
2752 3371 2990 3430 interim

382 3459 535 3519 Hinc
581 3461 784 3519 habita
844 3464 939 3519 est
999 3460 1243 3520 celebris
1295 3464 1656 3524 concertatio
1713 3463 1980 3538 graviter
2024 3461 2364 3537 prohibenS,
2414 3480 2489 3519 ne
2533 3461 2829 3519 alterutra
2858 3479 2989 3519 een·

381 3566 578 3608 coram
625 3549 729 3608 Pio
760 3550 836 3611 11.
877 3550 940 3606 in
989 3551 1278 3609 natalitiis
1328 3552 1561 3610 Domini
1606 3573 1656 3614 a.
1710 3551 1906 3610 tentia
1936 3550 2228 3609 haeretica
2250 3550 2549 3608 diceretur
2577 3550 2676 3607 vel
2702 3551 2992 3607 statuere·

388 3646 569 3701 1463.
632 3638 716 3696 Ex
767 3639 972 3697 ordine
1022 3658 1065 3697 s.
1119 3640 1406 3699 Dominici
1456 3642 1656 3700 selecti
1712 3645 1815 3698 tur
1847 3644 2150 3716 peccatum
2201 3638 2327 3698 esse
2373 3640 2724 3697 alterutram
2756 3636 2990 3709 tueri2).

381 3727 542 3786 suere
568 3727 673 3802 qui
697 3727 1375 3803 disputarentGabriel
1395 3731 1649 3790 Cassafa-

380 3834 482 3893 ges
493 3816 688 3892 patria
703 3817 1171 3887 BarcinonensiS,
1188 3819 1354 3893 prior
1368 3823 1429 3877 et
1445 3838 1657 3897 regens
1793 3832 1828 3899 ι)
1858 3828 1999 3882 Cum
2025 3829 2115 3880 his
2143 3828 2315 3882 sensit
2346 3830 2403 3881 et
2437 3826 2598 3881 stetit
2623 3826 2795 3880 etiam
2825 3826 2915 3878 La
2936 3844 2992 3878 u-

381 3906 567 3964 studii
585 3906 980 3976 bononiensis,
1013 3926 1235 3966 necnon
1252 3911 1315 3966 et
1334 3909 1657 3983 inquisitor
1711 3900 1967 3953 rent-iu
1987 3917 2012 3952 Β
2054 3899 2458 3954 ROVfll'ella
2496 3897 2797 3967 9ΡὶωοΡοῑῦ
2824 3897 2992 3950 ferra·

380 3995 676 4069 generalis
728 3994 1085 4055 vercellinus
1134 3996 1207 4054 de
1259 3996 1542 4057 Vercellis
1598 4003 1657 4057 et
1712 3971 1916 4052 ‘59⁰⁸ss
1942 3975 1989 4041 (l
2016 3976 2196 4052 ¹476)’
2235 3972 2400 4040 ⁰⁰j¹²⁸
2439 3969 2693 4039 elogium
2736 3969 2807 4023 Of·
2834 3969 2989 4038 apud

1714 4043 2168 4096 Tiraboschi
2198 4042 2269 4095 Vl
2298 4060 2352 4112 p.
2382 4048 2430 4098 1.
2459 4042 2496 4098 l.
2524 4047 2573 4098 2.
2602 4059 2648 4095 c.
2675 4046 2703 4097 1
2736 4057 2792 4097 n.
2816 4046 2902 4096 23.

378 4082 638 4142 Jacobus
670 4083 743 4141 de
762 4084 982 4156 Brixia,
1017 4085 1354 4160 inquisitor,
1388 4088 1492 4161 qui
1507 4088 1656 4145 forte
1789 4119 1827 4185 ε)
1858 4112 1941 4167 cf.
1970 4114 2168 4178 Quetif
2193 4116 2231 4178 1,
2271 4118 2375 4170 822
2404 4132 2490 4178 ss„
2534 4113 2636 4182 qui
2677 4113 2849 4166 etiam
2888 4111 2987 4165 ibi-

1713 4185 1841 4238 dem
1868 4184 2134 4238 meminit
2160 4185 2517 4254 quorundam
2548 4186 2885 4253 scriptorum
2908 4199 2991 4237 oc-

1714 4257 1940 4312 casione
1985 4257 2157 4322 hujus
2202 4257 2615 4310 controversiae
2658 4255 2992 4325 composito·

380 4323 541 4378 derer
567 4325 666 4379 der
692 4324 990 4396 spanische
1020 4327 1182 4381 Card.
1227 4326 1355 4383 Joh.
1386 4344 1498 4381 von
1527 4328 1658 4382 Tor·
1712 4344 1856 4391 rum,
1904 4344 2051 4395 quae
2096 4328 2211 4382 fere
2256 4328 2450 4384 omnia
2489 4331 2625 4381 sunt
2662 4326 2894 4392 inedita,
2936 4329 2994 4379 et

380 4395 825 4463 quemada,·sein
842 4397 1030 4452 Leben
1047 4398 1166 4451 und
1183 4398 1335 4452 aeine
1355 4398 1654 4461 Schriften,
1712 4399 1994 4466 quaedam
2039 4417 2102 4453 ex
2134 4400 2545 4470 disputationis
2575 4400 2715 4451 actis
2748 4399 2990 4452 exhibet.

380 4465 656 4539 Freiburg
719 4472 874 4527 1879.
951 4469 1077 4523 coll.
1139 4469 1270 4524 diss.
1335 4470 1659 4541 Langhorst
1713 4470 1909 4524 Refert
1934 4474 2124 4524 tamen
2152 4471 2485 4527 Leonard
2504 4487 2582 4525 us
2609 4471 2679 4524 de
2708 4469 2898 4533 Utino,
2921 4470 2991 4521 de

379 4537 658 4593 Stimmen
702 4557 805 4593 aus
849 4541 1029 4593 Maria.
1073 4540 1257 4595 Laac'n
1301 4546 1442 4598 1879
1482 4541 1655 4607 XVlI,
1713 4559 1827 4610 quo
1855 4559 2002 4606 mox,
2031 4543 2093 4595 in
2120 4560 2221 4598 suo
2251 4544 2318 4599 tr.
2361 4543 2429 4595 de
2456 4543 2736 4612 sanguine
2766 4540 2990 4596 Christi.

377 4614 640 4675 447—62‚
687 4612 789 4680 qui
833 4614 1121 4666 auctorem
1164 4616 1419 4668 nostrum
1463 4616 1657 4668 tuetur
1713 4612 1879 4667 Pium
1910 4615 1976 4667 ΙΙ.
2001 4614 2062 4666 in
2089 4631 2176 4683 ep.
2218 4616 2289 4667 ad
2332 4630 2361 4667 e
2404 4614 2501 4668 isc.
2528 4613 2837 4683 Hispaniae
2879 4614 2991 4682 jus·

378 4680 647 4735 adversus
693 4683 1080 4738 accusationes
1107 4701 1171 4737 ac
1199 4684 1248 4737 si
1272 4685 1394 4753 ipse
1421 4701 1656 4756 exagge-
1712 4684 1866 4748 sisse,
1913 4687 1979 4738 ut
2022 4687 2296 4740 fratribus
2400 4686 2660 4740 inoribus
2699 4684 2893 4738 liceret
2931 4682 2990 4735 in

377 4752 589 4833 raverit
615 4755 903 4823 pontificis
930 4758 1267 4824 potestatem
1293 4773 1427 4825 prae
1448 4757 1657 4838 episco·
1712 4773 1815 4809 sua
1841 4758 2126 4810 sententia.
2154 4760 2421 4827 perstare,
2468 4757 2599 4810 aliis
2628 4772 2758 4810 vero
2787 4771 2901 4808 non
2929 4754 2990 4807 li-

377 4840 483 4948 pia,
512 4826 749 4950 ejpxsrque
776 4826 1016 4880 subinde
1044 4827 1311 4880 emendat
1337 4829 1653 4896 opiniones.
1712 4845 1836 4881 cere
1875 4828 2086 4881 eisdem
2131 4829 2532 4883 contradicere.
2584 4826 2849 4881 Schroedl
2878 4825 2988 4877 KL.

399 4897 542 4949 *eret
647 4940 660 4961 ,
689 4902 989 4954 336-«343.
1711 4900 1804 4964 VI,
1836 4904 1991 4955 1153.
