3475 5364
171 359 285 411 513
465 340 743 411 Biturgia
768 341 826 393 et
849 337 1084 396 Aeconia.
1112 337 1438 409 cajetanus,
1463 336 1789 401 Bernartius
1815 336 1886 391 de
1908 337 2054 403 Par„
2080 335 2374 392 Hermann
2401 336 2504 391 etc.

2676 353 2801 408 614

251 536 399 590 315.
471 527 568 586 De
630 524 924 601 singulari
982 541 1224 600 prorsus
1285 543 1463 600 argu-
1518 526 1648 601 ejus
1702 524 2071 600 expositione
2129 523 2344 583 missae
2407 519 2682 604 (inedita)
2732 526 2802 584 cf.

171 619 360 675 mento
396 616 534 674 scil.
585 617 655 675 de
684 632 841 674 anno
872 612 1184 673 Cnetedmo
1227 604 1343 672 s‘ive
1371 613 1463 682 iu·
1518 614 1704 674 Franz
1750 633 1806 690 p.
1843 621 2209 677 523—527.
2271 647 2357 657 —-
2410 613 2803 673 conradus

172 700 670 765 bilaoodisseruit
700 701 904 781 (prosa
920 697 982 761 et
999 698 1216 783 metro)
1241 703 1288 762 'J
1303 721 1463 762 aco-
1518 703 1840 762 monachus
1872 702 2319 780 weingartensis
2352 703 2415 762 Ο.
2447 702 2501 761 S.
2532 703 2693 773 Ben.,
2728 704 2804 764 ab

172 794 301 852 bns
344 793 682 869 Cajetanus
727 793 801 851 de
846 791 1466 869 Stephaneschis
1519 812 1555 850 a
1609 799 2079 856 1315—1336
2144 792 2480 868 composuit
2539 811 2645 867 pro
2695 811 2803 853 suo

173 883 487 952 Romanus,
546 881 863 942 cardinalis
878 878 924 962 ι)
941 925 954 951 ,
1005 881 1099 939 vir
1147 880 1466 957 insigniter
1520 881 1880 942 monasterio
1900 881 2184 943 Ordinem
2195 882 2380 940 divini
2398 882 2591 957 officii,
2626 901 2803 957 quem

173 972 374 1032 doctus
408 967 472 1053 (1
492 981 656 1041 2953
688 966 729 1047 †
756 967 970 1051 1343).
1001 970 1228 1029 Pr0diit
1256 969 1359 1029 ille
1389 972 1463 1028 tr.
1520 970 1924 1031 substantiam
1986 970 2039 1028 si
2118 974 2346 1047 spectes
2407 970 2679 1048 vulgavit
2738 971 2802 1030 G.

175 1062 230 1118 in
257 1060 404 1120 bibl.
439 1062 561 1119 PP.
583 1059 894 1136 parisiensi
925 1063 969 1119 t.
991 1059 1100 1130 V1;
1134 1059 1465 1118 coloniensi
1521 1060 1700 1119 Hess
1732 1060 1799 1119 in
1835 1060 2156 1119 Prodromo
2188 1078 2448 1119 monum.
2472 1060 2663 1119 Guelf.
2697 1078 2804 1120 seu

175 1155 214 1206 t.
258 1150 432 1219 xm;
487 1149 862 1228 lugdunensi
909 1148 1083 1218 XXV,
1139 1156 1463 1212 936—42.
1521 1149 1803 1227 Catalogo
1849 1148 1980 1208 abb.
2029 1151 2278 1209 monast.
2313 1149 2643 1225 weingart„
2680 1151 2803 1209 Au-

179 1239 422 1316 Scripsit
465 1243 538 1299 et
578 1240 648 1298 de
692 1236 814 1298 vita
858 1245 908 1296 el
952 1239 1382 1297 canonizatione
1414 1256 1461 1296 e.
1518 1241 1730 1315 gustee
1762 1237 1829 1300 V.
1874 1247 2027 1302 1781
2071 1257 2125 1313 p.
2163 1247 2242 1301 98
2278 1256 2352 1297 ss.

177 1329 472 1388 Caelestini
523 1328 605 1404 V„
648 1331 723 1387 ut
753 1347 935 1403 supra
975 1348 1032 1404 p.
1068 1336 1193 1390 450
1229 1346 1279 1385 a.
1312 1325 1464 1385 dixi·
1870 1350 1877 1358 ·

178 1435 317 1477 mus.
373 1418 774 1477 Ordinariam
817 1418 1314 1476 caeremoniarum
1358 1434 1465 1475 seu

183 1505 359 1565 ritum
407 1525 692 1567 romanae
723 1506 1032 1574 Ecclesiae,
1079 1524 1255 1581 quem
1289 1505 1327 1563 1.
1360 1524 1462 1565 ex·
1518 1505 1591 1564 de
1611 1505 1904 1565 Gotschah
1937 1506 2253 1565 canonicus
2280 1506 2663 1576 voraviensi8‚
2696 1527 2804 1565 au-

179 1594 337 1653 hibet
353 1595 654 1656 Habillon
670 1595 863 1654 Musei
892 1595 959 1654 it.
975 1594 1052 1664 II,
1092 1593 1461 1665 243-443,
1518 1598 1647 1654 ctor
1696 1594 1964 1671 alioquin
2013 1594 2277 1670 ignotae,
2329 1595 2434 1669 qui
2484 1595 2801 1656 concinna·

184 1683 242 1740 in
271 1702 388 1759 qno
407 1685 542 1762 agit
570 1704 651 1745 cc.
682 1696 701 1747 l
726 1694 800 1748 18
836 1685 908 1742 de
929 1683 1212 1743 electione
1244 1687 1305 1742 et
1324 1701 1462 1742 con·
1519 1683 1611 1742 vit
1665 1680 1895 1764 (1332)
1949 1683 2164 1744 librum
2225 1685 2626 1744 moralitatum
2686 1685 2803 1744 ele-

183 1775 500 1834 secratione
518 1773 835 1851 pontificis,
869 1774 1059 1849 deque
1090 1773 1272 1848 hujus
1293 1772 1462 1832 func-
1518 1773 1961 1850 gantissimum,
2025 1774 2220 1832 lumen
2280 1775 2515 1834 animae
2573 1773 2803 1834 dictum

1613 1427 1684 1480 31
1702 1425 1758 1478 6.
1780 1417 2019 1476 Arce-sin
2039 1415 2424 1475 excoluerunt
2442 1417 2498 1475 H
2509 1435 2541 1475 e
2552 1435 2653 1474 rm
2668 1436 2804 1477 ann

188 1860 465 1934 tionibus,
501 1864 573 1922 de
601 1863 889 1923 electione
921 1865 983 1922 et
1012 1862 1317 1921 functione
1337 1880 1464 1921 car-

188 1949 491 2022 dinalium,
542 1954 613 2012 de
658 1951 1032 2012 coronatione
1076 1953 1138 2010 et
1183 1951 1462 2011 unctione

192 2058 405 2116 regum,
440 2041 513 2101 de
545 2036 1049 2121 canonizatione⁸)
1085 2043 1194 2099 etc.
1240 2073 1329 2087 —-
1378 2041 1462 2100 De

192 2145 229 2184 s.
258 2129 505 2208 liturgia
533 2134 838 2208 praeterea
881 2128 1103 2188 meruit
1142 2130 1190 2187 B
1207 2148 1462 2188 ernar-

197 2215 321 2276 dus
350 2218 424 2278 de
455 2219 912 2279 Parentinis
946 2218 1010 2277 Ο.
1037 2218 1241 2283 Praed.
1269 2219 1460 2278 Bene-

195 2324 360 2366 arnus
380 2308 599 2369 Ortesii
630 2311 829 2378 natus,
860 2307 1108 2384 Albigae
1137 2305 1202 2365 in'
1221 2307 1466 2368 ecclesia

197 2394 498 2457 mtbedrali
543 2416 621 2457 ss.
667 2398 978 2456 literarum
1023 2396 1335 2473 interpres,
1387 2396 1463 2456 ob

198 2482 479 2546 doctrinae
508 2487 726 2547 famam
756 2506 790 2545 a
822 2487 1117 2545 Clemente
1147 2486 1245 2545 Vl.
1277 2486 1461 2562 magi-

1516 1879 1654 1920 cum
1739 1865 1968 1939 septem
2050 1862 2488 1939 apparitoribus
2574 1881 2805 1922 necnon

1517 1969 1588 2009 ss.
1631 1950 1942 2010 doctorum
1988 1951 2348 2010 orthodoxae
2393 1950 2532 2011 fidei
2576 1952 2802 2027 profes·

1519 2057 1742 2111 sorum,
1806 2045 2115 2117 poetarum
2160 2041 2339 2099 etiam
2388 2058 2454 2099 ac
2503 2045 2803 2100 oratorum

1517 2130 1974 2190 auctoritatibus
2035 2149 2143 2205 per
2203 2129 2445 2189 modum
2492 2129 2806 2204 pharetrae

1519 2218 1846 2277 secundum
1878 2218 2145 2278 ordinem
2178 2218 2496 2294 alphabeti,
2539 2237 2715 2294 quem
2748 2218 2803 2288 L,

1517 2326 1653 2366 cum
1700 2309 1765 2368 in
1815 2326 1987 2367 mscr.
2054 2308 2245 2368 adbuc
2305 2307 2575 2367 informis
2626 2311 2803 2378 esset,

1520 2396 2103 2474 simplicioribnsque
2176 2397 2344 2456 rudis
2409 2399 2470 2457 et
2517 2397 2804 2458 obscurus

1518 2489 1850 2562 appareret,
1912 2486 2196 2546 Matthias
2256 2486 2670 2545 Farinator
2729 2487 2804 2545 de

199 2574 346 2632 sterii
376 2576 577 2637 laurea
606 2575 958 2652 insignitae,
1006 2575 1070 2633 in
1109 2576 1150 2637 1.
1181 2575 1278 2634 cui
1308 2575 1463 2634 titu-
1518 2575 1748 2636 Vienna
1797 2575 1861 2634 Ο.
1914 2577 2097 2636 Carm.
2149 2576 2334 2635 lector
2380 2594 2424 2634 s.
2469 2576 2806 2653 theologiae

206 2661 315 2722 lus:
347 2664 562 2726 Lilium
596 2666 835 2737 Missae,
869 2665 930 2725 in
963 2682 1083 2741 quo
1113 2682 1315 2724 omnes
1346 2663 1460 2724 dif-
1519 2665 1581 2724 in
1611 2665 1824 2726 titulos
1857 2668 1919 2726 et
1948 2665 2162 2725 titulos
2195 2665 2258 2724 in
2288 2662 2684 2743 paragraphus
2715 2665 2804 2724 di-

205 2750 475 2815 ficultates
512 2755 692 2816 officii
729 2756 943 2815 missae
981 2754 1253 2830 sacrique
1287 2772 1458 2814 cano-
1519 2755 1748 2814 stinxit.
1809 2755 2042 2814 Prodiit
2085 2758 2395 2832 Augustae
2439 2754 2505 2814 V.
2561 2765 2722 2818 1477
2759 2758 2803 2813 t.

210 2840 287 2899 nis
315 2844 631 2904 secundum
680 2863 725 2903 s.
761 2844 1042 2903 Thomam
1088 2861 1462 2919 summopere
1521 2854 1575 2908 2.
1624 2878 1714 2889 -—
1760 2845 2188 2904 Malachiae
2234 2843 2648 2903 Mac-Aede
2696 2844 2804 2902 Hi-

210 2930 530 3005 enodantur,
575 2935 672 2994 vel
715 2933 894 2993 etiam
924 2933 1304 3014 Elucidarius
1343 2951 1462 2991 om-
1517 2934 1741 2993 bernus
1763 2933 1829 2996 Ο.
1850 2934 1989 2993 Min.
2011 2935 2325 3009 episcopus
2345 2932 2802 3011 anagdunensiS,

213 3020 349 3077 nium
376 3023 779 3097 difficultatum
798 3026 927 3091 etc.,
961 3021 1239 3081 Coloniae
1265 3030 1463 3100 14843
1517 3023 1656 3082 dein
1686 3022 2167 3098 archiepiscopus
2206 3023 2537 3082 tuamensis
2572 3021 2805 3101 (13283

214 3104 423 3171 Parisiis
490 3124 686 3182 1510;
745 3122 947 3181 1517;
1017 3120 1201 3175 1531.
1278 3111 1460 3170 Fruc-
1517 3110 1554 3178 †
1608 3123 1702 3174 10.
1746 3114 1899 3190 Aug.
1940 3108 2154 3193 1348),
2201 3112 2534 3189 theologiae
2576 3112 2798 3183 doctor,

215 3198 299 3253 lus
341 3205 425 3260 est
471 3202 613 3261 haec
660 3199 844 3261 officii
894 3200 1106 3260 missae
1154 3200 1463 3276 totiusque
1517 3205 1797 3260 strenuus
1819 3201 2117 3277 quondam
2146 3200 2334 3259 divini
2356 3200 2521 3260 verbi
2539 3201 2803 3259 illustra-

219 3289 420 3349 canonis
479 3290 765 3367 expositio
781 3335 794 3360 ‚
847 3293 918 3349 ut
965 3290 1140 3348 etiam
1192 3289 1462 3349 inscribi·
1518 3292 1613 3349 tor
1658 3307 1887 3350 necnon
1920 3290 2203 3349 vitiorum
2251 3290 2599 3366 objurgator
2644 3307 2806 3349 acer-

216 3376 317 3443 lm',
350 3380 823 3454 praelectionum,
856 3396 1008 3454 quas
1040 3379 1111 3437 de
1142 3380 1253 3437 hoc
1285 3398 1463 3456 argu-
1520 3378 1728 3448 rimus,
1764 3382 1937 3456 cujus
1972 3384 2067 3439 est
2096 3379 2338 3439 libellus
2368 3387 2580 3459 septem
2602 3398 2804 3453 pecca·

222 3470 391 3527 mento
423 3470 630 3529 habuit
661 3487 861 3528 coram
897 3469 1173 3544 episcopo
1218 3466 1468 3527 albiensi
1520 3476 1715 3527 torum
1760 3470 2101 3529 mortalium
2131 3486 2342 3526 venena
2360 3485 2683 3542 eorumque
2715 3487 2807 3526 re-

222 3555 271 3607 εἰ
319 3554 599 3633 frequenti
664 3556 1008 3618 auditorum
1071 3574 1304 3616 corona.
1383 3556 1465 3616 cf.
1522 3556 1716 3616 media
1746 3558 2100 3629 describenS,
2134 3556 2240 3633 qui
2271 3556 2489 3616 dicitur
2524 3556 2808 3615 Venenum

227 3637 425 3704 Franz
452 3648 490 3706 1.
511 3666 556 3706 c.
575 3668 632 3725 p.
659 3656 783 3712 502
810 3664 888 3706 ss.
919 3679 1009 3690 —-
1040 3646 1285 3721 Scriptis
1304 3647 1372 3704 B.
1394 3646 1465 3705 de
1523 3647 1865 3723 Malachiae,
1891 3646 2139 3706 Parisiis
2164 3654 2348 3709 1518.
2371 3679 2455 3689 -
2474 3645 2563 3704 Jo
2582 3645 2807 3704 annis

227 3726 519 3796 Ferentinis
548 3755 697 3796 usus
729 3740 839 3807 est,
874 3754 1046 3813 saepe
1077 3736 1200 3795 fere
1231 3735 1306 3794 ad
1335 3754 1467 3794 ver·
1524 3737 1621 3796 Go
1640 3737 1676 3794 b
1696 3736 1753 3795 ii
1785 3736 1849 3795 Ο.
1873 3736 2073 3795 Praed.
2104 3735 2328 3805 Gallus,
2354 3734 2561 3810 junior
2590 3733 2805 3804 dictus,

230 3814 342 3879 bum
369 3825 745 3886 Henricus
790 3824 865 3884 de
898 3825 1190 3903 Perching
1228 3820 1468 3907 (Perch-
1523 3828 1596 3883 ut
1638 3826 2111 3903 distingueretur
2158 3844 2193 3883 a
2235 3824 2466 3884 seniore
2514 3824 2808 3883 avunculo

229 3905 349 3986 hug,
377 3914 660 3992 Berehing
704 3915 833 3975 vico
873 3914 1157 3975 dioecesis
1188 3914 1469 3974 eichstet-
1525 3933 1650 3984 suo,
1700 3915 1927 3991 pariter
1972 3914 2035 3976 Ο.
2077 3913 2282 3972 Praed.
2343 3913 2487 3988 Ejus
2530 3912 2812 3972 laudatur

234 3998 420 4083 tensis),
448 4004 779 4082 theologiae
809 4004 1112 4080 professor
1140 4003 1467 4080 pragensi8‚
1527 4003 1698 4062 Scala
1718 4006 1858 4063 coeli
1887 4003 1961 4062 de
1993 4003 2243 4062 diversis
2275 4001 2595 4079 generibus
2614 4021 2810 4062 exem-

237 4086 314 4157 qui
339 4093 472 4151 ortis
503 4094 694 4153 turbis
733 4103 900 4157 1409
949 4111 1085 4152 cum
1130 4092 1265 4152 aliis
1307 4094 1470 4151 tran·
1527 4093 1782 4169 plorum,
1827 4092 2127 4153 Lubeccae
2176 4101 2339 4155 1477
2388 4092 2453 4150 in
2497 4091 2567 4162 f.;
2612 4091 2811 4150 Ulmae

239 4172 318 4233 8ὶῆ
350 4180 416 4239 ad
444 4183 888 4243 universitatem
922 4181 1332 4243 erfordianam.
1389 4182 1470 4240 De
1535 4191 1733 4253 14803
1780 4182 2143 4260 Argentinae
2190 4189 2390 4251 14833
2437 4199 2589 4255 opus
2621 4180 2808 4239 histo-

279 4318 292 4321 -
395 4325 414 4329 -
465 4326 504 4331 n
1527 4272 1634 4330 riis
1681 4271 1803 4331 fere
1849 4290 1918 4330 ex
1951 4270 2370 4330 Vincentio
2400 4269 2811 4328 Bellovacensi

298 4403 422 4469 1)OE
448 4404 667 4461 Pauka
692 4405 807 4462 ΚΒ.
833 4405 933 4471 H„
959 4408 1116 4464 1381·
1528 4363 1589 4419 et
1631 4360 1786 4420 libro
1838 4378 2049 4437 magno
2099 4359 2171 4419 de
2221 4362 2447 4434 septem
2493 4357 2662 4418 donis
2712 4359 2810 4416 de-

291 4476 325 4541 ι)
346 4474 421 4529 1)e
443 4478 560 4547 eju,
582 4480 987 4545 cwmmgg
1013 4476 1117 4545 qui
1143 4493 1276 4531 mm·
1303 4493 1474 4531 amer,
1530 4450 1789 4526 sumptis
1834 4452 1895 4509 et
1939 4448 2012 4507 ad
2057 4466 2249 4508 mores
2296 4448 2513 4524 aptatis
2560 4450 2811 4518 constat,

244 4545 441 4601 *tt-urin
460 4548 802 4604 bibliotheca
820 4547 1191 4604 avenionensi
1211 4548 1282 4603 cf.
1304 4548 1474 4601 Ehrle
1530 4558 1677 4614 quas
1710 4538 2100 4616 simpliciores
2144 4538 2291 4596 alias
2337 4555 2469 4596 cum
2505 4537 2812 4613 voluptate

247 4607 325 4667 Zur
358 4618 544 4676 Geoeh.
588 4620 690 4675 des
731 4619 943 4691 papatl.
971 4619 1476 4679 Hofceremonieus
1531 4630 1592 4686 et
1622 4627 1823 4686 fructu
1855 4628 2128 4704 legerint,
2177 4626 2280 4685 sed
2312 4644 2460 4703 quas
2491 4645 2612 4685 non
2644 4626 2812 4684 facile

244 4691 1042 4823 ...hren
1060 4691 1130 4817 32.-
1533 4717 1870 4776 ms...
1913 4716 2026 4776 vir
2067 4716 2308 4775 orions
2602 4732 2668 4773 ω

248 4825 421 4887 clm-te.
444 4834 562 4890 LIV
589 4838 792 4907 (1393),
815 4838 944 4892 45-
958 4840 1046 4901 74,
1087 4833 1188 4890 ubi
1213 4834 1478 4889 abibam
1534 4806 1689 4876 terii,
1723 4806 1928 4883 inquit
1960 4804 2169 4907 Quetii‘
2196 4800 2265 4887 (Ι,
2291 4801 2462 4885 633).
2507 4802 2812 4903 Floruite.

250 4896 595 4977 turemei-pta.
1543 4905 1726 4959 1350.
1780 4930 1867 4938 —
1918 4896 2302 4955 Henricus
2354 4892 2426 4952 de
2476 4892 2813 4951 Calstris

2387 4993 2480 5048 20.
