3475 5364
504 334 622 386 715

1065 320 1202 372 1376
1229 321 1431 371 --1400
1464 315 1779 386 Theologia.
1808 317 2061 384 mystica.
2088 317 2173 370 Jo.
2205 315 2553 383 Ruysbroek.

3001 334 3119 385 716

497 501 797 569 stratione,
832 501 905 558 de
937 502 1134 560 decem
1171 505 1492 577 praeceptis
1525 503 1785 578 decalogi
1840 503 2025 578 gredi,
2060 522 2234 577 quem
2282 503 2511 576 aliquot
2557 502 2700 559 socii
2746 501 2937 559 secuti
2983 507 3125 559 sunt

497 590 846 664 ceterisque,
881 609 1031 665 quae
1063 592 1177 649 rite
1209 590 1562 650 institutum
1595 610 1783 651 sacer-

497 679 694 738 dotem
728 678 1123 754 haudquaque
1166 679 1440 756 ignorare
1473 681 1656 751 decet,
1691 680 1782 740 of·

498 768 664 836 ficiis,
728 769 1091 843 Argentinae
1176 780 1338 832 1516
1419 774 1480 827 et
1555 765 1781 852 alibil).

499 857 769 933 Magnam
802 861 1029 932 partem
1077 859 1391 934 exscripsit
1434 877 1504 917 ex
1537 860 1572 916 1.
1609 859 1782 917 Gui—

498 947 708 1004 lelmi
760 946 833 1004 de
879 946 1174 1022 Pagala
1233 948 1521 1024 inscripto
1570 948 1784 1007 Oculus

496 1036 809 1093 sacerdotis
826 1035 920 1116 (cf.
938 1055 991 1110 p.
1014 1046 1130 1098 601
1155 1032 1248 1116 a.).
1263 1070 1348 1080 —
1362 1037 1579 1096 Nostra
1588 1040 1781 1096 aetate

496 1124 781 1183 oblivioni
833 1124 1056 1200 eripuit
1089 1125 1146 1185 F.
1181 1127 1248 1187 A.
1283 1126 1547 1200 Gasquet
1577 1127 1642 1184 in
1673 1146 1781 1186 suo

496 1232 586 1289 op.
621 1213 740 1271 The
790 1213 886 1270 old
933 1213 1178 1290 English
1231 1215 1402 1273 Bible
1450 1215 1563 1274 and
1612 1216 1782 1276 other

495 1301 726 1378 EssayS‚
743 1301 994 1360 Londini
1020 1311 1178 1366 1897
1216 1303 1349 1362 diss.
1371 1314 1404 1366 3
1429 1305 1473 1362 Τ
1493 1305 1654 1363 hom
1672 1325 1776 1364 am

496 1391 820 1450 Brunton
848 1410 938 1466 ep.
970 1397 1397 1452 rocestrensem
1418 1390 1778 1474 (1372·89),

497 1499 670 1554 quem
718 1480 1013 1556 insignem
1073 1481 1257 1541 fuisse
1307 1484 1774 1542 concionatorem

496 1574 916 1645 pastoremque
976 1570 1340 1645 intrepidum
1405 1572 1498 1630 sui
1559 1573 1777 1648 gregis,

497 1658 818 1733 specimina
859 1658 1082 1717 ibidem
1126 1659 1389 1719 exhibita
1433 1662 1778 1722 ostendunt.

495 1781 577 1792 -
614 1747 778 1806 Idem
824 1748 1059 1807 dicatur
1089 1748 1161 1807 de
1195 1750 1654 1824 Marquardo
1707 1751 1779 1810 de

495 1836 725 1895 Lindau
757 1836 820 1895 Ο.
857 1838 1012 1902 Min„
1047 1838 1396 1913 provinciali
1426 1859 1461 1897 a
1504 1851 1594 1902 19.
1628 1840 1777 1898 Nov.

506 1933 666 1989 1389
702 1944 890 2000 usque
939 1926 1013 1984 ad
1065 1927 1222 1986 diem
1254 1927 1455 1987 obitus
1501 1939 1591 1991 15.
1625 1930 1777 2005 Aug.

507 2023 689 2084 1392,
712 2017 816 2089 qui
836 2019 1045 2074 auctor
1066 2015 1284 2075 dicitur
1306 2026 1387 2079 30
1411 2020 1778 2076 tractatuum

495 2123 601 2180 pro
635 2104 836 2179 populi
869 2104 1293 2163 instructione:
1328 2106 1485 2165 inter
1516 2125 1666 2181 quos
1687 2113 1781 2165 est

495 2192 732 2270 egregia
778 2193 1070 2268 expositio
1120 2193 1401 2270 decalogi,
1454 2213 1625 2271 saepe
1675 2196 1778 2255 ad·

487 2284 651 2357 jecta
680 2283 811 2359 ejus
844 2287 914 2340 tr.
948 2284 1018 2341 de
1045 2282 1303 2356 filiorum
1352 2284 1540 2342 Israel
1572 2287 1632 2343 in
1665 2287 1779 2343 Ae·

490 2379 727 2448 yyptum
757 2373 1114 2430 descensione
1157 2371 1244 2430 ed.
1279 2373 1544 2432 Venetiis
1594 2383 1777 2438 1483.

497 2462 876 2537 Argentorati
917 2471 1099 2523 1516.
1133 2460 1277 2535 Ejus
1293 2482 1429 2521 cum
1451 2463 1624 2521 laude
1655 2482 1779 2522 me·

497 2549 673 2607 minit
703 2550 950 2608 Hasak
984 2547 1049 2630 (†
1080 2545 1269 2633 1889)
1305 2551 1363 2608 in
1398 2552 1508 2609 Ein
1543 2551 1776 2627 Epheu·

494 2639 677 2698 kranz
721 2638 862 2698 oder
905 2639 1245 2717 Erklarung
1288 2639 1394 2699 der
1450 2653 1520 2704 10
1558 2641 1778 2700 Gebote

494 2729 643 2787 nach
706 2728 811 2786 der
859 2728 1404 2807 Originalausgabe‚
1453 2731 1781 2808 Augsburg

508 2826 689 2880 1889.

588 2994 1777 3072 363.Intertheologosmysticosvelasce·

494 3092 585 3142 tas
617 3083 823 3142 referri
842 3084 1021 3142 debet
1038 3084 1077 3142 J
1080 3103 1299 3143 oannes
1320 3087 1368 3143 R
1383 3107 1424 3145 ιι
1438 3106 1478 3163 y
1494 3105 1521 3145 s
1538 3086 1577 3144 b
1594 3107 1624 3146 r
1640 3106 1674 3146 o
1691 3108 1722 3146 e
1737 3088 1778 3146 k

497 3173 869 3251 (Ruisbrock,
903 3170 1270 3255 Ruusbroec)
1324 3194 1358 3232 a
1404 3176 1526 3235 loco
1559 3177 1778 3235 nativi·

494 3262 636 3320 tatis
657 3262 1003 3321 Runsbroek
1021 3280 1200 3339 prope
1218 3265 1522 3324 Bruxellas
1537 3266 1623 3324 ita
1641 3285 1776 3342 cog-

493 3352 850 3410 nominatus
914 3352 1129 3411 Lucem
1192 3354 1421 3429 aspexit
1483 3375 1531 3413 a.
1591 3364 1776 3418 1293.

493 3442 650 3499 Puer
679 3460 729 3498 a.
775 3452 836 3501 11
895 3442 1089 3517 coepit
1133 3458 1370 3517 operam
1416 3443 1554 3502 dare
1587 3444 1776 3503 literis

494 3530 606 3589 sub
623 3530 660 3587 J
662 3548 711 3588 o.
733 3530 1057 3589 Hinckaert
1071 3532 1351 3590 canonico
1381 3538 1632 3608 cognato
1650 3552 1775 3592 suo.

495 3619 773 3679 Sacerdos
790 3618 1098 3678 ordinatus
1112 3618 1166 3703 (1
1186 3631 1256 3684 31
1276 3616 1634 3704 8)vicarium
1652 3624 1778 3699 egit

490 3709 562 3767 ad
597 3729 640 3766 s.
677 3708 972 3768 Gudulam
998 3711 1312 3771 Bruxellis.
1345 3710 1482 3769 Jam
1512 3717 1658 3771 tunc
1689 3713 1775 3770 vi-

490 3804 610 3857 tam
644 3817 679 3855 a
708 3798 914 3856 mundi
948 3798 1141 3857 turbis
1189 3803 1250 3858 et
1300 3801 1553 3876 negotiis
1587 3820 1775 3861 remo·

489 3894 611 3945 tam
663 3886 833 3945 duxit
883 3892 1077 3945 totum
1130 3907 1191 3947 se
1236 3889 1437 3948 dicans
1483 3891 1777 3949 exercitiis

493 3975 750 4052 pietatis,
805 3976 1046 4034 lectioni
1096 3996 1235 4052 prae
1286 3978 1496 4054 primis
1530 3998 1772 4055 operum

492 4065 721 4141 vulgati
771 4066 1037 4141 Dionysii
1073 4067 1479 4142 Areopagitae,
1523 4068 1773 4127 medita·

490 4155 638 4213 tioni
655 4156 716 4211 et
730 4155 1010 4229 operibus
1040 4156 1339 4215 caritatis:
1372 4157 1608 4217 fortiter
1626 4178 1776 4233 quo-

489 4262 606 4319 que
636 4244 814 4301 verbo
847 4247 908 4301 et
940 4244 1181 4319 scriptis
1231 4246 1457 4304 restitit
1487 4247 1774 4306 fratribus

489 4336 549 4392 et
580 4332 882 4392 sororibus
916 4334 1206 4393 liberioris
1240 4336 1505 4410 spiritus.
1565 4336 1774 4396 Plures

488 4421 814 4498 discipulos
849 4440 957 4481 sua
1001 4426 1328 4483 attraxerat
1374 4425 1623 4501 pietate;
1672 4426 1776 4484 sed

489 4511 687 4570 studio
711 4512 941 4571 altioris
955 4514 1332 4589 perfectionis
1352 4516 1773 4591 sexagenarius

488 4602 705 4660 statuit
718 4603 1140 4661 monasterium
1158 4604 1339 4661 Vallis
1363 4604 1570 4662 viridis
1588 4602 1771 4683 (Vau-

486 4696 633 4760 vert,
670 4688 1069 4772 Groenendal)
1105 4693 1237 4751 Can.
1273 4712 1389 4769 reg.
1427 4711 1470 4751 s.
1496 4693 1646 4769 Aug.
1682 4694 1774 4751 in-

565 4886 598 4931 u
629 4881 711 4939 cf.
739 4880 926 4935 oudin
959 4838 1050 4944 ui,
1083 4886 1241 4937 1155.

1840 587 2081 671 (1349).
2144 590 2282 650 Non
2312 591 2419 649 diu
2452 594 2656 666 postea
2685 591 2909 650 electus
2940 595 3028 648 est
3060 591 3123 647 in

1839 679 2116 755 priorem,
2170 697 2289 755 quo
2337 699 2580 738 munere
2629 679 2873 738 functus
2924 682 3017 738 est
3049 680 3124 738 ad

1838 774 2089 828 mortem
2126 788 2332 844 usque.
2385 768 2497 826 Hic
2528 787 2667 844 prae
2700 768 2904 844 primis
2938 770 3123 826 ascesi

1840 862 1901 917 et
1950 858 2432 933 contemplationi
2478 877 2538 917 se
2583 857 2763 926 dedit,
2812 861 3124 933 propterea

1840 966 1900 1005 se
1933 947 2097 1006 silvis
2144 947 2414 1012 abdebat,
2464 952 2534 1004 ut
2577 947 2842 1021 quietius
2873 946 3121 1004 medita-

1838 1036 1987 1095 tioni
2018 1055 2225 1096 vacare
2259 1040 2474 1111 posset.
2522 1036 2766 1094 Pietatis
2796 1035 3120 1094 virtutum-

1839 1145 1954 1200 que
1970 1127 2100 1201 ejus
2125 1128 2281 1183 fama
2296 1126 2417 1184 late
2433 1130 2649 1202 vagata
2663 1129 2771 1193 est,
2792 1125 2927 1182 hinc
2944 1124 3119 1183 undi-

1839 1233 1955 1289 que
1985 1219 2368 1273 accurrerunt
2398 1214 2631 1273 consilii
2670 1213 2908 1289 petendi
2929 1216 3122 1290 gratia

1837 1304 1995 1362 docti
2042 1307 2104 1363 et
2152 1303 2389 1372 indocti,
2442 1321 2730 1380 pauperes
2780 1305 2842 1360 et
2871 1302 3117 1361 divites:

1836 1392 1992 1451 inter
2053 1412 2201 1468 quos
2263 1393 2491 1452 celeber
2535 1393 2842 1458 Taulerus,
2888 1411 3045 1450 unus
3091 1411 3120 1449 e

1838 1482 2167 1558 praecipuis
2197 1483 2462 1558 mysticis
2504 1481 2601 1540 sui
2633 1481 2917 1556 temporis
2952 1477 3040 1562 (cf
3065 1501 3119 1556 p.

1841 1569 2012 1651 666),
2049 1559 2384 1630 &erhardus
2419 1572 2648 1640 Groote,
2696 1570 2768 1627 de
2817 1588 2934 1646 quo
2967 1588 3117 1637 mox.

1835 1665 1944 1719 etc.
1981 1661 2188 1735 Neque
2232 1664 2433 1718 tamen
2469 1661 2633 1737 jugis
2681 1659 2900 1724 mentis
2932 1660 3119 1718 oratio

1836 1767 1972 1806 eum
2003 1749 2382 1825 impediebat,
2436 1750 2585 1824 quin
2634 1768 2769 1808 cum
2819 1747 3120 1807 sodalibus

1834 1838 2136 1897 interdum
2168 1838 2357 1897 labori
2386 1857 2672 1897 manuum
2703 1837 3028 1906 insudaret,
3051 1841 3121 1896 ut

1837 1927 1981 2002 ipsis
2014 1931 2173 1987 esset
2204 1928 2497 2003 exemplo:
2551 1947 2668 2003 qua
2697 1926 2999 1986 occasione
3033 1926 3118 1984 vi-

1836 2017 2094 2077 lissimos
2126 2035 2364 2092 quoque
2396 2016 2637 2075 subibat
2680 2017 2907 2075 labores
2952 2015 3120 2074 velut

1834 2112 2070 2181 portare
2103 2106 2325 2166 fimum.
2376 2106 2519 2165 Post
2549 2106 2731 2164 vitam
2766 2104 3115 2163 virtutibus.

1834 2194 2219 2270 poenitentiis
2241 2199 2303 2252 et
2322 2195 2495 2254 bonis
2516 2194 2797 2271 operibus
2819 2194 3114 2252 illustrem

1835 2284 2089 2343 decessit
2123 2295 2176 2346 2.
2216 2284 2345 2343 Dec.
2389 2295 2543 2349 1381
2599 2305 2647 2343 a.
2693 2283 2905 2342 aetatis
2940 2291 3018 2345 88
3055 2282 3117 2340 in

1835 2373 2014 2433 odore
2045 2373 2392 2441 sanctitatiS,
2428 2373 2584 2432 unde
2617 2373 2680 2431 in
2712 2372 2829 2430 illis
2863 2372 3118 2447 regioni·

1836 2463 1947 2521 bus
1980 2463 2201 2521 colitur
2232 2466 2302 2520 ut
2333 2480 2541 2521 servus
2566 2462 2686 2523 Dei.
2722 2480 2899 2535 quem
2918 2465 3118 2519 tamen

1835 2552 2066 2610 cultum
2099 2551 2263 2610 sedes
2297 2551 2623 2626 apostolica
2653 2551 2765 2609 etsi
2800 2550 3119 2608 sollicitata

1835 2641 2102 2701 nondum
2120 2639 2487 2718 approbavit.
2524 2639 2777 2715 Scripsit
2788 2639 2984 2699 multa
3001 2639 3117 2697 lin-

1834 2751 1954 2808 gua
2001 2732 2209 2806 patria,
2270 2733 2331 2789 et
2379 2730 2619 2805 quidem
2666 2729 2920 2797 classice,
2969 2747 3119 2803 quae

1836 2820 2160 2879 successive
2217 2824 2529 2878 verterunt
2592 2819 2776 2878 latine
2822 2817 3117 2877 Gerardus

1836 2910 2139 2973 Groote.
2175 2909 2326 2967 Guil.
2347 2908 2535 2967 Jord
2557 2927 2740 2967 anus
2776 2905 3116 2988 (Jordaens)

1834 3004 1896 3057 et
1926 2999 2096 3057 Laur.
2131 2998 2429 3069 Surius‚
2463 2997 2571 3073 qui
2603 3016 2670 3056 ea
2699 2997 2966 3072 undique
2999 2998 3117 3055 col-

1835 3089 1987 3147 lecta
2018 3086 2207 3146 edidit
2238 3086 2507 3146 Coloniae
2550 3095 2713 3150 1552
2737 3088 2801 3144 in
2822 3086 2892 3155 f.;
2935 3095 3116 3148 1555:

1841 3188 2007 3240 1609
2042 3177 2104 3233 in
2140 3187 2207 3246 43
2267 3185 2424 3239 1692
2463 3177 2523 3234 in
2556 3176 2595 3234 f.
2664 3176 2840 3234 Plura
2884 3174 3116 3251 prodie-

1834 3270 1977 3324 runt
2012 3266 2219 3341 lingua
2254 3265 2487 3342 belgica
2518 3283 2663 3324 cura
2696 3264 2750 3326 J.
2773 3265 2837 3323 B.
2863 3264 3115 3323 David.

1835 3355 2003 3413 Gent.
2052 3364 2387 3419 1858-68
2424 3358 2465 3411 t.
2503 3364 2559 3423 6,
2596 3353 2685 3411 vel
2721 3373 2891 3412 versa
2920 3353 3116 3411 inlin—

1834 3462 2012 3519 guam
2051 3443 2343 3520 gallicam,
2400 3443 2639 3501 Parisiis
2685 3452 2865 3510 1869,
2917 3442 3118 3499 italam

1834 3533 2132 3592 Bononiae
2237 3542 2417 3601 1538,
2510 3532 2904 3605 germanicam
2980 3550 3119 3589 cura

1835 3621 2063 3681 Godefr.
2113 3621 2446 3680 Arnoldi
2495 3641 2563 3679 ex
2615 3621 2884 3680 versione
2935 3621 3120 3679 latina

1835 3711 1995 3770 Surii
2029 3710 2346 3771 Offenbach
2391 3721 2545 3773 1701
2574 3732 2586 3779 ;
2622 3729 2761 3769 cura
2794 3710 2841 3767 U
2864 3711 3118 3768 lmann

1834 3800 2174 3860 Hanoverae
2210 3810 2403 3868 18483
2436 3801 2765 3875 interprete
2796 3800 2887 3856 Fr.
2921 3797 3117 3855 Lam—

1833 3890 2007 3949 bert
2058 3890 2262 3964 aliqua
2311 3887 2542 3965 Lipsiae
2600 3898 2785 3956 1901,
2837 3887 2958 3945 scil.
3017 3888 3117 3944 Die

1835 3978 2036 4038 Zierde
2081 3978 2186 4036 der
2229 3978 2583 4054 geistlichen
2617 3976 2930 4045 Hochzeit;
2983 3995 3116 4034 vom

1832 4068 2198 4143 glanzenden
2230 4067 2430 4138 Stein3
2494 4066 2596 4124 das
2631 4065 2795 4124 Buch
2848 4083 2966 4123 von
3015 4065 3118 4123 der

1831 4157 2117 4216 hochsten
2185 4156 2517 4217 Wahrbeit:
2582 4159 2644 4213 et
2691 4160 2936 4213 curante
2990 4155 3034 4211 Ῐ)
3057 4173 3116 4212 e-

1833 4247 2029 4304 nifle
2080 4247 2143 4304 in
2197 4264 2287 4320 op.
2342 4246 2455 4303 Das
2497 4245 2692 4321 geistl.
2726 4243 2939 4315 Leben‚
2988 4244 3117 4301 eine

1832 4336 2210 4394 Blumenlese
2255 4353 2362 4393 aus
2409 4334 2523 4392 den
2554 4333 2874 4392 deutschen
2912 4334 3114 4408 Mysti-

1830 4424 1979 4482 kern
2011 4424 2113 4483 des
2158 4434 2251 4486 14.
2286 4423 2489 4481 Jahrb.
2525 4424 2698 4482 Grata
2737 4432 2899 4486 1895
2936 4423 3026 4483 ed.
3064 4433 3115 4482 4.

1832 4514 1995 4572 Inter
2040 4514 2175 4587 ejus
2224 4531 2402 4589 opera
2446 4514 2763 4588 praecipua
2795 4511 2945 4570 forte
2979 4522 3121 4569 sunt

1830 4604 1900 4660 de
1965 4599 2187 4677 nuptiis
2266 4602 2671 4677 spiritualibus
2751 4601 2954 4673 (etiam
3032 4601 3118 4657 in·

1832 4692 2092 4766 scriptus
2143 4692 2210 4749 de
2261 4698 2474 4749 ornatu
2524 4692 2924 4766 spiritualium
2969 4708 3114 4763 nup-

1831 4783 2051 4839 tiarum
2084 4780 2194 4839 sub
2226 4780 2465 4839 nomine
2498 4781 2546 4838 R
2566 4800 2606 4839 u
2626 4779 2833 4839 sberi
2882 4778 3118 4835 Parisiis

1842 4866 2066 4947 1512):
2131 4888 2248 4943 quo
2301 4870 2361 4926 in
2416 4888 2509 4945 op.
2574 4869 2754 4927 verba
2814 4867 3119 4943 Evangelii
