3475 5364
528 339 556 389 1
580 339 595 388 1
622 340 640 391 3
669 338 690 387 1
819 322 1190 375 1501—1520.
1219 316 1528 386 Theologia
1555 313 1906 371 scholastica.
1934 315 2320 372 Sententiarii.
2348 316 2508 373 Paul.
2536 317 2837 373 Cortesius.
2972 336 3038 388 11
3062 335 3136 388 12

522 501 589 587 (†
630 501 822 583 1513)
868 537 954 546 -
999 504 1342 563 Joannes
1390 503 1611 562 Pessi
1657 504 1800 562 Ber·
1857 503 2021 561 tiarii
2081 521 2193 562 non
2256 505 2550 581 reyulares
2622 504 2786 564 fuere
2848 505 3139 567 Paulus

523 613 744 671 gomas,
777 597 871 651 ter
901 594 1154 652 vicarius
1185 594 1478 670 generalis
1500 611 1643 651 suae
1662 611 1798 651 con·
1858 592 2094 667 Wann
2138 595 2201 652 in
2234 593 2529 652 academia
2572 593 2879 671 viennensi
2910 593 3138 669 profes·

521 683 888 759 gregationis
934 678 997 763 (†
1050 680 1242 762 1513)
1293 716 1381 726 -
1426 683 1510 741 Ni
1532 683 1802 741 colans
1859 700 1955 740 sor
1969 677 2036 763 ¹),
2104 683 2413 759 presbyter
2487 683 2901 758 passaviensis,
2965 683 3140 758 cujus

522 772 907 841 Foresius‚
948 772 1280 848 theologiae
1311 771 1531 839 doctor,
1564 770 1804 833 sacrarii
1857 774 2314 831 commentarius
2358 791 2479 831 non
2524 772 2775 848 prodiit;
2826 790 2967 849 prae
3015 772 3137 847 pri-

518 860 825 937 apostolici
898 861 1248 935 praefectae,
1330 861 1801 937 archiepiscopus
1855 860 1970 919 mis
2035 862 2319 920 Paulus
2383 858 2849 942 Cortesius2)
2921 862 3140 919 Romae

517 950 960 1027 dyrrachiensis
1011 947 1073 1030 (†
1134 961 1224 1014 15.
1273 951 1398 1009 Oct.
1442 946 1653 1030 1507),
1707 950 1800 1009 cui
1856 969 1913 1012 n.
1971 960 2154 1019 1465,
2202 950 2524 1010 Alexandri
2555 950 2653 1010 VI.
2695 952 2756 1009 et
2786 951 2879 1009 Pii
2909 949 3011 1009 111.
3046 968 3137 1021 se-

522 1040 700 1097 mnlti
732 1042 1021 1098 tractatus
1065 1040 1381 1117 theologici
1433 1040 1800 1099 tribuuntur.
1858 1040 2141 1099 cretarius
2187 1044 2247 1099 et
2292 1039 2734 1117 protonotarius
2777 1032 3138 1116 apostolicus

521 1162 608 1171 —-
643 1128 876 1187 Ordinis
919 1147 966 1190 s.
999 1130 1290 1188 Benedicti
1333 1130 1396 1188 in
1439 1129 1799 1189 monasterio
1860 1125 1921 1209 (1·
1975 1126 2191 1207 1510),
2254 1130 2425 1205 cujus
2477 1148 2628 1204 opus
2675 1130 2743 1188 in
2779 1128 3139 1205 magistrum

520 1218 927 1294 tegernseensi
945 1214 991 1300 ¹)
1025 1222 1155 1278 erat
1199 1219 1646 1277 Leonai·dus
1678 1218 1801 1276 Es-
1857 1219 1994 1276 stilo
2043 1219 2283 1294 quidem
2333 1218 2590 1295 eleganti
2634 1221 2695 1277 et
2744 1218 2934 1276 nitido
2996 1236 3135 1277 con-

425 1376 430 1380 ,
523 1312 595 1364 te
616 1327 719 1365 rm
740 1326 881 1366 ann
916 1308 1135 1367 artium
1169 1309 1455 1385 magister
1488 1303 1549 1390 (1·
1585 1317 1635 1371 7.
1658 1310 1798 1384 Apr.
1857 1308 2345 1383 scriptum,caret
2364 1307 2664 1366 soliditate
2680 1312 2742 1367 et
2757 1307 2951 1384 pretio
2966 1307 3135 1366 theo-

529 1392 740 1477 1515).
804 1430 891 1439 -—
951 1396 1035 1454 Ex
1098 1397 1305 1456 ordine
1355 1396 1800 1456 Carmelitarum
1854 1398 2061 1474 logico.
2125 1398 2354 1457 Prodiit
2384 1398 2598 1457 Rornae
2636 1406 2835 1467 1504;
2867 1397 3136 1455 Basileae

521 1484 912 1544 Henricus
989 1486 1217 1546 Potin
1289 1487 1797 1564 Rothomagensis,
1864 1497 2045 1550 1540.
2109 1488 2242 1545 Non
2275 1491 2368 1545 est
2399 1487 2631 1562 proprie
2679 1486 3136 1544 commentarius

519 1575 816 1649 professor
836 1575 1191 1649 parisiensis,
1211 1576 1583 1635 concionator
1598 1577 1798 1653 regius
1856 1577 2302 1646 sententiarum,
2356 1595 2536 1651 quam
2567 1576 2771 1651 potius
2804 1575 3135 1652 theologiae

521 1668 584 1722 et
616 1664 922 1739 episcopus
953 1664 1484 1742 philadelphiensis
1518 1661 1578 1743 (1·
1607 1664 1798 1741 1502)
1855 1665 2267 1741 compendium
2318 1665 2572 1723 divisum
2623 1665 2687 1722 in
2721 1674 2758 1726 4
2791 1665 2854 1722 11.
2886 1664 3135 1741 ideoque

521 1787 609 1795 —
642 1753 1059 1829 Philippus
1101 1754 1417 1813 Alberti
1463 1755 1534 1813 de
1581 1755 1800 1813 Nussia
1856 1754 2233 1814 inscribitur:
2282 1755 2452 1813 Libri
2482 1753 2593 1830 IV,
2630 1754 2691 1811 in
2725 1752 2944 1829 quibus
2978 1771 3133 1812 com·

524 1840 765 1922 (oppido
809 1839 1100 1902 dioecesis
1121 1840 1522 1923 coloniensis),
1567 1844 1796 1903 theolo-
1854 1844 2136 1921 plectitur
2166 1845 2376 1912 omnia,
2421 1861 2571 1918 quae
2604 1846 2748 1901 sunt
2777 1842 2935 1918 apud
2969 1842 3133 1901 divos

518 1932 650 2007 giae
713 1931 934 1999 doctor,
998 1932 1246 1991 Carmeli
1307 1932 1796 1993 francofurtensis
1852 1935 2281 2011 Augustinum,
2315 1933 2763 2008 Hieronymum,
2785 1932 3134 2008 chrysosto-

515 2038 730 2097 regens
792 2023 854 2078 et
900 2022 1061 2097 prior
1089 2016 1153 2103 (†
1203 2018 1418 2103 1506),
1469 2024 1572 2098 qui
1617 2024 1797 2081 etiam
1852 2042 2016 2081 mum
2062 2027 2189 2093 etc„
2241 2026 2373 2081 tum
2424 2040 2575 2097 quae
2620 2021 2675 2082 d.
2708 2021 2975 2089 Thomas,
3010 2021 3132 2079 Ma-

520 2112 760 2168 strenue
773 2109 1489 2170 defenditimmaculetam
1501 2111 1567 2170 V.
1583 2113 1799 2171 Mariae
1853 2114 2040 2188 gistei·
2070 2112 2500 2170 sententiarum
2533 2116 2594 2168 et
2625 2114 2754 2185 ejus
2773 2110 2886 2169 loci
2914 2110 3134 2186 reliqui

515 2200 962 2275 conceptionem
1013 2203 1216 2260 contra
1249 2200 1697 2277 Wigandum
1731 2202 1796 2262 Ο.
1851 2202 2089 2264 habent.
2130 2202 2215 2259 De
2248 2200 2421 2260 latini
2451 2199 2739 2258 sermonis
2772 2199 2979 2269 nitore,
3015 2217 3133 2274 quo

518 2287 740 2357 Praed.‚
773 2288 915 2347 dum
935 2288 1008 2347 de
1027 2308 1096 2348 ea
1113 2289 1481 2349 Francofurti
1514 2310 1631 2349 non
1651 2291 1799 2350 levis
1852 2294 2139 2367 perpetuo
2173 2291 2404 2349 seclusa
2432 2290 2624 2347 forma
2641 2287 2990 2347 scholastica
3009 2287 3133 2347 usi-

519 2380 722 2436 exorta
769 2381 897 2437 erat
940 2379 1338 2438 controversia
1367 2414 1454 2423 ——
1487 2383 1547 2438 et
1576 2379 1616 2438 J
1631 2399 1664 2439 o
1682 2400 1797 2438 an·
1853 2384 1978 2439 tata
2039 2380 2325 2454 disputat,
2402 2379 2691 2436 rationem
2752 2379 2876 2454 ipse
2938 2377 3133 2435 reddit

520 2485 651 2524 nes
685 2466 992 2542 Wyrich
1035 2463 1297 2549 (Wyrici.
1332 2465 1609 2548 Wiricus)
1643 2470 1798 2544 pari·
1853 2470 1892 2527 J
1898 2470 2017 2528 ulio
2033 2470 2106 2526 ΙΙ.
2128 2470 2189 2527 in
2205 2467 2611 2527 commentarii
2638 2466 2954 2543 prooemio.
2972 2466 3133 2541 quod

513 2560 611 2613 ter
671 2555 743 2613 de
797 2556 1027 2617 Nussia.
1092 2557 1427 2633 theologiae
1472 2557 1677 2637 doctor
1740 2562 1801 2616 et
1855 2559 2071 2635 legisse
2104 2577 2222 2617 non
2254 2556 2604 2633 poenitebit.
2668 2556 2813 2631 Ejus
2861 2555 3132 2632 dialogus

513 2645 828 2721 professor,
863 2646 1158 2704 facultatis
1194 2646 1558 2724 theologicae
1578 2650 1638 2705 et
1658 2665 1798 2706 con·
1855 2648 1925 2706 de
1986 2648 2311 2706 hominibus
2353 2647 2617 2706 doctrina
2668 2645 2847 2705 claris
2888 2643 3133 2722 prodiit

441 2783 451 2792 .
521 2736 734 2793 ventus
768 2735 1119 2794 coloniensis
1166 2736 1400 2810 insigne
1441 2737 1638 2800 decus,
1673 2738 1795 2795 Ma·
1853 2738 2183 2796 Florentiae
2215 2746 2375 2800 1734
2411 2755 2544 2794 cum
2566 2735 3055 2793 annotationibus
3071 2738 3134 2794 et

511 2822 819 2882 ximiliano
864 2823 1005 2899 imp.
1052 2845 1086 2882 a
1131 2825 1389 2883 consiliis
1434 2823 1493 2906 (†
1533 2835 1626 2886 12.
1661 2826 1796 2901 Maj.
1852 2826 2042 2902 ipsius
2077 2827 2233 2896 vita3
2266 2827 2335 2883 de
2365 2825 2738 2883 cardinalatu
2759 2824 2822 2888 ll,
2858 2835 2892 2887 3
2916 2823 3133 2882 minori

527 2907 738 2993 1515),
794 2913 1160 2987 scripserunt
1207 2916 1445 2988 praeter
1492 2914 1610 2973 alia
1640 2933 1797 2973 com·
1853 2916 2148 2990 elegantia
2196 2914 2532 2989 conscripti,
2584 2931 2727 2972 cura
2787 2913 2987 2972 fratris
3038 2912 3132 2971 sui

519 3001 809 3060 mentatia
840 2996 1115 3081 (inedita)
1160 3003 1222 3060 in
1269 3003 1616 3079 magistrum
1662 3023 1794 3063 sen·
1852 3005 1998 3063 editi
2036 3015 2221 3069 1500,
2255 3005 2343 3063 ed.
2375 3023 2528 3072 rara,
2561 3003 2758 3077 inquo
2778 3021 2870 3078 op.
2903 3002 3133 3061 erudite

515 3090 860 3151 tentiamm.
911 3123 997 3133 —
1029 3091 1497 3151 Franciscus
1544 3093 1793 3152 Lavel·
1853 3094 1978 3170 agit
2029 3090 2290 3175 (proprie
2340 3091 2574 3151 nonnisi
2620 3094 2658 3151 l.
2694 3089 2775 3172 3.)
2826 3091 2898 3149 de
2943 3090 3132 3150 cardi-

521 3178 641 3236 lus
674 3174 772 3258 (de
803 3176 1084 3262 Lavello),
1117 3181 1426 3257 episcopus
1456 3181 1798 3242 ravellensis
1851 3183 2080 3242 nalium
2098 3179 3129 3258 dotibus‚juribus,praerogativisss)

519 3268 582 3325 in
613 3286 795 3345 regno
827 3270 1205 3344 neapolitano
1241 3267 1483 3351 (1506),
1528 3272 1625 3330 cui
1669 3272 1795 3331 sedi
1854 3275 1960 3330 etc.
2024 3272 2158 3348 Ipse
2197 3272 2341 3330 dum
2392 3271 2635 3340 viveret,
2690 3289 2819 3329 cum
2854 3275 3009 3329 esset
3040 3269 3133 3328 vir

517 3356 757 3416 videtur
788 3377 919 3416 mox
953 3360 1347 3419 renunciasse.
1400 3361 1551 3418 Eum
1584 3361 1797 3420 Gams
1852 3361 2242 3430 cultissimus,
2279 3381 2313 3419 a
2343 3361 2483 3419 viris
2503 3358 2806 3419 nobilibus
2837 3363 2897 3417 et
2928 3359 3131 3418 litera·

512 3446 979 3507 carthusianum
1025 3448 1185 3506 dicit.
1233 3483 1317 3492 —-
1362 3449 1798 3510 Guilelmus
1852 3451 1931 3509 tis
1963 3450 2352 3521 invisebatur,
2405 3468 2556 3524 quos
2589 3449 2998 3508 liberalissime
3030 3467 3129 3507 ex·

516 3536 569 3594 le
600 3535 840 3596 Franc
886 3538 1090 3596 Gallus
1136 3539 1198 3596 in
1244 3538 1540 3597 academia
1571 3539 1794 3616 ganda·
1852 3539 2107 3615 cipiebat
2139 3541 2198 3598 in
2233 3558 2341 3597 sna
2370 3535 2588 3619 villa⁴).

517 3624 682 3685 vensi
702 3623 1077 3707 professor(†
1100 3638 1123 3688 1
1144 3625 1315 3708 502),
1353 3661 1431 3671 -
1467 3628 1690 3687 Jacob
1708 3649 1751 3694 u
1768 3647 1794 3687 s

516 3715 1017 3774 Reimolanus
1065 3721 1367 3792 (corrupte
1411 3717 1793 3786 Kemolanus,
1944 3729 2087 3781 530.
2124 3719 2204 3775 De
2254 3717 2622 3793 argumentis
2682 3717 3022 3789 specialibus
3069 3720 3131 3774 et

510 3801 1091 3885 vulgoKymolanus)
1108 3803 1794 3887 Gandavensis(†1508).
1852 3807 2107 3882 primum
2153 3807 2395 3881 quidem
2446 3806 2592 3876 deb.
2627 3807 2858 3865 Mariae
2901 3805 2963 3863 V.
2997 3823 3129 3863 con-

515 3928 601 3937 —
634 3894 692 3950 M
712 3895 1086 3953 atthaeus
1120 3895 1463 3953 Chariton
1515 3891 1791 3978 (Canton)
1850 3898 2098 3969 ceptione
2129 3901 2379 3972 egerunt
2414 3896 2573 3954 haud
2605 3895 2795 3971 pauci.
2830 3896 2973 3970 Ejus
3005 3895 3128 3952 illi·

509 3983 735 4052 Gallus,
771 3981 1069 4041 Albiensis
1102 3979 1167 4064 (†
1206 3980 1419 4065 1506),
1466 3986 1636 4061 cujus
1669 3986 1795 4044 lau-

511 4071 736 4129 dantur
767 4072 948 4130 etiam
981 4072 1261 4132 lectiones
1299 4077 1359 4131 et
1389 4075 1701 4149 praeconia
1732 4076 1789 4132 in
1928 4107 1965 4162 η
1993 4104 2076 4159 υς·
2105 4103 2397 4157 Aschbach
2424 4103 2461 4166 ι’
2488 4107 2609 4159 570·

511 4180 556 4218 s.
592 4160 975 4235 scripturam.
1009 4196 1090 4206 ——
1128 4163 1406 4222 Petrus
1456 4163 1795 4223 Swicker
1925 4165 1964 4244 ιί)
1994 4173 2132 4244 Ejus
2195 4175 2358 4244 pater
2418 4172 2798 4227 Antonius
2861 4189 3126 4254 magnam

515 4250 943 4325 herbipolensis
976 4251 1161 4312 lector
1179 4253 1243 4311 in
1262 4253 1567 4329 gymnasio
1599 4252 1790 4331 ingol-
1849 4245 1957 4300 Sibi
1985 4246 2231 4300 nominis
2271 4246 2482 4298 famam
2519 4243 2875 4315 Comparavst
2900 4245 3129 4312 sumque

509 4337 794 4398 stadiensi
831 4335 891 4422 (†
933 4351 1004 4404 15
1025 4352 1041 4403 ¹
1060 4339 1142 4410 4).
1175 4376 1263 4384 —
1294 4341 1512 4400 Eodem
1528 4345 1793 4417 tempore
1849 4318 2112 4400 princeps
2138 4317 2365 4386 collegii
2391 4314 2689 4371 duodecim
2713 4316 2918 4370 virum.
2945 4314 3130 4386 Scrip-

1105 4413 1108 4418 2
1848 4393 1924 4443 sit
1949 4393 2141 4443 autem
2187 4392 2385 4443 contra
2423 4388 2589 4442 Laur.
2618 4386 2835 4441 Valla
2887 4404 2989 4456 pro
3033 4386 3129 4440 do-

513 4429 715 4488 flomst
793 4429 1179 4532 walterus·
1239 4431 1426 4507 Stay
1444 4449 1529 4489 ΠΒ
1594 4431 1790 4533 ΒΘῙΒῩ·
1849 4462 2080 4514 natione
2126 4459 2489 4515 Constantini
2523 4460 2578 4524 1.,
2623 4475 2793 4528 quem
2837 4456 3130 4527 inscripsit

512 4519 736 4578 Horum
802 4524 1222 4580 commentaria
1264 4520 1360 4578 vel
1405 4538 1582 4595 opera
1628 4524 1792 4596 typis
1848 4536 2136 4587 Antivalla.
2164 4531 2389 4586 Floruit
2411 4532 2591 4585 altera
2619 4547 2724 4585 sec.
2754 4530 2871 4584 XV.
2900 4533 3079 4599 parte.

511 4623 631 4667 non
680 4609 927 4669 fuerunt
975 4611 1238 4686 vulgata.
1270 4642 1358 4652 —-
1393 4608 1510 4667 Alii
1555 4614 1793 4670 senten·
1922 4611 1968 4685 ⁸),
1991 4603 2265 4686 Claudius
2296 4603 2525 4685 .M²?·¹'ffi¹¹
2573 4601 2866 4685 pacord
2890 4678 2901 4689 ⁶
2929 4601 3130 4689 doctor

1850 4692 2178 4745 parisiensis
2206 4679 2433 4746 scripsit
2457 4674 2649 4729 Traite
2689 4677 2751 4728 de
2775 4677 3017 4741 l’orayme
3040 4674 3129 4726 dee

1848 4750 2154 4803 cardinatis·
2179 4750 2238 4800 et
2263 4747 2359 4801 des
2385 4748 2585 4817 legate,
2617 4745 2846 4799 Parisiis
2874 4748 3030 4801 1542.

591 4819 605 4852 ¹
655 4815 738 4870 Cf.
766 4814 1078 4868 Pirminius
1101 4815 1350 4869 Lindner
1371 4813 1521 4869 OSB.
1549 4814 1794 4870 Familia
1921 4823 1963 4880 4’)
1991 4818 2073 4872 Cf.
2102 4819 2426 4872 Tiraboschi
2468 4818 2651 4872 Storia
2693 4816 2845 4870 della
2881 4816 3130 4870 Lettera·

505 4903 553 4938 s.
630 4886 805 4939 uirini
827 4888 889 4939 in
917 4886 1228 4954 Tegernsee
1255 4905 1309 4957 p.
1335 4893 1422 4942 91.
1851 4883 1978 4942 tura
2005 4889 2129 4943 ital.
2157 4909 2211 4960 p.
2240 4895 2274 4945 6
2300 4890 2336 4944 1.
2365 4894 2396 4945 2
2425 4907 2469 4944 c.
2500 4894 2527 4946 1
2559 4908 2613 4943 n.
2641 4892 2711 4945 26
2738 4905 2778 4941 s.
