<?xml version="1.0" encoding="UTF-8"?>
<!DOCTYPE html PUBLIC "-//W3C//DTD XHTML 1.0 Transitional//EN"
    "http://www.w3.org/TR/xhtml1/DTD/xhtml1-transitional.dtd">
<html xmlns="http://www.w3.org/1999/xhtml" xml:lang="en" lang="en">
 <head>
  <title>
</title>
<meta http-equiv="Content-Type" content="text/html;charset=utf-8" />
  <meta name='ocr-system' content='tesseract 3.04.00' />
  <meta name='ocr-capabilities' content='ocr_page ocr_carea ocr_par ocr_line ocrx_word'/>
</head>
<body>
  <div class='ocr_page' id='page_1' title='image "./nomenclatorlite10hurtgoog_0302.png"; bbox 0 0 3475 5364; ppageno 0'>
   <div class='ocr_carea' id='block_1_1' title="bbox 690 283 3347 360">
    <p class='ocr_par' dir='ltr' id='par_1_1' title="bbox 690 283 3347 360">
     <span class='ocr_line' id='line_1_1' title="bbox 690 283 3347 360; baseline -0.005 -14"><span class='ocrx_word' id='word_1_1' title='bbox 690 307 813 360; x_wconf 86' lang='lat'><strong>539</strong></span> <span class='ocrx_word' id='word_1_2' title='bbox 1035 291 1406 345; x_wconf 75' lang='lat'>1326—1350.</span> <span class='ocrx_word' id='word_1_3' title='bbox 1435 287 1627 342; x_wconf 88' lang='lat' dir='ltr'><strong>Theol.</strong></span> <span class='ocrx_word' id='word_1_4' title='bbox 1655 285 1829 341; x_wconf 86' lang='lat' dir='ltr'><strong>schol.</strong></span> <span class='ocrx_word' id='word_1_5' title='bbox 1858 284 1918 338; x_wconf 91' lang='lat' dir='ltr'><strong>in</strong></span> <span class='ocrx_word' id='word_1_6' title='bbox 1947 287 2010 338; x_wconf 85' lang='grc' dir='ltr'>Ο.</span> <span class='ocrx_word' id='word_1_7' title='bbox 2039 284 2128 340; x_wconf 91' lang='lat' dir='ltr'><strong>Pr.</strong></span> <span class='ocrx_word' id='word_1_8' title='bbox 2157 284 2418 348; x_wconf 88' lang='lat' dir='ltr'><strong>Holcoth‚</strong></span> <span class='ocrx_word' id='word_1_9' title='bbox 2449 283 2609 337; x_wconf 87' lang='lat' dir='ltr'><strong>Bern.</strong></span> <span class='ocrx_word' id='word_1_10' title='bbox 2639 284 2964 339; x_wconf 80' lang='lat' dir='ltr'><strong>Lombardi.</strong></span> <span class='ocrx_word' id='word_1_11' title='bbox 3219 302 3347 352; x_wconf 80' lang='lat'><strong>540</strong></span> 
     </span>
    </p>
   </div>
   <div class='ocr_carea' id='block_1_2' title="bbox 683 468 3376 4648">
    <p class='ocr_par' dir='ltr' id='par_1_2' title="bbox 687 468 3348 1259">
     <span class='ocr_line' id='line_1_2' title="bbox 687 468 3347 548; baseline -0.004 -13"><span class='ocrx_word' id='word_1_12' title='bbox 687 477 779 534; x_wconf 83' lang='lat' dir='ltr'><strong>vis</strong></span> <span class='ocrx_word' id='word_1_13' title='bbox 813 478 1040 534; x_wconf 82' lang='lat' dir='ltr'><strong>asserat</strong></span> <span class='ocrx_word' id='word_1_14' title='bbox 1090 492 1150 532; x_wconf 91' lang='lat' dir='ltr'><strong>se</strong></span> <span class='ocrx_word' id='word_1_15' title='bbox 1198 473 1398 531; x_wconf 91' lang='lat' dir='ltr'><strong>omnia</strong></span> <span class='ocrx_word' id='word_1_16' title='bbox 1429 473 1542 532; x_wconf 89' lang='lat' dir='ltr'><strong>sub</strong></span> <span class='ocrx_word' id='word_1_17' title='bbox 1597 472 1800 548; x_wconf 86' lang='lat' dir='ltr'><strong>sigillo</strong></span> <span class='ocrx_word' id='word_1_18' title='bbox 1835 490 1967 530; x_wconf 88' lang='lat' dir='ltr'><strong>con·</strong></span> <span class='ocrx_word' id='word_1_19' title='bbox 2027 471 2225 530; x_wconf 86' lang='lat' dir='ltr'><strong>eximii</strong></span> <span class='ocrx_word' id='word_1_20' title='bbox 2267 471 2332 528; x_wconf 89' lang='lat' dir='ltr'><strong>D.</strong></span> <span class='ocrx_word' id='word_1_21' title='bbox 2380 471 2530 547; x_wconf 82' lang='lat' dir='ltr'><strong>Mag.</strong></span> <span class='ocrx_word' id='word_1_22' title='bbox 2581 471 2645 528; x_wconf 86' lang='lat' dir='ltr'><strong>R.</strong></span> <span class='ocrx_word' id='word_1_23' title='bbox 2697 470 2993 529; x_wconf 80' lang='lat' dir='ltr'><strong>Holkot</strong></span> <span class='ocrx_word' id='word_1_24' title='bbox 3041 488 3097 527; x_wconf 87' lang='lat' dir='ltr'><strong>s.</strong></span> <span class='ocrx_word' id='word_1_25' title='bbox 3159 468 3347 527; x_wconf 80' lang='lat' dir='ltr'><strong>theol.</strong></span> 
     </span>
     <span class='ocr_line' id='line_1_3' title="bbox 687 558 3348 637; baseline -0.003 -15"><span class='ocrx_word' id='word_1_26' title='bbox 687 565 962 624; x_wconf 88' lang='lat' dir='ltr'><strong>fessionis</strong></span> <span class='ocrx_word' id='word_1_27' title='bbox 983 563 1150 632; x_wconf 88' lang='lat' dir='ltr'><strong>scire,</strong></span> <span class='ocrx_word' id='word_1_28' title='bbox 1173 581 1306 621; x_wconf 90' lang='lat' dir='ltr'><strong>cum</strong></span> <span class='ocrx_word' id='word_1_29' title='bbox 1327 563 1455 621; x_wconf 89' lang='lat' dir='ltr'><strong>sola</strong></span> <span class='ocrx_word' id='word_1_30' title='bbox 1473 565 1717 637; x_wconf 86' lang='lat' dir='ltr'><strong>peccata</strong></span> <span class='ocrx_word' id='word_1_31' title='bbox 1735 560 1970 631; x_wconf 86' lang='lat' dir='ltr'><strong>cadant,</strong></span> <span class='ocrx_word' id='word_1_32' title='bbox 2026 560 2403 619; x_wconf 89' lang='lat' dir='ltr'><strong>moralissimi</strong></span> <span class='ocrx_word' id='word_1_33' title='bbox 2436 564 2498 619; x_wconf 92' lang='lat' dir='ltr'><strong>et</strong></span> <span class='ocrx_word' id='word_1_34' title='bbox 2527 559 2854 618; x_wconf 78' lang='lat' dir='ltr'><strong>doctissimi</strong></span> <span class='ocrx_word' id='word_1_35' title='bbox 2876 558 3263 635; x_wconf 86' lang='lat' dir='ltr'><strong>professoris</strong></span> <span class='ocrx_word' id='word_1_36' title='bbox 3285 559 3348 616; x_wconf 89' lang='grc' dir='ltr'>Ο.</span> 
     </span>
     <span class='ocr_line' id='line_1_4' title="bbox 689 649 3346 730; baseline -0.002 -17"><span class='ocrx_word' id='word_1_37' title='bbox 689 656 800 713; x_wconf 89' lang='lat' dir='ltr'><strong>sub</strong></span> <span class='ocrx_word' id='word_1_38' title='bbox 835 653 1035 730; x_wconf 91' lang='lat' dir='ltr'><strong>sigillo</strong></span> <span class='ocrx_word' id='word_1_39' title='bbox 1081 651 1479 721; x_wconf 87' lang='lat' dir='ltr'><strong>consessionis,</strong></span> <span class='ocrx_word' id='word_1_40' title='bbox 1528 671 1664 709; x_wconf 88' lang='lat' dir='ltr'><strong>nam</strong></span> <span class='ocrx_word' id='word_1_41' title='bbox 1714 651 1809 708; x_wconf 87' lang='lat' dir='ltr'><strong>hic</strong></span> <span class='ocrx_word' id='word_1_42' title='bbox 1852 667 1971 707; x_wconf 91' lang='lat' dir='ltr'><strong>non</strong></span> <span class='ocrx_word' id='word_1_43' title='bbox 2027 650 2133 708; x_wconf 87' lang='lat' dir='ltr'><strong>FF.</strong></span> <span class='ocrx_word' id='word_1_44' title='bbox 2152 649 2555 724; x_wconf 87' lang='lat' dir='ltr'><strong>Praed.supra</strong></span> <span class='ocrx_word' id='word_1_45' title='bbox 2573 649 2941 724; x_wconf 79' lang='lat' dir='ltr'><strong>Sapientiam</strong></span> <span class='ocrx_word' id='word_1_46' title='bbox 2963 649 3346 709; x_wconf 82' lang='lat' dir='ltr'><strong>Salomonis.</strong></span> 
     </span>
     <span class='ocr_line' id='line_1_5' title="bbox 689 738 3348 821; baseline -0.002 -20"><span class='ocrx_word' id='word_1_47' title='bbox 689 744 786 821; x_wconf 84' lang='lat' dir='ltr'><strong>agi</strong></span> <span class='ocrx_word' id='word_1_48' title='bbox 837 743 908 801; x_wconf 91' lang='lat' dir='ltr'><strong>de</strong></span> <span class='ocrx_word' id='word_1_49' title='bbox 958 744 1213 817; x_wconf 86' lang='lat' dir='ltr'><strong>peccate,</strong></span> <span class='ocrx_word' id='word_1_50' title='bbox 1266 740 1366 799; x_wconf 91' lang='lat' dir='ltr'><strong>sed</strong></span> <span class='ocrx_word' id='word_1_51' title='bbox 1410 741 1614 815; x_wconf 90' lang='lat' dir='ltr'><strong>potius</strong></span> <span class='ocrx_word' id='word_1_52' title='bbox 1659 739 1731 798; x_wconf 94' lang='lat' dir='ltr'><strong>de</strong></span> <span class='ocrx_word' id='word_1_53' title='bbox 1780 739 1971 797; x_wconf 85' lang='lat' dir='ltr'><strong>mani-</strong></span> <span class='ocrx_word' id='word_1_54' title='bbox 2029 757 2204 813; x_wconf 84' lang='lat' dir='ltr'><strong>quam</strong></span> <span class='ocrx_word' id='word_1_55' title='bbox 2269 738 2441 797; x_wconf 90' lang='lat' dir='ltr'><strong>Philo</strong></span> <span class='ocrx_word' id='word_1_56' title='bbox 2524 738 2988 797; x_wconf 86' lang='lat' dir='ltr'><strong>dissertissimus</strong></span> <span class='ocrx_word' id='word_1_57' title='bbox 3057 738 3348 813; x_wconf 82' lang='lat' dir='ltr'><strong>collegit.</strong></span> 
     </span>
     <span class='ocr_line' id='line_1_6' title="bbox 687 827 3348 904; baseline -0.003 -13"><span class='ocrx_word' id='word_1_58' title='bbox 687 832 959 891; x_wconf 76' lang='lat' dir='ltr'><strong>festanda</strong></span> <span class='ocrx_word' id='word_1_59' title='bbox 977 830 1455 904; x_wconf 88' lang='lat' dir='ltr'><strong>illustrandaque</strong></span> <span class='ocrx_word' id='word_1_60' title='bbox 1475 830 1741 889; x_wconf 80' lang='lat' dir='ltr'><strong>veritate.</strong></span> <span class='ocrx_word' id='word_1_61' title='bbox 1777 827 1972 902; x_wconf 88' lang='lat' dir='ltr'><strong>Scrip-</strong></span> <span class='ocrx_word' id='word_1_62' title='bbox 2027 828 2338 885; x_wconf 88' lang='lat' dir='ltr'><strong>continens</strong></span> <span class='ocrx_word' id='word_1_63' title='bbox 2369 828 2669 903; x_wconf 80' lang='lat' dir='ltr'><strong>postillam</strong></span> <span class='ocrx_word' id='word_1_64' title='bbox 2702 831 2977 887; x_wconf 86' lang='lat' dir='ltr'><strong>accurate</strong></span> <span class='ocrx_word' id='word_1_65' title='bbox 2997 845 3068 885; x_wconf 84' lang='lat' dir='ltr'><strong>ac</strong></span> <span class='ocrx_word' id='word_1_66' title='bbox 3095 845 3348 884; x_wconf 85' lang='lat' dir='ltr'><strong>summa</strong></span> 
     </span>
     <span class='ocr_line' id='line_1_7' title="bbox 689 916 3348 995; baseline -0.003 -14"><span class='ocrx_word' id='word_1_67' title='bbox 689 923 770 981; x_wconf 89' lang='lat' dir='ltr'><strong>sit</strong></span> <span class='ocrx_word' id='word_1_68' title='bbox 800 922 955 979; x_wconf 89' lang='lat' dir='ltr'><strong>idem</strong></span> <span class='ocrx_word' id='word_1_69' title='bbox 991 920 1203 977; x_wconf 87' lang='lat' dir='ltr'><strong>Petrus</strong></span> <span class='ocrx_word' id='word_1_70' title='bbox 1236 919 1639 995; x_wconf 79' lang='lat' dir='ltr'><strong>copiosissime</strong></span> <span class='ocrx_word' id='word_1_71' title='bbox 1653 919 1829 994; x_wconf 77' lang='lat' dir='ltr'><strong>juxta</strong></span> <span class='ocrx_word' id='word_1_72' title='bbox 1847 935 1969 975; x_wconf 90' lang='lat' dir='ltr'><strong>om·</strong></span> <span class='ocrx_word' id='word_1_73' title='bbox 2029 916 2435 975; x_wconf 88' lang='lat' dir='ltr'><strong>enucleatione</strong></span> <span class='ocrx_word' id='word_1_74' title='bbox 2456 916 2813 975; x_wconf 76' lang='lat' dir='ltr'><strong>elaboratam</strong></span> <span class='ocrx_word' id='word_1_75' title='bbox 2835 936 2971 976; x_wconf 90' lang='lat' dir='ltr'><strong>cum</strong></span> <span class='ocrx_word' id='word_1_76' title='bbox 2995 916 3348 992; x_wconf 80' lang='lat' dir='ltr'><strong>singulari·</strong></span> 
     </span>
     <span class='ocr_line' id='line_1_8' title="bbox 690 1006 3347 1081; baseline -0.003 -11"><span class='ocrx_word' id='word_1_77' title='bbox 690 1030 794 1070; x_wconf 87' lang='lat' dir='ltr'><strong>nes</strong></span> <span class='ocrx_word' id='word_1_78' title='bbox 827 1027 1033 1069; x_wconf 83' lang='lat' dir='ltr'><strong>sensus</strong></span> <span class='ocrx_word' id='word_1_79' title='bbox 1066 1008 1486 1067; x_wconf 87' lang='lat' dir='ltr'><strong>commentaria</strong></span> <span class='ocrx_word' id='word_1_80' title='bbox 1535 1008 1597 1065; x_wconf 91' lang='lat' dir='ltr'><strong>in</strong></span> <span class='ocrx_word' id='word_1_81' title='bbox 1628 1011 1819 1065; x_wconf 83' lang='lat' dir='ltr'><strong>totam</strong></span> <span class='ocrx_word' id='word_1_82' title='bbox 1850 1006 1972 1064; x_wconf 85' lang='lat' dir='ltr'><strong>fere</strong></span> <span class='ocrx_word' id='word_1_83' title='bbox 2030 1006 2144 1064; x_wconf 91' lang='lat' dir='ltr'><strong>bus</strong></span> <span class='ocrx_word' id='word_1_84' title='bbox 2177 1026 2271 1081; x_wconf 92' lang='lat' dir='ltr'><strong>qq.</strong></span> <span class='ocrx_word' id='word_1_85' title='bbox 2309 1007 2379 1063; x_wconf 81' lang='lat' dir='ltr'><strong>ad</strong></span> <span class='ocrx_word' id='word_1_86' title='bbox 2415 1024 2646 1064; x_wconf 91' lang='lat' dir='ltr'><strong>omnem</strong></span> <span class='ocrx_word' id='word_1_87' title='bbox 2668 1008 2982 1065; x_wconf 82' lang='lat' dir='ltr'><strong>materiam</strong></span> <span class='ocrx_word' id='word_1_88' title='bbox 3002 1010 3144 1063; x_wconf 82' lang='lat' dir='ltr'><strong>tam</strong></span> <span class='ocrx_word' id='word_1_89' title='bbox 3171 1006 3347 1063; x_wconf 85' lang='lat' dir='ltr'><strong>scho-</strong></span> 
     </span>
     <span class='ocr_line' id='line_1_9' title="bbox 690 1094 3344 1175; baseline -0.003 -16"><span class='ocrx_word' id='word_1_90' title='bbox 690 1120 733 1159; x_wconf 79' lang='lat'><strong>8.</strong></span> <span class='ocrx_word' id='word_1_91' title='bbox 768 1100 1151 1175; x_wconf 77' lang='lat' dir='ltr'><strong>scripturam,</strong></span> <span class='ocrx_word' id='word_1_92' title='bbox 1186 1116 1337 1173; x_wconf 90' lang='lat' dir='ltr'><strong>quae</strong></span> <span class='ocrx_word' id='word_1_93' title='bbox 1361 1100 1711 1155; x_wconf 88' lang='lat' dir='ltr'><strong>manserunt</strong></span> <span class='ocrx_word' id='word_1_94' title='bbox 1729 1094 1970 1170; x_wconf 80' lang='lat' dir='ltr'><strong>inedita.</strong></span> <span class='ocrx_word' id='word_1_95' title='bbox 2028 1095 2299 1154; x_wconf 85' lang='lat' dir='ltr'><strong>lasticam</strong></span> <span class='ocrx_word' id='word_1_96' title='bbox 2329 1100 2509 1171; x_wconf 86' lang='lat' dir='ltr'><strong>atque</strong></span> <span class='ocrx_word' id='word_1_97' title='bbox 2541 1095 2983 1171; x_wconf 78' lang='lat' dir='ltr'><strong>disputabilem,</strong></span> <span class='ocrx_word' id='word_1_98' title='bbox 3030 1114 3238 1170; x_wconf 84' lang='lat' dir='ltr'><strong>quam</strong></span> <span class='ocrx_word' id='word_1_99' title='bbox 3271 1094 3344 1152; x_wconf 87' lang='lat' dir='ltr'><strong>ad</strong></span> 
     </span>
     <span class='ocr_line' id='line_1_10' title="bbox 2027 1184 3343 1259; baseline 0 -18"><span class='ocrx_word' id='word_1_100' title='bbox 2027 1185 2317 1259; x_wconf 89' lang='lat' dir='ltr'><strong>populum</strong></span> <span class='ocrx_word' id='word_1_101' title='bbox 2350 1184 2803 1258; x_wconf 87' lang='lat' dir='ltr'><strong>praedicabilem</strong></span> <span class='ocrx_word' id='word_1_102' title='bbox 2822 1184 3218 1253; x_wconf 73' lang='lat' dir='ltr'><strong>utilissimis,</strong></span> <span class='ocrx_word' id='word_1_103' title='bbox 3253 1187 3343 1241; x_wconf 64' lang='lat' dir='ltr'><strong>ate</strong></span> 
     </span>
    </p>

    <p class='ocr_par' dir='ltr' id='par_1_3' title="bbox 683 1274 3376 4543">
     <span class='ocr_line' id='line_1_11' title="bbox 781 1274 3340 1348; baseline -0.001 -15"><span class='ocrx_word' id='word_1_104' title='bbox 781 1287 924 1341; x_wconf 81' lang='lat'>277.</span> <span class='ocrx_word' id='word_1_105' title='bbox 974 1276 1361 1333; x_wconf 87' lang='lat' dir='ltr'><strong>Robertus</strong></span> <span class='ocrx_word' id='word_1_106' title='bbox 1412 1274 1741 1334; x_wconf 88' lang='lat' dir='ltr'><strong>Holcoth</strong></span> <span class='ocrx_word' id='word_1_107' title='bbox 1792 1274 1971 1332; x_wconf 87' lang='lat' dir='ltr'><strong>Nort-</strong></span> <span class='ocrx_word' id='word_1_108' title='bbox 2029 1292 2144 1348; x_wconf 90' lang='lat' dir='ltr'><strong>que</strong></span> <span class='ocrx_word' id='word_1_109' title='bbox 2177 1274 2469 1331; x_wconf 83' lang='lat' dir='ltr'><strong>solemnes</strong></span> <span class='ocrx_word' id='word_1_110' title='bbox 2502 1292 2623 1331; x_wconf 91' lang='lat' dir='ltr'><strong>non</strong></span> <span class='ocrx_word' id='word_1_111' title='bbox 2654 1274 2830 1333; x_wconf 86' lang='lat' dir='ltr'><strong>modo</strong></span> <span class='ocrx_word' id='word_1_112' title='bbox 2865 1274 3234 1333; x_wconf 79' lang='lat' dir='ltr'><strong>divinarum</strong></span> <span class='ocrx_word' id='word_1_113' title='bbox 3269 1274 3340 1330; x_wconf 75' lang='lat' dir='ltr'><strong>li-</strong></span> 
     </span>
     <span class='ocr_line' id='line_1_12' title="bbox 690 1350 3338 1443; baseline -0.003 -17"><span class='ocrx_word' id='word_1_114' title='bbox 690 1366 1064 1443; x_wconf 89' lang='lat' dir='ltr'><strong>hamptoniae</strong></span> <span class='ocrx_word' id='word_1_115' title='bbox 1115 1365 1176 1422; x_wconf 93' lang='lat' dir='ltr'><strong>in</strong></span> <span class='ocrx_word' id='word_1_116' title='bbox 1210 1364 1428 1441; x_wconf 86' lang='lat' dir='ltr'><strong>Anglia</strong></span> <span class='ocrx_word' id='word_1_117' title='bbox 1478 1367 1673 1432; x_wconf 88' lang='lat' dir='ltr'><strong>natus,</strong></span> <span class='ocrx_word' id='word_1_118' title='bbox 1727 1350 1792 1421; x_wconf 81' lang='lat' dir='ltr'><strong>in</strong></span> <span class='ocrx_word' id='word_1_119' title='bbox 1837 1364 1971 1421; x_wconf 90' lang='lat' dir='ltr'><strong>uni·</strong></span> <span class='ocrx_word' id='word_1_120' title='bbox 2027 1366 2308 1430; x_wconf 90' lang='lat' dir='ltr'><strong>terarum,</strong></span> <span class='ocrx_word' id='word_1_121' title='bbox 2360 1382 2560 1421; x_wconf 84' lang='lat' dir='ltr'><strong>verum</strong></span> <span class='ocrx_word' id='word_1_122' title='bbox 2609 1368 2670 1421; x_wconf 91' lang='lat' dir='ltr'><strong>et</strong></span> <span class='ocrx_word' id='word_1_123' title='bbox 2698 1363 3220 1438; x_wconf 85' lang='lat' dir='ltr'><strong>philosophorum</strong></span> <span class='ocrx_word' id='word_1_124' title='bbox 3252 1366 3338 1419; x_wconf 86' lang='lat' dir='ltr'><strong>at-</strong></span> 
     </span>
     <span class='ocr_line' id='line_1_13' title="bbox 688 1451 3335 1528; baseline -0.002 -12"><span class='ocrx_word' id='word_1_125' title='bbox 688 1458 967 1516; x_wconf 81' lang='lat' dir='ltr'><strong>versitate</strong></span> <span class='ocrx_word' id='word_1_126' title='bbox 999 1453 1304 1512; x_wconf 82' lang='lat' dir='ltr'><strong>oxoniensi</strong></span> <span class='ocrx_word' id='word_1_127' title='bbox 1335 1454 1430 1512; x_wconf 80' lang='lat' dir='ltr'><strong>vel</strong></span> <span class='ocrx_word' id='word_1_128' title='bbox 1451 1454 1651 1528; x_wconf 88' lang='lat' dir='ltr'><strong>potius</strong></span> <span class='ocrx_word' id='word_1_129' title='bbox 1675 1452 1971 1512; x_wconf 89' lang='lat' dir='ltr'><strong>cant-abri-</strong></span> <span class='ocrx_word' id='word_1_130' title='bbox 2027 1470 2143 1526; x_wconf 90' lang='lat' dir='ltr'><strong>que</strong></span> <span class='ocrx_word' id='word_1_131' title='bbox 2193 1451 2550 1511; x_wconf 86' lang='lat' dir='ltr'><strong>famosorum</strong></span> <span class='ocrx_word' id='word_1_132' title='bbox 2600 1458 2908 1527; x_wconf 68' lang='lat' dir='ltr'><strong>poetarum</strong></span> <span class='ocrx_word' id='word_1_133' title='bbox 2955 1452 3035 1510; x_wconf 89' lang='lat' dir='ltr'><strong>ad</strong></span> <span class='ocrx_word' id='word_1_134' title='bbox 3092 1452 3335 1510; x_wconf 79' lang='lat' dir='ltr'><strong>easdem</strong></span> 
     </span>
     <span class='ocr_line' id='line_1_14' title="bbox 691 1540 3335 1624; baseline -0.002 -21"><span class='ocrx_word' id='word_1_135' title='bbox 691 1546 884 1624; x_wconf 86' lang='lat' dir='ltr'><strong>giensi</strong></span> <span class='ocrx_word' id='word_1_136' title='bbox 916 1564 960 1603; x_wconf 91' lang='lat' dir='ltr'><strong>s.</strong></span> <span class='ocrx_word' id='word_1_137' title='bbox 993 1542 1321 1619; x_wconf 83' lang='lat' dir='ltr'><strong>theologiae</strong></span> <span class='ocrx_word' id='word_1_138' title='bbox 1353 1542 1651 1619; x_wconf 87' lang='lat' dir='ltr'><strong>magister,</strong></span> <span class='ocrx_word' id='word_1_139' title='bbox 1705 1542 1970 1601; x_wconf 83' lang='lat' dir='ltr'><strong>acerrimi</strong></span> <span class='ocrx_word' id='word_1_140' title='bbox 2029 1540 2303 1599; x_wconf 87' lang='lat' dir='ltr'><strong>materias</strong></span> <span class='ocrx_word' id='word_1_141' title='bbox 2352 1546 2748 1618; x_wconf 85' lang='lat' dir='ltr'><strong>congruenter</strong></span> <span class='ocrx_word' id='word_1_142' title='bbox 2796 1542 3141 1617; x_wconf 81' lang='lat' dir='ltr'><strong>applicatas</strong></span> <span class='ocrx_word' id='word_1_143' title='bbox 3195 1540 3335 1599; x_wconf 83' lang='lat' dir='ltr'><strong>alle·</strong></span> 
     </span>
     <span class='ocr_line' id='line_1_15' title="bbox 689 1631 3327 1711; baseline -0.001 -17"><span class='ocrx_word' id='word_1_144' title='bbox 689 1636 781 1694; x_wconf 80' lang='lat' dir='ltr'><strong>vir</strong></span> <span class='ocrx_word' id='word_1_145' title='bbox 811 1633 1052 1711; x_wconf 90' lang='lat' dir='ltr'><strong>ingenii,</strong></span> <span class='ocrx_word' id='word_1_146' title='bbox 1100 1633 1410 1690; x_wconf 78' lang='lat' dir='ltr'><strong>literarum</strong></span> <span class='ocrx_word' id='word_1_147' title='bbox 1455 1633 1847 1690; x_wconf 87' lang='lat' dir='ltr'><strong>humanarum</strong></span> <span class='ocrx_word' id='word_1_148' title='bbox 1881 1631 1971 1688; x_wconf 90' lang='lat' dir='ltr'><strong>di·</strong></span> <span class='ocrx_word' id='word_1_149' title='bbox 2028 1631 2315 1706; x_wconf 75' lang='lat' dir='ltr'><strong>gationes</strong></span> <span class='ocrx_word' id='word_1_150' title='bbox 2349 1631 2547 1706; x_wconf 89' lang='lat' dir='ltr'><strong>Hujus</strong></span> <span class='ocrx_word' id='word_1_151' title='bbox 2569 1649 2659 1706; x_wconf 91' lang='lat' dir='ltr'><strong>op.</strong></span> <span class='ocrx_word' id='word_1_152' title='bbox 2683 1631 3039 1705; x_wconf 88' lang='lat' dir='ltr'><strong>prodierunt</strong></span> <span class='ocrx_word' id='word_1_153' title='bbox 3061 1632 3232 1689; x_wconf 78' lang='lat' dir='ltr'><strong>circa</strong></span> <span class='ocrx_word' id='word_1_154' title='bbox 3254 1639 3327 1693; x_wconf 82' lang='lat'><strong>20</strong></span> 
     </span>
     <span class='ocr_line' id='line_1_16' title="bbox 691 1719 3330 1799; baseline -0.002 -16"><span class='ocrx_word' id='word_1_155' title='bbox 691 1725 1083 1796; x_wconf 85' lang='lat' dir='ltr'><strong>vinarumque</strong></span> <span class='ocrx_word' id='word_1_156' title='bbox 1132 1720 1626 1790; x_wconf 73' lang='lat' dir='ltr'><strong>studiosissimae,</strong></span> <span class='ocrx_word' id='word_1_157' title='bbox 1675 1720 1970 1796; x_wconf 89' lang='lat' dir='ltr'><strong>multique</strong></span> <span class='ocrx_word' id='word_1_158' title='bbox 2027 1719 2339 1788; x_wconf 81' lang='lat' dir='ltr'><strong>editiones,</strong></span> <span class='ocrx_word' id='word_1_159' title='bbox 2374 1720 2457 1777; x_wconf 89' lang='lat' dir='ltr'><strong>ita</strong></span> <span class='ocrx_word' id='word_1_160' title='bbox 2476 1719 2745 1778; x_wconf 85' lang='lat' dir='ltr'><strong>Venetiis</strong></span> <span class='ocrx_word' id='word_1_161' title='bbox 2774 1729 2973 1799; x_wconf 72' lang='lat'>14833</span> <span class='ocrx_word' id='word_1_162' title='bbox 3017 1730 3206 1783; x_wconf 88' lang='lat'>1500</span> <span class='ocrx_word' id='word_1_163' title='bbox 3229 1736 3330 1779; x_wconf 72' lang='lat' dir='ltr'><strong>etc</strong></span> 
     </span>
     <span class='ocr_line' id='line_1_17' title="bbox 691 1807 3328 1882; baseline -0.002 -11"><span class='ocrx_word' id='word_1_164' title='bbox 691 1812 926 1881; x_wconf 86' lang='lat' dir='ltr'><strong>laboris,</strong></span> <span class='ocrx_word' id='word_1_165' title='bbox 962 1810 1289 1869; x_wconf 87' lang='lat' dir='ltr'><strong>industriae</strong></span> <span class='ocrx_word' id='word_1_166' title='bbox 1335 1809 1697 1869; x_wconf 88' lang='lat' dir='ltr'><strong>incredibilis</strong></span> <span class='ocrx_word' id='word_1_167' title='bbox 1742 1812 1971 1868; x_wconf 88' lang='lat' dir='ltr'><strong>tautae-</strong></span> <span class='ocrx_word' id='word_1_168' title='bbox 2028 1807 2233 1882; x_wconf 87' lang='lat' dir='ltr'><strong>Spirae</strong></span> <span class='ocrx_word' id='word_1_169' title='bbox 2296 1816 2487 1877; x_wconf 77' lang='lat'>14833</span> <span class='ocrx_word' id='word_1_170' title='bbox 2548 1817 2744 1879; x_wconf 84' lang='lat'>1486;</span> <span class='ocrx_word' id='word_1_171' title='bbox 2807 1809 3064 1868; x_wconf 83' lang='lat' dir='ltr'><strong>Parisiis</strong></span> <span class='ocrx_word' id='word_1_172' title='bbox 3129 1818 3328 1875; x_wconf 76' lang='lat'><strong>1486,-</strong></span> 
     </span>
     <span class='ocr_line' id='line_1_18' title="bbox 690 1898 3326 1978; baseline -0.002 -17"><span class='ocrx_word' id='word_1_173' title='bbox 690 1920 805 1978; x_wconf 89' lang='lat' dir='ltr'><strong>que</strong></span> <span class='ocrx_word' id='word_1_174' title='bbox 837 1900 1130 1970; x_wconf 84' lang='lat' dir='ltr'><strong>lectionis,</strong></span> <span class='ocrx_word' id='word_1_175' title='bbox 1178 1903 1249 1958; x_wconf 87' lang='lat' dir='ltr'><strong>ut</strong></span> <span class='ocrx_word' id='word_1_176' title='bbox 1296 1899 1661 1973; x_wconf 87' lang='lat' dir='ltr'><strong>antiquiores</strong></span> <span class='ocrx_word' id='word_1_177' title='bbox 1708 1898 1971 1958; x_wconf 89' lang='lat' dir='ltr'><strong>melioris</strong></span> <span class='ocrx_word' id='word_1_178' title='bbox 2038 1906 2200 1960; x_wconf 97' lang='grc'>1489</span> <span class='ocrx_word' id='word_1_179' title='bbox 2236 1901 2376 1965; x_wconf 85' lang='lat' dir='ltr'><strong>etc.;</strong></span> <span class='ocrx_word' id='word_1_180' title='bbox 2425 1898 2688 1957; x_wconf 77' lang='lat' dir='ltr'><strong>Basileus</strong></span> <span class='ocrx_word' id='word_1_181' title='bbox 2733 1908 2894 1961; x_wconf 84' lang='lat'>1488</span> <span class='ocrx_word' id='word_1_182' title='bbox 2929 1901 3085 1963; x_wconf 77' lang='lat' dir='ltr'><strong>etc.;</strong></span> <span class='ocrx_word' id='word_1_183' title='bbox 3143 1898 3326 1956; x_wconf 83' lang='lat' dir='ltr'><strong>Reut·</strong></span> 
     </span>
     <span class='ocr_line' id='line_1_19' title="bbox 689 1986 3327 2066; baseline -0.002 -16"><span class='ocrx_word' id='word_1_184' title='bbox 689 1995 863 2050; x_wconf 85' lang='lat' dir='ltr'><strong>notae</strong></span> <span class='ocrx_word' id='word_1_185' title='bbox 893 1989 1204 2066; x_wconf 89' lang='lat' dir='ltr'><strong>theologos</strong></span> <span class='ocrx_word' id='word_1_186' title='bbox 1236 2007 1386 2064; x_wconf 89' lang='lat' dir='ltr'><strong>pene</strong></span> <span class='ocrx_word' id='word_1_187' title='bbox 1406 2006 1609 2047; x_wconf 86' lang='lat' dir='ltr'><strong>omnes</strong></span> <span class='ocrx_word' id='word_1_188' title='bbox 1641 1989 1967 2063; x_wconf 87' lang='lat' dir='ltr'><strong>perlustra·</strong></span> <span class='ocrx_word' id='word_1_189' title='bbox 2026 1986 2222 2063; x_wconf 90' lang='lat' dir='ltr'><strong>lingae</strong></span> <span class='ocrx_word' id='word_1_190' title='bbox 2251 1995 2448 2055; x_wconf 79' lang='lat'>14893</span> <span class='ocrx_word' id='word_1_191' title='bbox 2481 1986 2792 2064; x_wconf 86' lang='lat' dir='ltr'><strong>Hagenoae</strong></span> <span class='ocrx_word' id='word_1_192' title='bbox 2825 1997 2985 2049; x_wconf 81' lang='grc'>1494</span> <span class='ocrx_word' id='word_1_193' title='bbox 3006 2009 3021 2057; x_wconf 89' lang='grc'><strong>;</strong></span> <span class='ocrx_word' id='word_1_194' title='bbox 3042 1987 3327 2046; x_wconf 77' lang='lat' dir='ltr'><strong>Coloniae</strong></span> 
     </span>
     <span class='ocr_line' id='line_1_20' title="bbox 690 2075 3320 2154; baseline -0.002 -16"><span class='ocrx_word' id='word_1_195' title='bbox 690 2080 861 2147; x_wconf 82' lang='lat' dir='ltr'><strong>verit,</strong></span> <span class='ocrx_word' id='word_1_196' title='bbox 895 2081 1063 2154; x_wconf 88' lang='lat' dir='ltr'><strong>peste</strong></span> <span class='ocrx_word' id='word_1_197' title='bbox 1104 2078 1211 2136; x_wconf 91' lang='lat' dir='ltr'><strong>illa</strong></span> <span class='ocrx_word' id='word_1_198' title='bbox 1255 2078 1540 2146; x_wconf 87' lang='lat' dir='ltr'><strong>luctuosa,</strong></span> <span class='ocrx_word' id='word_1_199' title='bbox 1594 2095 1744 2151; x_wconf 88' lang='lat' dir='ltr'><strong>quae</strong></span> <span class='ocrx_word' id='word_1_200' title='bbox 1775 2080 1969 2135; x_wconf 88' lang='lat' dir='ltr'><strong>totum</strong></span> <span class='ocrx_word' id='word_1_201' title='bbox 2036 2086 2198 2137; x_wconf 92' lang='grc'>1689</span> <span class='ocrx_word' id='word_1_202' title='bbox 2219 2076 2369 2134; x_wconf 82' lang='lat' dir='ltr'><strong>sorte</strong></span> <span class='ocrx_word' id='word_1_203' title='bbox 2386 2076 2700 2135; x_wconf 88' lang='lat' dir='ltr'><strong>ultimaed.</strong></span> <span class='ocrx_word' id='word_1_204' title='bbox 2721 2076 2867 2134; x_wconf 86' lang='lat' dir='ltr'><strong>Cum</strong></span> <span class='ocrx_word' id='word_1_205' title='bbox 2883 2075 2973 2147; x_wconf 84' lang='lat' dir='ltr'><strong>ed.</strong></span> <span class='ocrx_word' id='word_1_206' title='bbox 2989 2076 3320 2134; x_wconf 83' lang='lat' dir='ltr'><strong>basileensi</strong></span> 
     </span>
     <span class='ocr_line' id='line_1_21' title="bbox 689 2165 3320 2240; baseline -0.002 -13"><span class='ocrx_word' id='word_1_207' title='bbox 689 2170 810 2227; x_wconf 85' lang='lat' dir='ltr'><strong>fere</strong></span> <span class='ocrx_word' id='word_1_208' title='bbox 842 2168 1040 2227; x_wconf 88' lang='lat' dir='ltr'><strong>orbem</strong></span> <span class='ocrx_word' id='word_1_209' title='bbox 1075 2167 1266 2225; x_wconf 89' lang='lat' dir='ltr'><strong>medio</strong></span> <span class='ocrx_word' id='word_1_210' title='bbox 1318 2166 1516 2225; x_wconf 90' lang='lat' dir='ltr'><strong>seculo</strong></span> <span class='ocrx_word' id='word_1_211' title='bbox 1548 2165 1695 2224; x_wconf 86' lang='lat' dir='ltr'>XIV.</span> <span class='ocrx_word' id='word_1_212' title='bbox 1732 2166 1970 2233; x_wconf 77' lang='lat' dir='ltr'><strong>invasit,</strong></span> <span class='ocrx_word' id='word_1_213' title='bbox 2036 2172 2195 2228; x_wconf 83' lang='lat'><strong>1586</strong></span> <span class='ocrx_word' id='word_1_214' title='bbox 2230 2165 2583 2240; x_wconf 89' lang='lat' dir='ltr'><strong>prodierunt</strong></span> <span class='ocrx_word' id='word_1_215' title='bbox 2627 2167 3105 2225; x_wconf 77' lang='lat' dir='ltr'><strong>moralizationes</strong></span> <span class='ocrx_word' id='word_1_216' title='bbox 3152 2167 3320 2223; x_wconf 74' lang='lat' dir='ltr'><strong>histo-</strong></span> 
     </span>
     <span class='ocr_line' id='line_1_22' title="bbox 693 2253 3314 2334; baseline -0.003 -17"><span class='ocrx_word' id='word_1_217' title='bbox 693 2261 998 2334; x_wconf 87' lang='lat' dir='ltr'><strong>correptus</strong></span> <span class='ocrx_word' id='word_1_218' title='bbox 1016 2256 1250 2314; x_wconf 87' lang='lat' dir='ltr'><strong>interiit</strong></span> <span class='ocrx_word' id='word_1_219' title='bbox 1264 2276 1311 2313; x_wconf 88' lang='lat' dir='ltr'><strong>a.</strong></span> <span class='ocrx_word' id='word_1_220' title='bbox 1340 2264 1523 2317; x_wconf 86' lang='lat'>1349.</span> <span class='ocrx_word' id='word_1_221' title='bbox 1546 2255 1814 2313; x_wconf 90' lang='lat' dir='ltr'><strong>Plurima</strong></span> <span class='ocrx_word' id='word_1_222' title='bbox 1831 2254 1972 2313; x_wconf 89' lang='lat' dir='ltr'><strong>reli·</strong></span> <span class='ocrx_word' id='word_1_223' title='bbox 2027 2257 2279 2330; x_wconf 83' lang='lat' dir='ltr'><strong>riarum,</strong></span> <span class='ocrx_word' id='word_1_224' title='bbox 2328 2258 2389 2312; x_wconf 91' lang='lat' dir='ltr'><strong>et</strong></span> <span class='ocrx_word' id='word_1_225' title='bbox 2433 2253 2612 2313; x_wconf 87' lang='lat' dir='ltr'><strong>etiam</strong></span> <span class='ocrx_word' id='word_1_226' title='bbox 2644 2273 2779 2313; x_wconf 90' lang='lat' dir='ltr'><strong>cum</strong></span> <span class='ocrx_word' id='word_1_227' title='bbox 2812 2255 3018 2313; x_wconf 83' lang='lat' dir='ltr'><strong>tabula</strong></span> <span class='ocrx_word' id='word_1_228' title='bbox 3053 2274 3238 2313; x_wconf 81' lang='lat' dir='ltr'><strong>aurea</strong></span> <span class='ocrx_word' id='word_1_229' title='bbox 3267 2254 3314 2310; x_wconf 86' lang='lat' dir='ltr'><strong>d.</strong></span> 
     </span>
     <span class='ocr_line' id='line_1_23' title="bbox 690 2344 3315 2425; baseline -0.002 -19"><span class='ocrx_word' id='word_1_230' title='bbox 690 2347 826 2424; x_wconf 89' lang='lat' dir='ltr'><strong>quit</strong></span> <span class='ocrx_word' id='word_1_231' title='bbox 857 2364 997 2405; x_wconf 89' lang='lat' dir='ltr'><strong>suae</strong></span> <span class='ocrx_word' id='word_1_232' title='bbox 1029 2344 1385 2404; x_wconf 88' lang='lat' dir='ltr'><strong>eruditionis</strong></span> <span class='ocrx_word' id='word_1_233' title='bbox 1408 2349 1825 2425; x_wconf 79' lang='lat' dir='ltr'><strong>monumenta:</strong></span> <span class='ocrx_word' id='word_1_234' title='bbox 1862 2344 1973 2401; x_wconf 82' lang='lat' dir='ltr'><strong>Su·</strong></span> <span class='ocrx_word' id='word_1_235' title='bbox 2028 2344 2280 2401; x_wconf 82' lang='lat' dir='ltr'><strong>Thomas</strong></span> <span class='ocrx_word' id='word_1_236' title='bbox 2331 2361 2511 2418; x_wconf 87' lang='lat' dir='ltr'><strong>super</strong></span> <span class='ocrx_word' id='word_1_237' title='bbox 2559 2344 2869 2420; x_wconf 81' lang='lat' dir='ltr'><strong>evangelia</strong></span> <span class='ocrx_word' id='word_1_238' title='bbox 2917 2348 2979 2401; x_wconf 88' lang='lat' dir='ltr'><strong>et</strong></span> <span class='ocrx_word' id='word_1_239' title='bbox 3025 2344 3315 2420; x_wconf 74' lang='lat' dir='ltr'><strong>epistolas</strong></span> 
     </span>
     <span class='ocr_line' id='line_1_24' title="bbox 683 2433 3310 2510; baseline -0.002 -16"><span class='ocrx_word' id='word_1_240' title='bbox 683 2455 796 2510; x_wconf 78' lang='lat' dir='ltr'><strong>per</strong></span> <span class='ocrx_word' id='word_1_241' title='bbox 876 2439 913 2495; x_wconf 77' lang='lat'>4</span> <span class='ocrx_word' id='word_1_242' title='bbox 978 2436 1034 2497; x_wconf 89' lang='lat' dir='ltr'><strong>ll.</strong></span> <span class='ocrx_word' id='word_1_243' title='bbox 1112 2436 1522 2492; x_wconf 73' lang='lat' dir='ltr'><strong>sententiarum</strong></span> <span class='ocrx_word' id='word_1_244' title='bbox 1598 2435 1972 2509; x_wconf 46' lang='lat' dir='ltr'><strong>quaestione&amp;</strong></span> <span class='ocrx_word' id='word_1_245' title='bbox 2029 2433 2215 2491; x_wconf 89' lang='lat' dir='ltr'><strong>totius</strong></span> <span class='ocrx_word' id='word_1_246' title='bbox 2260 2434 2401 2491; x_wconf 90' lang='lat' dir='ltr'><strong>anni</strong></span> <span class='ocrx_word' id='word_1_247' title='bbox 2447 2436 2692 2491; x_wconf 87' lang='lat' dir='ltr'><strong>curante</strong></span> <span class='ocrx_word' id='word_1_248' title='bbox 2737 2433 2948 2491; x_wconf 82' lang='lat' dir='ltr'><strong>Matth.</strong></span> <span class='ocrx_word' id='word_1_249' title='bbox 2982 2433 3310 2491; x_wconf 79' lang='lat' dir='ltr'><strong>Mantuano</strong></span> 
     </span>
     <span class='ocr_line' id='line_1_25' title="bbox 692 2521 3376 2601; baseline -0.001 -16"><span class='ocrx_word' id='word_1_250' title='bbox 692 2524 971 2601; x_wconf 84' lang='lat' dir='ltr'><strong>Lugduni</strong></span> <span class='ocrx_word' id='word_1_251' title='bbox 1017 2533 1172 2586; x_wconf 84' lang='grc'>1497</span> <span class='ocrx_word' id='word_1_252' title='bbox 1210 2524 1271 2580; x_wconf 90' lang='lat' dir='ltr'><strong>in</strong></span> <span class='ocrx_word' id='word_1_253' title='bbox 1303 2523 1375 2592; x_wconf 86' lang='lat' dir='ltr'><strong>f.;</strong></span> <span class='ocrx_word' id='word_1_254' title='bbox 1429 2531 1609 2585; x_wconf 89' lang='lat'>1510.</span> <span class='ocrx_word' id='word_1_255' title='bbox 1652 2531 1836 2591; x_wconf 82' lang='lat'><strong>1518,</strong></span> <span class='ocrx_word' id='word_1_256' title='bbox 1871 2522 1973 2580; x_wconf 90' lang='lat' dir='ltr'><strong>ad·</strong></span> <span class='ocrx_word' id='word_1_257' title='bbox 2030 2521 3309 2591; x_wconf 77' lang='lat' dir='ltr'><strong>O.Praed.‚Venetiis1505;Parisiisl507;</strong></span> <span class='ocrx_word' id='word_1_258' title='bbox 3375 2562 3376 2571; x_wconf 25' lang='grc' dir='ltr'><strong>κ</strong></span> 
     </span>
     <span class='ocr_line' id='line_1_26' title="bbox 686 2611 3304 2691; baseline -0.002 -18"><span class='ocrx_word' id='word_1_259' title='bbox 686 2616 878 2691; x_wconf 88' lang='lat' dir='ltr'><strong>jectae</strong></span> <span class='ocrx_word' id='word_1_260' title='bbox 928 2615 1072 2671; x_wconf 87' lang='lat' dir='ltr'><strong>sunt</strong></span> <span class='ocrx_word' id='word_1_261' title='bbox 1120 2613 1500 2688; x_wconf 69' lang='lat' dir='ltr'><strong>confer-entiae</strong></span> <span class='ocrx_word' id='word_1_262' title='bbox 1549 2629 1729 2687; x_wconf 86' lang='lat' dir='ltr'><strong>super</strong></span> <span class='ocrx_word' id='word_1_263' title='bbox 1777 2614 1883 2669; x_wconf 85' lang='lat' dir='ltr'><strong>art.</strong></span> <span class='ocrx_word' id='word_1_264' title='bbox 1936 2621 1970 2673; x_wconf 89' lang='grc'>6</span> <span class='ocrx_word' id='word_1_265' title='bbox 2038 2620 2202 2674; x_wconf 89' lang='grc'>1513</span> <span class='ocrx_word' id='word_1_266' title='bbox 2238 2615 2379 2680; x_wconf 87' lang='lat' dir='ltr'><strong>etc.;</strong></span> <span class='ocrx_word' id='word_1_267' title='bbox 2412 2611 2479 2669; x_wconf 76' lang='lat' dir='ltr'><strong>de</strong></span> <span class='ocrx_word' id='word_1_268' title='bbox 2509 2613 2747 2690; x_wconf 76' lang='lat' dir='ltr'><strong>oriyine,</strong></span> <span class='ocrx_word' id='word_1_269' title='bbox 2784 2611 3128 2685; x_wconf 78' lang='lat' dir='ltr'><strong>definitione</strong></span> <span class='ocrx_word' id='word_1_270' title='bbox 3159 2619 3210 2669; x_wconf 78' lang='lat' dir='ltr'><strong>et</strong></span> <span class='ocrx_word' id='word_1_271' title='bbox 3227 2629 3304 2669; x_wconf 84' lang='lat' dir='ltr'><strong>re·</strong></span> 
     </span>
     <span class='ocr_line' id='line_1_27' title="bbox 692 2701 3303 2781; baseline -0 -18"><span class='ocrx_word' id='word_1_272' title='bbox 692 2703 1097 2781; x_wconf 86' lang='lat' dir='ltr'><strong>impugnatis;</strong></span> <span class='ocrx_word' id='word_1_273' title='bbox 1150 2703 1220 2760; x_wconf 81' lang='lat' dir='ltr'><strong>de</strong></span> <span class='ocrx_word' id='word_1_274' title='bbox 1270 2702 1712 2777; x_wconf 76' lang='lat' dir='ltr'><strong>imputabilitate</strong></span> <span class='ocrx_word' id='word_1_275' title='bbox 1752 2703 1976 2774; x_wconf 76' lang='lat' dir='ltr'><strong>peccati</strong></span> <span class='ocrx_word' id='word_1_276' title='bbox 2031 2703 2216 2760; x_wconf 76' lang='lat' dir='ltr'><strong>medio</strong></span> <span class='ocrx_word' id='word_1_277' title='bbox 2241 2708 2626 2777; x_wconf 80' lang='lat' dir='ltr'><strong>peccatorum,</strong></span> <span class='ocrx_word' id='word_1_278' title='bbox 2663 2701 2901 2760; x_wconf 89' lang='lat' dir='ltr'><strong>Parisiis</strong></span> <span class='ocrx_word' id='word_1_279' title='bbox 2946 2713 3060 2764; x_wconf 79' lang='lat'><strong>157</strong></span> <span class='ocrx_word' id='word_1_280' title='bbox 3080 2714 3114 2764; x_wconf 84' lang='lat'><strong>7</strong></span> <span class='ocrx_word' id='word_1_281' title='bbox 3155 2702 3218 2760; x_wconf 90' lang='lat' dir='ltr'><strong>in</strong></span> <span class='ocrx_word' id='word_1_282' title='bbox 3251 2710 3303 2762; x_wconf 75' lang='lat'><strong>8:</strong></span> 
     </span>
     <span class='ocr_line' id='line_1_28' title="bbox 694 2787 3303 2871; baseline -0 -20"><span class='ocrx_word' id='word_1_283' title='bbox 694 2799 753 2852; x_wconf 89' lang='lat' dir='ltr'><strong>et</strong></span> <span class='ocrx_word' id='word_1_284' title='bbox 784 2792 1303 2851; x_wconf 81' lang='lat' dir='ltr'><strong>determinationes</strong></span> <span class='ocrx_word' id='word_1_285' title='bbox 1331 2790 1702 2866; x_wconf 82' lang='lat' dir='ltr'><strong>quarundam</strong></span> <span class='ocrx_word' id='word_1_286' title='bbox 1723 2790 1975 2849; x_wconf 86' lang='lat' dir='ltr'><strong>aliarum</strong></span> <span class='ocrx_word' id='word_1_287' title='bbox 2031 2790 2407 2849; x_wconf 64' lang='lat' dir='ltr'><strong>Philomelion</strong></span> <span class='ocrx_word' id='word_1_288' title='bbox 2423 2787 2467 2871; x_wconf 90' lang='lat'><strong>¹)</strong></span> <span class='ocrx_word' id='word_1_289' title='bbox 2516 2809 2623 2849; x_wconf 90' lang='lat' dir='ltr'><strong>seu</strong></span> <span class='ocrx_word' id='word_1_290' title='bbox 2668 2791 2740 2849; x_wconf 91' lang='lat' dir='ltr'><strong>de</strong></span> <span class='ocrx_word' id='word_1_291' title='bbox 2788 2810 2988 2850; x_wconf 85' lang='lat' dir='ltr'><strong>amore</strong></span> <span class='ocrx_word' id='word_1_292' title='bbox 3019 2791 3303 2850; x_wconf 84' lang='lat' dir='ltr'><strong>librorum</strong></span> 
     </span>
     <span class='ocr_line' id='line_1_29' title="bbox 693 2879 3304 2958; baseline -0.001 -20"><span class='ocrx_word' id='word_1_293' title='bbox 693 2902 787 2958; x_wconf 91' lang='lat' dir='ltr'><strong>qq.</strong></span> <span class='ocrx_word' id='word_1_294' title='bbox 810 2883 878 2939; x_wconf 90' lang='lat' dir='ltr'><strong>In</strong></span> <span class='ocrx_word' id='word_1_295' title='bbox 899 2899 992 2956; x_wconf 87' lang='lat' dir='ltr'><strong>qq.</strong></span> <span class='ocrx_word' id='word_1_296' title='bbox 1012 2882 1083 2938; x_wconf 89' lang='lat' dir='ltr'><strong>de</strong></span> <span class='ocrx_word' id='word_1_297' title='bbox 1098 2880 1347 2938; x_wconf 88' lang='lat' dir='ltr'><strong>scientia</strong></span> <span class='ocrx_word' id='word_1_298' title='bbox 1361 2884 1421 2938; x_wconf 91' lang='lat' dir='ltr'><strong>et</strong></span> <span class='ocrx_word' id='word_1_299' title='bbox 1437 2879 1975 2954; x_wconf 81' lang='lat' dir='ltr'><strong>praedestinatione</strong></span> <span class='ocrx_word' id='word_1_300' title='bbox 2030 2883 2092 2938; x_wconf 90' lang='lat' dir='ltr'><strong>et</strong></span> <span class='ocrx_word' id='word_1_301' title='bbox 2123 2880 2504 2938; x_wconf 89' lang='lat' dir='ltr'><strong>institutione</strong></span> <span class='ocrx_word' id='word_1_302' title='bbox 2526 2879 3038 2948; x_wconf 84' lang='lat' dir='ltr'><strong>bibliothecarum,</strong></span> <span class='ocrx_word' id='word_1_303' title='bbox 3077 2881 3195 2939; x_wconf 90' lang='lat' dir='ltr'><strong>sub</strong></span> <span class='ocrx_word' id='word_1_304' title='bbox 3212 2898 3304 2937; x_wconf 88' lang='lat' dir='ltr'><strong>no·</strong></span> 
     </span>
     <span class='ocr_line' id='line_1_30' title="bbox 694 2963 3300 3049; baseline -0.003 -19"><span class='ocrx_word' id='word_1_305' title='bbox 694 2971 1117 3044; x_wconf 82' lang='lat' dir='ltr'><strong>videturjuxta</strong></span> <span class='ocrx_word' id='word_1_306' title='bbox 1137 2968 1345 3039; x_wconf 83' lang='lat' dir='ltr'><strong>Quetif</strong></span> <span class='ocrx_word' id='word_1_307' title='bbox 1370 2964 1441 3049; x_wconf 79' lang='grc' dir='ltr'><strong>(Ι,</strong></span> <span class='ocrx_word' id='word_1_308' title='bbox 1469 2963 1621 3047; x_wconf 83' lang='grc'>629)</span> <span class='ocrx_word' id='word_1_309' title='bbox 1657 2968 1975 3026; x_wconf 85' lang='lat' dir='ltr'><strong>descivisse</strong></span> <span class='ocrx_word' id='word_1_310' title='bbox 2031 2969 2188 3027; x_wconf 91' lang='lat' dir='ltr'><strong>mine</strong></span> <span class='ocrx_word' id='word_1_311' title='bbox 2251 2967 2622 3027; x_wconf 88' lang='lat' dir='ltr'><strong>Richardi</strong></span> <span class='ocrx_word' id='word_1_312' title='bbox 2674 2969 2746 3027; x_wconf 92' lang='lat' dir='ltr'><strong>de</strong></span> <span class='ocrx_word' id='word_1_313' title='bbox 2793 2970 3002 3045; x_wconf 78' lang='lat' dir='ltr'><strong>Bury</strong></span> <span class='ocrx_word' id='word_1_314' title='bbox 3050 2967 3300 3045; x_wconf 84' lang='lat' dir='ltr'><strong>episcopi</strong></span> 
     </span>
     <span class='ocr_line' id='line_1_31' title="bbox 693 3056 3300 3133; baseline -0.002 -14"><span class='ocrx_word' id='word_1_315' title='bbox 693 3081 727 3119; x_wconf 89' lang='lat' dir='ltr'><strong>a</strong></span> <span class='ocrx_word' id='word_1_316' title='bbox 772 3079 815 3119; x_wconf 91' lang='lat' dir='ltr'><strong>s.</strong></span> <span class='ocrx_word' id='word_1_317' title='bbox 863 3060 1118 3117; x_wconf 89' lang='lat' dir='ltr'><strong>Thomae</strong></span> <span class='ocrx_word' id='word_1_318' title='bbox 1169 3057 1402 3133; x_wconf 85' lang='lat' dir='ltr'><strong>placitis</strong></span> <span class='ocrx_word' id='word_1_319' title='bbox 1455 3057 1614 3125; x_wconf 86' lang='lat' dir='ltr'><strong>,nisi</strong></span> <span class='ocrx_word' id='word_1_320' title='bbox 1660 3063 1976 3116; x_wconf 85' lang='lat' dir='ltr'><strong>excusetur</strong></span> <span class='ocrx_word' id='word_1_321' title='bbox 2029 3057 2430 3116; x_wconf 87' lang='lat' dir='ltr'><strong>dunelmensis</strong></span> <span class='ocrx_word' id='word_1_322' title='bbox 2463 3063 2525 3116; x_wconf 89' lang='lat' dir='ltr'><strong>et</strong></span> <span class='ocrx_word' id='word_1_323' title='bbox 2559 3058 2820 3116; x_wconf 87' lang='lat' dir='ltr'><strong>Eduardi</strong></span> <span class='ocrx_word' id='word_1_324' title='bbox 2839 3057 2945 3116; x_wconf 90' lang='grc' dir='ltr'>ΙΙΙ.</span> <span class='ocrx_word' id='word_1_325' title='bbox 2978 3056 3300 3118; x_wconf 88' lang='lat' dir='ltr'><strong>cancellarii</strong></span> 
     </span>
     <span class='ocr_line' id='line_1_32' title="bbox 693 3142 3299 3227; baseline -0.002 -20"><span class='ocrx_word' id='word_1_326' title='bbox 693 3149 939 3208; x_wconf 78' lang='lat' dir='ltr'><strong>dicendo</strong></span> <span class='ocrx_word' id='word_1_327' title='bbox 986 3149 1089 3205; x_wconf 89' lang='lat' dir='ltr'><strong>has</strong></span> <span class='ocrx_word' id='word_1_328' title='bbox 1122 3165 1217 3222; x_wconf 89' lang='lat' dir='ltr'><strong>qq.</strong></span> <span class='ocrx_word' id='word_1_329' title='bbox 1252 3146 1325 3204; x_wconf 90' lang='lat' dir='ltr'><strong>ab</strong></span> <span class='ocrx_word' id='word_1_330' title='bbox 1370 3165 1438 3205; x_wconf 91' lang='lat' dir='ltr'><strong>eo</strong></span> <span class='ocrx_word' id='word_1_331' title='bbox 1483 3164 1604 3205; x_wconf 92' lang='lat' dir='ltr'><strong>non</strong></span> <span class='ocrx_word' id='word_1_332' title='bbox 1644 3146 1977 3222; x_wconf 86' lang='lat' dir='ltr'><strong>recognitas</strong></span> <span class='ocrx_word' id='word_1_333' title='bbox 2029 3145 2091 3226; x_wconf 86' lang='lat'><strong>(†</strong></span> <span class='ocrx_word' id='word_1_334' title='bbox 2126 3156 2224 3209; x_wconf 83' lang='grc'>24.</span> <span class='ocrx_word' id='word_1_335' title='bbox 2259 3149 2398 3224; x_wconf 87' lang='lat' dir='ltr'><strong>Apr.</strong></span> <span class='ocrx_word' id='word_1_336' title='bbox 2441 3142 2651 3227; x_wconf 80' lang='lat'><strong>1345),</strong></span> <span class='ocrx_word' id='word_1_337' title='bbox 2703 3148 2809 3222; x_wconf 92' lang='lat' dir='ltr'><strong>qui</strong></span> <span class='ocrx_word' id='word_1_338' title='bbox 2840 3147 3057 3207; x_wconf 83' lang='lat' dir='ltr'><strong>Oxonii</strong></span> <span class='ocrx_word' id='word_1_339' title='bbox 3108 3146 3299 3206; x_wconf 79' lang='lat' dir='ltr'><strong>multis</strong></span> 
     </span>
     <span class='ocr_line' id='line_1_33' title="bbox 693 3234 3294 3311; baseline -0.003 -13"><span class='ocrx_word' id='word_1_340' title='bbox 693 3256 801 3298; x_wconf 89' lang='lat' dir='ltr'><strong>nec</strong></span> <span class='ocrx_word' id='word_1_341' title='bbox 832 3238 1048 3297; x_wconf 85' lang='lat' dir='ltr'><strong>ultima</strong></span> <span class='ocrx_word' id='word_1_342' title='bbox 1078 3255 1260 3294; x_wconf 86' lang='lat' dir='ltr'><strong>manu</strong></span> <span class='ocrx_word' id='word_1_343' title='bbox 1292 3235 1508 3304; x_wconf 86' lang='lat' dir='ltr'><strong>finitas,</strong></span> <span class='ocrx_word' id='word_1_344' title='bbox 1539 3235 1698 3310; x_wconf 94' lang='lat' dir='ltr'><strong>quod</strong></span> <span class='ocrx_word' id='word_1_345' title='bbox 1719 3241 1781 3293; x_wconf 84' lang='lat' dir='ltr'><strong>et</strong></span> <span class='ocrx_word' id='word_1_346' title='bbox 1798 3235 1975 3293; x_wconf 91' lang='lat' dir='ltr'><strong>initio</strong></span> <span class='ocrx_word' id='word_1_347' title='bbox 2031 3237 2305 3311; x_wconf 81' lang='lat' dir='ltr'><strong>expensis</strong></span> <span class='ocrx_word' id='word_1_348' title='bbox 2337 3236 2400 3294; x_wconf 91' lang='lat' dir='ltr'><strong>in</strong></span> <span class='ocrx_word' id='word_1_349' title='bbox 2423 3235 2797 3294; x_wconf 88' lang='lat' dir='ltr'><strong>studentium</strong></span> <span class='ocrx_word' id='word_1_350' title='bbox 2820 3237 3156 3296; x_wconf 85' lang='lat' dir='ltr'><strong>utilitatem</strong></span> <span class='ocrx_word' id='word_1_351' title='bbox 3181 3234 3294 3293; x_wconf 89' lang='lat' dir='ltr'><strong>bib-</strong></span> 
     </span>
     <span class='ocr_line' id='line_1_34' title="bbox 693 3323 3295 3402; baseline -0.002 -15"><span class='ocrx_word' id='word_1_352' title='bbox 693 3331 1028 3396; x_wconf 79' lang='lat' dir='ltr'><strong>monetur,‘</strong></span> <span class='ocrx_word' id='word_1_353' title='bbox 1065 3326 1201 3384; x_wconf 89' lang='lat' dir='ltr'><strong>hinc</strong></span> <span class='ocrx_word' id='word_1_354' title='bbox 1232 3325 1384 3384; x_wconf 86' lang='lat' dir='ltr'><strong>forte</strong></span> <span class='ocrx_word' id='word_1_355' title='bbox 1415 3344 1449 3382; x_wconf 89' lang='lat' dir='ltr'><strong>a</strong></span> <span class='ocrx_word' id='word_1_356' title='bbox 1479 3323 1787 3399; x_wconf 86' lang='lat' dir='ltr'><strong>discipulis</strong></span> <span class='ocrx_word' id='word_1_357' title='bbox 1833 3328 1978 3382; x_wconf 89' lang='lat' dir='ltr'><strong>sunt</strong></span> <span class='ocrx_word' id='word_1_358' title='bbox 2031 3325 2341 3384; x_wconf 87' lang='lat' dir='ltr'><strong>liothecam</strong></span> <span class='ocrx_word' id='word_1_359' title='bbox 2392 3324 2749 3383; x_wconf 77' lang='lat' dir='ltr'><strong>fundaverat</strong></span> <span class='ocrx_word' id='word_1_360' title='bbox 2809 3325 3131 3402; x_wconf 87' lang='lat' dir='ltr'><strong>insignem,</strong></span> <span class='ocrx_word' id='word_1_361' title='bbox 3165 3340 3295 3400; x_wconf 79' lang='lat' dir='ltr'><strong>quae</strong></span> 
     </span>
     <span class='ocr_line' id='line_1_35' title="bbox 695 3412 3290 3493; baseline -0.003 -17"><span class='ocrx_word' id='word_1_362' title='bbox 695 3417 968 3476; x_wconf 76' lang='lat' dir='ltr'><strong>collectae</strong></span> <span class='ocrx_word' id='word_1_363' title='bbox 1032 3420 1094 3474; x_wconf 88' lang='lat' dir='ltr'><strong>et</strong></span> <span class='ocrx_word' id='word_1_364' title='bbox 1155 3415 1241 3472; x_wconf 87' lang='lat' dir='ltr'><strong>ita</strong></span> <span class='ocrx_word' id='word_1_365' title='bbox 1302 3412 1510 3472; x_wconf 86' lang='lat' dir='ltr'><strong>editae.</strong></span> <span class='ocrx_word' id='word_1_366' title='bbox 1579 3415 1910 3472; x_wconf 85' lang='lat' dir='ltr'><strong>Accusatur</strong></span> <span class='ocrx_word' id='word_1_367' title='bbox 1925 3413 1973 3493; x_wconf 73' lang='grc' dir='ltr'><strong>ι)</strong></span> <span class='ocrx_word' id='word_1_368' title='bbox 2030 3415 2171 3473; x_wconf 89' lang='lat' dir='ltr'><strong>huic</strong></span> <span class='ocrx_word' id='word_1_369' title='bbox 2201 3415 2238 3472; x_wconf 97' lang='lat' dir='ltr'><strong>l.</strong></span> <span class='ocrx_word' id='word_1_370' title='bbox 2273 3414 2634 3473; x_wconf 89' lang='lat' dir='ltr'><strong>occssionem</strong></span> <span class='ocrx_word' id='word_1_371' title='bbox 2666 3415 2960 3490; x_wconf 82' lang='lat' dir='ltr'><strong>praebuit.</strong></span> <span class='ocrx_word' id='word_1_372' title='bbox 2992 3415 3130 3490; x_wconf 89' lang='lat' dir='ltr'><strong>Ipse</strong></span> <span class='ocrx_word' id='word_1_373' title='bbox 3160 3412 3290 3488; x_wconf 82' lang='lat' dir='ltr'><strong>epis·</strong></span> 
     </span>
     <span class='ocr_line' id='line_1_36' title="bbox 691 3499 3290 3580; baseline -0.003 -15"><span class='ocrx_word' id='word_1_374' title='bbox 691 3507 870 3566; x_wconf 87' lang='lat' dir='ltr'><strong>etiam</strong></span> <span class='ocrx_word' id='word_1_375' title='bbox 915 3504 1072 3580; x_wconf 88' lang='lat' dir='ltr'><strong>quod</strong></span> <span class='ocrx_word' id='word_1_376' title='bbox 1106 3503 1176 3561; x_wconf 88' lang='lat' dir='ltr'><strong>ad</strong></span> <span class='ocrx_word' id='word_1_377' title='bbox 1212 3503 1443 3562; x_wconf 90' lang='lat' dir='ltr'><strong>Occami</strong></span> <span class='ocrx_word' id='word_1_378' title='bbox 1474 3502 1972 3562; x_wconf 82' lang='lat' dir='ltr'><strong>Nominalis&#39;mum</strong></span> <span class='ocrx_word' id='word_1_379' title='bbox 2029 3522 2212 3579; x_wconf 86' lang='lat' dir='ltr'><strong>copus</strong></span> <span class='ocrx_word' id='word_1_380' title='bbox 2246 3503 2559 3578; x_wconf 88' lang='lat' dir='ltr'><strong>epistolam</strong></span> <span class='ocrx_word' id='word_1_381' title='bbox 2607 3503 2772 3577; x_wconf 87' lang='lat' dir='ltr'><strong>operi</strong></span> <span class='ocrx_word' id='word_1_382' title='bbox 2816 3503 3109 3579; x_wconf 86' lang='lat' dir='ltr'><strong>praefixit,</strong></span> <span class='ocrx_word' id='word_1_383' title='bbox 3154 3499 3290 3561; x_wconf 87' lang='lat' dir='ltr'><strong>unde</strong></span> 
     </span>
     <span class='ocr_line' id='line_1_37' title="bbox 694 3592 3286 3668; baseline -0.003 -13"><span class='ocrx_word' id='word_1_384' title='bbox 694 3595 1010 3655; x_wconf 84' lang='lat' dir='ltr'><strong>deflexerit.</strong></span> <span class='ocrx_word' id='word_1_385' title='bbox 1037 3595 1120 3652; x_wconf 80' lang='lat' dir='ltr'><strong>De</strong></span> <span class='ocrx_word' id='word_1_386' title='bbox 1134 3593 1323 3651; x_wconf 75' lang='lat' dir='ltr'><strong>studio</strong></span> <span class='ocrx_word' id='word_1_387' title='bbox 1343 3611 1390 3650; x_wconf 81' lang='lat' dir='ltr'><strong>s.</strong></span> <span class='ocrx_word' id='word_1_388' title='bbox 1408 3592 1767 3667; x_wconf 79' lang='lat' dir='ltr'><strong>Scripturae,</strong></span> <span class='ocrx_word' id='word_1_389' title='bbox 1790 3592 1973 3649; x_wconf 85' lang='lat' dir='ltr'><strong>Reut·</strong></span> <span class='ocrx_word' id='word_1_390' title='bbox 2030 3593 2125 3651; x_wconf 91' lang='lat' dir='ltr'><strong>hic</strong></span> <span class='ocrx_word' id='word_1_391' title='bbox 2157 3593 2192 3650; x_wconf 91' lang='lat'><strong>1.</strong></span> <span class='ocrx_word' id='word_1_392' title='bbox 2227 3592 2404 3651; x_wconf 77' lang='lat' dir='ltr'><strong>etiam</strong></span> <span class='ocrx_word' id='word_1_393' title='bbox 2437 3592 2550 3651; x_wconf 87' lang='lat' dir='ltr'><strong>sub</strong></span> <span class='ocrx_word' id='word_1_394' title='bbox 2570 3594 2699 3666; x_wconf 82' lang='lat' dir='ltr'><strong>ejus</strong></span> <span class='ocrx_word' id='word_1_395' title='bbox 2721 3610 2896 3668; x_wconf 86' lang='lat' dir='ltr'><strong>saepe</strong></span> <span class='ocrx_word' id='word_1_396' title='bbox 2915 3594 3159 3652; x_wconf 90' lang='lat' dir='ltr'><strong>nomine</strong></span> <span class='ocrx_word' id='word_1_397' title='bbox 3175 3607 3286 3666; x_wconf 86' lang='lat' dir='ltr'><strong>pro·</strong></span> 
     </span>
     <span class='ocr_line' id='line_1_38' title="bbox 694 3680 3285 3763; baseline -0.003 -19"><span class='ocrx_word' id='word_1_398' title='bbox 694 3687 888 3763; x_wconf 81' lang='lat' dir='ltr'><strong>lingae</strong></span> <span class='ocrx_word' id='word_1_399' title='bbox 947 3693 1147 3751; x_wconf 77' lang='lat'>14893</span> <span class='ocrx_word' id='word_1_400' title='bbox 1220 3681 1484 3740; x_wconf 87' lang='lat' dir='ltr'><strong>Venetiis</strong></span> <span class='ocrx_word' id='word_1_401' title='bbox 1545 3691 1727 3744; x_wconf 83' lang='lat'>1483.</span> <span class='ocrx_word' id='word_1_402' title='bbox 1791 3691 1972 3743; x_wconf 92' lang='grc'>1500.</span> <span class='ocrx_word' id='word_1_403' title='bbox 2030 3681 2161 3751; x_wconf 90' lang='lat' dir='ltr'><strong>diit,</strong></span> <span class='ocrx_word' id='word_1_404' title='bbox 2226 3684 2296 3740; x_wconf 86' lang='lat' dir='ltr'><strong>ut</strong></span> <span class='ocrx_word' id='word_1_405' title='bbox 2355 3680 2559 3757; x_wconf 87' lang='lat' dir='ltr'><strong>Spirae</strong></span> <span class='ocrx_word' id='word_1_406' title='bbox 2631 3691 2826 3752; x_wconf 79' lang='lat'>14833</span> <span class='ocrx_word' id='word_1_407' title='bbox 2879 3682 3092 3740; x_wconf 86' lang='lat' dir='ltr'><strong>Oxonii</strong></span> <span class='ocrx_word' id='word_1_408' title='bbox 3149 3688 3285 3743; x_wconf 79' lang='lat'>1590</span> 
     </span>
     <span class='ocr_line' id='line_1_39' title="bbox 703 3766 3282 3847; baseline -0.002 -19"><span class='ocrx_word' id='word_1_409' title='bbox 703 3784 899 3843; x_wconf 77' lang='lat'>15153</span> <span class='ocrx_word' id='word_1_410' title='bbox 942 3782 1139 3840; x_wconf 76' lang='lat'>15863</span> <span class='ocrx_word' id='word_1_411' title='bbox 1189 3770 1252 3829; x_wconf 91' lang='lat' dir='ltr'><strong>in</strong></span> <span class='ocrx_word' id='word_1_412' title='bbox 1290 3769 1595 3829; x_wconf 82' lang='lat' dir='ltr'><strong>Proverbia</strong></span> <span class='ocrx_word' id='word_1_413' title='bbox 1627 3771 1971 3839; x_wconf 75' lang='lat' dir='ltr'><strong>Salomonis,</strong></span> <span class='ocrx_word' id='word_1_414' title='bbox 2029 3771 2370 3847; x_wconf 87' lang='lat' dir='ltr'><strong>recognitus</strong></span> <span class='ocrx_word' id='word_1_415' title='bbox 2416 3790 2450 3828; x_wconf 88' lang='lat' dir='ltr'><strong>a</strong></span> <span class='ocrx_word' id='word_1_416' title='bbox 2499 3769 2723 3829; x_wconf 86' lang='lat' dir='ltr'><strong>Thema</strong></span> <span class='ocrx_word' id='word_1_417' title='bbox 2770 3769 2972 3829; x_wconf 85' lang='lat' dir='ltr'><strong>James</strong></span> <span class='ocrx_word' id='word_1_418' title='bbox 3023 3774 3157 3836; x_wconf 87' lang='lat' dir='ltr'><strong>etc.;</strong></span> <span class='ocrx_word' id='word_1_419' title='bbox 3189 3766 3282 3826; x_wconf 71' lang='lat' dir='ltr'><strong>‘rho</strong></span> 
     </span>
     <span class='ocr_line' id='line_1_40' title="bbox 695 3857 3281 3935; baseline -0.003 -15"><span class='ocrx_word' id='word_1_420' title='bbox 695 3863 937 3921; x_wconf 84' lang='lat' dir='ltr'><strong>Parisiis</strong></span> <span class='ocrx_word' id='word_1_421' title='bbox 978 3871 1176 3928; x_wconf 83' lang='grc' dir='ltr'>151ος</span> <span class='ocrx_word' id='word_1_422' title='bbox 1238 3869 1399 3922; x_wconf 87' lang='grc'>1515</span> <span class='ocrx_word' id='word_1_423' title='bbox 1436 3859 1498 3916; x_wconf 89' lang='lat' dir='ltr'><strong>in</strong></span> <span class='ocrx_word' id='word_1_424' title='bbox 1535 3869 1606 3928; x_wconf 82' lang='lat'><strong>43</strong></span> <span class='ocrx_word' id='word_1_425' title='bbox 1658 3859 1974 3935; x_wconf 79' lang='lat' dir='ltr'><strong>Lavingiae</strong></span> <span class='ocrx_word' id='word_1_426' title='bbox 2032 3859 2429 3935; x_wconf 85' lang='lat' dir='ltr'><strong>philobiblion</strong></span> <span class='ocrx_word' id='word_1_427' title='bbox 2491 3859 2693 3918; x_wconf 87' lang='lat' dir='ltr'><strong>edited</strong></span> <span class='ocrx_word' id='word_1_428' title='bbox 2742 3859 2821 3935; x_wconf 86' lang='lat' dir='ltr'><strong>by</strong></span> <span class='ocrx_word' id='word_1_429' title='bbox 2871 3859 3010 3917; x_wconf 86' lang='lat' dir='ltr'><strong>Ern.</strong></span> <span class='ocrx_word' id='word_1_430' title='bbox 3058 3860 3115 3919; x_wconf 84' lang='lat' dir='ltr'><strong>C.</strong></span> <span class='ocrx_word' id='word_1_431' title='bbox 3158 3857 3281 3916; x_wconf 81' lang='lat' dir='ltr'><strong>Tho·</strong></span> 
     </span>
     <span class='ocr_line' id='line_1_41' title="bbox 702 3942 3278 4025; baseline -0.004 -9"><span class='ocrx_word' id='word_1_432' title='bbox 702 3962 899 4015; x_wconf 78' lang='lat'>1519:</span> <span class='ocrx_word' id='word_1_433' title='bbox 951 3949 1108 4025; x_wconf 89' lang='lat' dir='ltr'><strong>quod</strong></span> <span class='ocrx_word' id='word_1_434' title='bbox 1158 3952 1359 4006; x_wconf 86' lang='lat' dir='ltr'><strong>tamen</strong></span> <span class='ocrx_word' id='word_1_435' title='bbox 1404 3947 1478 4005; x_wconf 90' lang='lat' dir='ltr'><strong>ab</strong></span> <span class='ocrx_word' id='word_1_436' title='bbox 1518 3947 1651 4007; x_wconf 88' lang='lat' dir='ltr'><strong>aliis</strong></span> <span class='ocrx_word' id='word_1_437' title='bbox 1681 3948 1975 4006; x_wconf 88' lang='lat' dir='ltr'><strong>tribuitur</strong></span> <span class='ocrx_word' id='word_1_438' title='bbox 2032 3969 2169 4017; x_wconf 82' lang='lat' dir='ltr'><strong>mas,</strong></span> <span class='ocrx_word' id='word_1_439' title='bbox 2221 3948 2464 4007; x_wconf 92' lang='lat' dir='ltr'><strong>London</strong></span> <span class='ocrx_word' id='word_1_440' title='bbox 2526 3956 2684 4012; x_wconf 85' lang='lat'>1888</span> <span class='ocrx_word' id='word_1_441' title='bbox 2737 3949 2971 4008; x_wconf 80' lang='lat' dir='ltr'><strong>collatis</strong></span> <span class='ocrx_word' id='word_1_442' title='bbox 3023 3957 3102 4012; x_wconf 86' lang='lat'><strong>28</strong></span> <span class='ocrx_word' id='word_1_443' title='bbox 3146 3942 3278 4006; x_wconf 78' lang='lat' dir='ltr'><strong>codd-</strong></span> 
     </span>
     <span class='ocr_line' id='line_1_42' title="bbox 694 4037 3279 4113; baseline -0.003 -14"><span class='ocrx_word' id='word_1_444' title='bbox 694 4042 948 4099; x_wconf 88' lang='lat' dir='ltr'><strong>Thomae</strong></span> <span class='ocrx_word' id='word_1_445' title='bbox 1012 4038 1322 4104; x_wconf 84' lang='lat' dir='ltr'><strong>Wallensi;</strong></span> <span class='ocrx_word' id='word_1_446' title='bbox 1390 4039 1451 4095; x_wconf 80' lang='lat' dir='ltr'><strong>in</strong></span> <span class='ocrx_word' id='word_1_447' title='bbox 1519 4037 1760 4095; x_wconf 77' lang='lat' dir='ltr'><strong>Cantica</strong></span> <span class='ocrx_word' id='word_1_448' title='bbox 1836 4057 1971 4095; x_wconf 81' lang='lat' dir='ltr'><strong>can·</strong></span> <span class='ocrx_word' id='word_1_449' title='bbox 2031 4056 2169 4096; x_wconf 87' lang='lat' dir='ltr'><strong>msc.</strong></span> <span class='ocrx_word' id='word_1_450' title='bbox 2205 4037 2473 4112; x_wconf 87' lang='lat' dir='ltr'><strong>Reliquit</strong></span> <span class='ocrx_word' id='word_1_451' title='bbox 2520 4038 2696 4113; x_wconf 87' lang='lat' dir='ltr'><strong>plura</strong></span> <span class='ocrx_word' id='word_1_452' title='bbox 2743 4038 2987 4107; x_wconf 80' lang='lat' dir='ltr'><strong>inedita,</strong></span> <span class='ocrx_word' id='word_1_453' title='bbox 3040 4043 3113 4096; x_wconf 89' lang='lat' dir='ltr'><strong>ut</strong></span> <span class='ocrx_word' id='word_1_454' title='bbox 3151 4051 3279 4094; x_wconf 88' lang='lat' dir='ltr'><strong>com·</strong></span> 
     </span>
     <span class='ocr_line' id='line_1_43' title="bbox 694 4121 3277 4204; baseline -0.003 -16"><span class='ocrx_word' id='word_1_455' title='bbox 694 4133 938 4188; x_wconf 78' lang='lat' dir='ltr'><strong>ticorum</strong></span> <span class='ocrx_word' id='word_1_456' title='bbox 982 4136 1033 4185; x_wconf 81' lang='lat' dir='ltr'><strong>et</strong></span> <span class='ocrx_word' id='word_1_457' title='bbox 1080 4131 1119 4186; x_wconf 87' lang='grc'><strong><em>7</em></strong></span> <span class='ocrx_word' id='word_1_458' title='bbox 1152 4146 1226 4184; x_wconf 83' lang='lat' dir='ltr'><strong>cc.</strong></span> <span class='ocrx_word' id='word_1_459' title='bbox 1276 4121 1661 4185; x_wconf 77' lang='lat' dir='ltr'><strong>Ecclesiastici</strong></span> <span class='ocrx_word' id='word_1_460' title='bbox 1701 4128 1832 4184; x_wconf 89' lang='lat' dir='ltr'><strong>lect.</strong></span> <span class='ocrx_word' id='word_1_461' title='bbox 1872 4136 1972 4194; x_wconf 84' lang='lat'><strong>88,</strong></span> <span class='ocrx_word' id='word_1_462' title='bbox 2031 4127 2324 4187; x_wconf 90' lang='lat' dir='ltr'><strong>mentaria</strong></span> <span class='ocrx_word' id='word_1_463' title='bbox 2383 4127 2446 4185; x_wconf 91' lang='lat' dir='ltr'><strong>in</strong></span> <span class='ocrx_word' id='word_1_464' title='bbox 2508 4126 2657 4185; x_wconf 87' lang='lat' dir='ltr'><strong>alios</strong></span> <span class='ocrx_word' id='word_1_465' title='bbox 2719 4127 2782 4184; x_wconf 91' lang='lat'><strong>11.</strong></span> <span class='ocrx_word' id='word_1_466' title='bbox 2846 4145 2890 4185; x_wconf 91' lang='lat' dir='ltr'><strong>s.</strong></span> <span class='ocrx_word' id='word_1_467' title='bbox 2938 4127 3277 4204; x_wconf 72' lang='lat' dir='ltr'><strong>Scriptum:</strong></span> 
     </span>
     <span class='ocr_line' id='line_1_44' title="bbox 696 4215 3276 4287; baseline -0.003 -10"><span class='ocrx_word' id='word_1_468' title='bbox 696 4239 738 4278; x_wconf 90' lang='lat' dir='ltr'><strong>s.</strong></span> <span class='ocrx_word' id='word_1_469' title='bbox 774 4220 809 4277; x_wconf 93' lang='lat' dir='ltr'><strong>l.</strong></span> <span class='ocrx_word' id='word_1_470' title='bbox 844 4224 905 4276; x_wconf 89' lang='lat' dir='ltr'><strong>et</strong></span> <span class='ocrx_word' id='word_1_471' title='bbox 935 4238 1019 4287; x_wconf 90' lang='lat' dir='ltr'><strong>a.;</strong></span> <span class='ocrx_word' id='word_1_472' title='bbox 1070 4216 1331 4275; x_wconf 86' lang='lat' dir='ltr'><strong>Venetiis</strong></span> <span class='ocrx_word' id='word_1_473' title='bbox 1382 4226 1543 4278; x_wconf 89' lang='grc'>1509</span> <span class='ocrx_word' id='word_1_474' title='bbox 1594 4215 1657 4273; x_wconf 91' lang='lat' dir='ltr'><strong>in</strong></span> <span class='ocrx_word' id='word_1_475' title='bbox 1710 4215 1780 4286; x_wconf 87' lang='lat' dir='ltr'><strong>f.;</strong></span> <span class='ocrx_word' id='word_1_476' title='bbox 1828 4216 1890 4272; x_wconf 82' lang='lat' dir='ltr'><strong>in</strong></span> <span class='ocrx_word' id='word_1_477' title='bbox 1938 4216 1974 4272; x_wconf 86' lang='lat' dir='ltr'><strong>l.</strong></span> <span class='ocrx_word' id='word_1_478' title='bbox 2031 4216 2404 4285; x_wconf 84' lang='lat' dir='ltr'><strong>Quodlibeta‚</strong></span> <span class='ocrx_word' id='word_1_479' title='bbox 2439 4233 2736 4275; x_wconf 89' lang='lat' dir='ltr'><strong>sermones</strong></span> <span class='ocrx_word' id='word_1_480' title='bbox 2767 4216 3276 4274; x_wconf 62' lang='lat' dir='ltr'><strong>etc—Praeterea</strong></span> 
     </span>
     <span class='ocr_line' id='line_1_45' title="bbox 697 4301 3275 4384; baseline -0.003 -18"><span class='ocrx_word' id='word_1_481' title='bbox 697 4309 1033 4384; x_wconf 77' lang='lat' dir='ltr'><strong>Sapientiae</strong></span> <span class='ocrx_word' id='word_1_482' title='bbox 1051 4307 1460 4382; x_wconf 76' lang='lat' dir='ltr'><strong>praelectiones</strong></span> <span class='ocrx_word' id='word_1_483' title='bbox 1479 4307 1624 4376; x_wconf 86' lang='lat'><strong>213,</strong></span> <span class='ocrx_word' id='word_1_484' title='bbox 1659 4322 1701 4362; x_wconf 91' lang='lat' dir='ltr'><strong>s.</strong></span> <span class='ocrx_word' id='word_1_485' title='bbox 1722 4305 1758 4361; x_wconf 90' lang='lat' dir='ltr'><strong>l.</strong></span> <span class='ocrx_word' id='word_1_486' title='bbox 1787 4312 1971 4372; x_wconf 85' lang='grc'>1481,</span> <span class='ocrx_word' id='word_1_487' title='bbox 2031 4324 2097 4362; x_wconf 84' lang='lat' dir='ltr'><strong>ex</strong></span> <span class='ocrx_word' id='word_1_488' title='bbox 2131 4305 2334 4364; x_wconf 90' lang='lat' dir='ltr'><strong>ordine</strong></span> <span class='ocrx_word' id='word_1_489' title='bbox 2386 4304 2857 4380; x_wconf 88' lang='lat' dir='ltr'><strong>praedicatorum</strong></span> <span class='ocrx_word' id='word_1_490' title='bbox 2889 4305 2949 4362; x_wconf 89' lang='lat' dir='ltr'><strong>ll.</strong></span> <span class='ocrx_word' id='word_1_491' title='bbox 2984 4301 3275 4364; x_wconf 70' lang='lat' dir='ltr'><strong>sententia·</strong></span> 
     </span>
     <span class='ocr_line' id='line_1_46' title="bbox 693 4388 3270 4477; baseline -0.004 -21"><span class='ocrx_word' id='word_1_492' title='bbox 693 4396 1234 4471; x_wconf 85' lang='lat' dir='ltr'><strong>hacinscriptione:</strong></span> <span class='ocrx_word' id='word_1_493' title='bbox 1259 4394 1423 4470; x_wconf 88' lang='lat' dir='ltr'><strong>Opus</strong></span> <span class='ocrx_word' id='word_1_494' title='bbox 1438 4393 1972 4470; x_wconf 87' lang='lat' dir='ltr'><strong>praeclarissimum</strong></span> <span class='ocrx_word' id='word_1_495' title='bbox 2029 4414 2164 4453; x_wconf 89' lang='lat' dir='ltr'><strong>rum</strong></span> <span class='ocrx_word' id='word_1_496' title='bbox 2227 4394 2665 4452; x_wconf 84' lang='lat' dir='ltr'><strong>commentariis</strong></span> <span class='ocrx_word' id='word_1_497' title='bbox 2712 4388 3007 4477; x_wconf 89' lang='lat' dir='ltr'><strong>(ineditis)</strong></span> <span class='ocrx_word' id='word_1_498' title='bbox 3055 4391 3270 4469; x_wconf 79' lang='lat' dir='ltr'><strong>explica·</strong></span> 
     </span>
     <span class='ocr_line' id='line_1_47' title="bbox 2031 4481 3270 4543; baseline -0.003 -3"><span class='ocrx_word' id='word_1_499' title='bbox 2031 4488 2176 4541; x_wconf 91' lang='lat' dir='ltr'><strong>runt</strong></span> <span class='ocrx_word' id='word_1_500' title='bbox 2222 4485 2417 4541; x_wconf 91' lang='lat' dir='ltr'><strong>Bern</strong></span> <span class='ocrx_word' id='word_1_501' title='bbox 2441 4482 2674 4542; x_wconf 88' lang='lat' dir='ltr'><strong>ardus</strong></span> <span class='ocrx_word' id='word_1_502' title='bbox 2725 4483 3127 4543; x_wconf 89' lang='lat' dir='ltr'><strong>Lombardi</strong></span> <span class='ocrx_word' id='word_1_503' title='bbox 3154 4481 3270 4537; x_wconf 70' lang='lat' dir='ltr'><strong>itas</strong></span> 
     </span>
    </p>

    <p class='ocr_par' dir='ltr' id='par_1_4' title="bbox 2030 4567 3263 4648">
     <span class='ocr_line' id='line_1_48' title="bbox 2030 4567 3263 4648; baseline -0.002 -19"><span class='ocrx_word' id='word_1_504' title='bbox 2030 4572 2271 4634; x_wconf 83' lang='lat' dir='ltr'><strong>familia.</strong></span> <span class='ocrx_word' id='word_1_505' title='bbox 2295 4590 2413 4630; x_wconf 91' lang='lat' dir='ltr'><strong>non</strong></span> <span class='ocrx_word' id='word_1_506' title='bbox 2435 4592 2469 4630; x_wconf 88' lang='lat' dir='ltr'><strong>a</strong></span> <span class='ocrx_word' id='word_1_507' title='bbox 2489 4573 2682 4648; x_wconf 84' lang='lat' dir='ltr'><strong>patria</strong></span> <span class='ocrx_word' id='word_1_508' title='bbox 2700 4575 2962 4642; x_wconf 82' lang='lat' dir='ltr'><strong>vocatus,</strong></span> <span class='ocrx_word' id='word_1_509' title='bbox 2994 4573 3110 4630; x_wconf 86' lang='lat' dir='ltr'><strong>fuit</strong></span> <span class='ocrx_word' id='word_1_510' title='bbox 3126 4567 3263 4628; x_wconf 83' lang='lat' dir='ltr'><strong>enim·</strong></span> 
     </span>
    </p>
   </div>
   <div class='ocr_carea' id='block_1_3' title="bbox 697 4557 1011 4566">
    <p class='ocr_par' dir='ltr' id='par_1_5' title="bbox 697 4557 1011 4566">
     <span class='ocr_line' id='line_1_49' title="bbox 697 4557 1011 4566; baseline 0 798"><span class='ocrx_word' id='word_1_511' title='bbox 697 4557 1011 4566; x_wconf 95' lang='lat' dir='ltr'><strong> </strong></span> 
     </span>
    </p>
   </div>
   <div class='ocr_carea' id='block_1_4' title="bbox 693 4635 3264 4924">
    <p class='ocr_par' dir='ltr' id='par_1_6' title="bbox 775 4635 1975 4698">
     <span class='ocr_line' id='line_1_50' title="bbox 775 4635 1975 4698; baseline -0.003 -5"><span class='ocrx_word' id='word_1_512' title='bbox 775 4650 807 4698; x_wconf 74' lang='lat'><strong>¹)</strong></span> <span class='ocrx_word' id='word_1_513' title='bbox 838 4638 919 4693; x_wconf 83' lang='lat' dir='ltr'><strong>Cf.</strong></span> <span class='ocrx_word' id='word_1_514' title='bbox 966 4639 1158 4694; x_wconf 74' lang='lat' dir='ltr'><strong>Steckl</strong></span> <span class='ocrx_word' id='word_1_515' title='bbox 1200 4638 1531 4691; x_wconf 75' lang='lat' dir='ltr'><strong>Geschichte</strong></span> <span class='ocrx_word' id='word_1_516' title='bbox 1572 4637 1672 4691; x_wconf 87' lang='lat' dir='ltr'><strong>der</strong></span> <span class='ocrx_word' id='word_1_517' title='bbox 1722 4635 1975 4691; x_wconf 85' lang='lat' dir='ltr'><strong>Philoso-</strong></span> 
     </span>
    </p>

    <p class='ocr_par' dir='ltr' id='par_1_7' title="bbox 735 4704 3264 4777">
     <span class='ocr_line' id='line_1_51' title="bbox 735 4704 3264 4777; baseline -0.005 -12"><span class='ocrx_word' id='word_1_518' title='bbox 735 4712 826 4765; x_wconf 90' lang='lat' dir='ltr'><strong>hie</strong></span> <span class='ocrx_word' id='word_1_519' title='bbox 867 4711 965 4764; x_wconf 85' lang='lat' dir='ltr'><strong>des</strong></span> <span class='ocrx_word' id='word_1_520' title='bbox 1011 4711 1083 4766; x_wconf 87' lang='lat' dir='ltr'><strong>M.</strong></span> <span class='ocrx_word' id='word_1_521' title='bbox 1113 4713 1179 4766; x_wconf 87' lang='lat' dir='ltr'><strong>A.</strong></span> <span class='ocrx_word' id='word_1_522' title='bbox 1208 4711 1273 4774; x_wconf 83' lang='lat'><strong>11,</strong></span> <span class='ocrx_word' id='word_1_523' title='bbox 1306 4715 1473 4768; x_wconf 75' lang='lat'>1022:</span> <span class='ocrx_word' id='word_1_524' title='bbox 1526 4708 1766 4763; x_wconf 87' lang='lat' dir='ltr'><strong>Werner</strong></span> <span class='ocrx_word' id='word_1_525' title='bbox 1793 4708 1891 4762; x_wconf 89' lang='lat' dir='ltr'><strong>der</strong></span> <span class='ocrx_word' id='word_1_526' title='bbox 1918 4709 1972 4768; x_wconf 84' lang='lat' dir='ltr'><strong>h,</strong></span> <span class='ocrx_word' id='word_1_527' title='bbox 2110 4715 2142 4772; x_wconf 86' lang='grc' dir='ltr'><strong>ι)</strong></span> <span class='ocrx_word' id='word_1_528' title='bbox 2172 4707 2253 4762; x_wconf 89' lang='lat' dir='ltr'><strong>Cs·</strong></span> <span class='ocrx_word' id='word_1_529' title='bbox 2283 4709 2352 4762; x_wconf 91' lang='lat' dir='ltr'><strong>de</strong></span> <span class='ocrx_word' id='word_1_530' title='bbox 2379 4709 2483 4762; x_wconf 87' lang='lat' dir='ltr'><strong>hoc</strong></span> <span class='ocrx_word' id='word_1_531' title='bbox 2510 4709 2564 4770; x_wconf 84' lang='grc'><strong>1.,</strong></span> <span class='ocrx_word' id='word_1_532' title='bbox 2606 4726 2776 4777; x_wconf 87' lang='lat' dir='ltr'><strong>quem</strong></span> <span class='ocrx_word' id='word_1_533' title='bbox 2826 4709 2931 4763; x_wconf 87' lang='lat' dir='ltr'><strong>viri</strong></span> <span class='ocrx_word' id='word_1_534' title='bbox 2957 4707 3153 4763; x_wconf 79' lang='lat' dir='ltr'><strong>eruditi</strong></span> <span class='ocrx_word' id='word_1_535' title='bbox 3175 4704 3264 4757; x_wconf 71' lang='lat' dir='ltr'><strong>lau·</strong></span> 
     </span>
    </p>

    <p class='ocr_par' dir='ltr' id='par_1_8' title="bbox 693 4772 3260 4924">
     <span class='ocr_line' id='line_1_52' title="bbox 742 4772 3260 4851; baseline -0.004 -14"><span class='ocrx_word' id='word_1_536' title='bbox 742 4784 938 4837; x_wconf 82' lang='lat' dir='ltr'><strong>homas</strong></span> <span class='ocrx_word' id='word_1_537' title='bbox 990 4783 1081 4849; x_wconf 85' lang='lat'><strong>111,</strong></span> <span class='ocrx_word' id='word_1_538' title='bbox 1133 4788 1217 4845; x_wconf 76' lang='lat'><strong>22,</strong></span> <span class='ocrx_word' id='word_1_539' title='bbox 1285 4782 1383 4850; x_wconf 89' lang='lat' dir='ltr'><strong>qui</strong></span> <span class='ocrx_word' id='word_1_540' title='bbox 1437 4781 1628 4851; x_wconf 88' lang='lat' dir='ltr'><strong>plures</strong></span> <span class='ocrx_word' id='word_1_541' title='bbox 1678 4780 1975 4850; x_wconf 86' lang='lat' dir='ltr'><strong>opiniones</strong></span> <span class='ocrx_word' id='word_1_542' title='bbox 2030 4779 2173 4833; x_wconf 81' lang='lat' dir='ltr'><strong>dant</strong></span> <span class='ocrx_word' id='word_1_543' title='bbox 2233 4780 2448 4847; x_wconf 88' lang='lat' dir='ltr'><strong>quique</strong></span> <span class='ocrx_word' id='word_1_544' title='bbox 2511 4797 2677 4849; x_wconf 81' lang='lat' dir='ltr'><strong>saepe</strong></span> <span class='ocrx_word' id='word_1_545' title='bbox 2741 4781 2972 4850; x_wconf 84' lang='lat' dir='ltr'><strong>prodiit,</strong></span> <span class='ocrx_word' id='word_1_546' title='bbox 3022 4772 3260 4835; x_wconf 76' lang='lat' dir='ltr'><strong>Fabricius</strong></span> 
     </span>
     <span class='ocr_line' id='line_1_53' title="bbox 693 4853 2218 4924; baseline -0.001 -17"><span class='ocrx_word' id='word_1_547' title='bbox 693 4854 882 4908; x_wconf 88' lang='lat' dir='ltr'><strong>minus</strong></span> <span class='ocrx_word' id='word_1_548' title='bbox 910 4853 1234 4924; x_wconf 82' lang='lat' dir='ltr'><strong>probandas</strong></span> <span class='ocrx_word' id='word_1_549' title='bbox 1259 4854 1311 4907; x_wconf 92' lang='lat' dir='ltr'><strong>ei</strong></span> <span class='ocrx_word' id='word_1_550' title='bbox 1340 4853 1557 4907; x_wconf 86' lang='lat' dir='ltr'><strong>tribuit.</strong></span> <span class='ocrx_word' id='word_1_551' title='bbox 2031 4853 2069 4912; x_wconf 87' lang='lat'><strong>1,</strong></span> <span class='ocrx_word' id='word_1_552' title='bbox 2098 4856 2218 4907; x_wconf 79' lang='grc'>284.</span> 
     </span>
    </p>
   </div>
   <div class='ocr_carea' id='block_1_5' title="bbox 2031 4677 2346 4685">
    <p class='ocr_par' dir='ltr' id='par_1_9' title="bbox 2031 4677 2346 4685">
     <span class='ocr_line' id='line_1_54' title="bbox 2031 4677 2346 4685; baseline 0 679"><span class='ocrx_word' id='word_1_553' title='bbox 2031 4677 2346 4685; x_wconf 95' lang='lat' dir='ltr'><strong> </strong></span> 
     </span>
    </p>
   </div>
  </div>
 </body>
</html>
