3475 5364
528 382 692 436 1255
798 367 1169 422 1520—1540.
1197 362 1509 433 Theologia
1534 362 1648 433 pol.
1674 361 1736 416 in
1766 361 1885 416 ord.
1915 360 2053 415 Min.
2080 361 2560 431 Apobolymaeus,
2587 360 2862 426 Herborn‚
2973 377 3139 432 1256

523 552 591 609 de
621 553 738 609 vita
767 551 1087 609 christiana
1109 568 1215 608 seu
1233 550 1434 626 potius
1451 549 1805 608 christiano·
1828 545 1838 612 Ι
1860 567 1995 617 nus,
2043 549 2149 624 qui
2182 549 2347 607 solus
2378 567 2446 607 ea
2475 549 2540 606 in
2572 547 2797 606 ditione
2828 546 3144 606 defectioni

521 640 864 709 monastica,
889 658 1067 714 quam
1088 638 1236 698 bene
1256 638 1540 697 adversus
1564 637 1805 697 vivendi
1863 638 1937 696 ab
1970 638 2126 696 avita
2157 637 2434 708 Ecclesia,
2483 655 2660 712 quam
2706 636 2968 695 famosus
3003 636 3144 694 Phi-

522 729 821 788 licentiam
855 728 1225 787 lutheranam
1274 730 1510 798 tuetur3
1558 728 1626 785 de
1670 746 1806 785 vera
1863 726 2063 803 lippus
2096 727 2166 786 de
2197 726 2412 785 Hassis
2456 725 2800 794 induxerat,
2849 744 2912 784 se
2956 744 3143 801 oppo-

522 819 779 876 libertate
841 818 1186 896 evanqelica,
1245 817 1548 893 Tubingae
1607 825 1804 879 1525:
1862 817 2002 885 suit,
2037 816 2176 874 hinc
2206 835 2340 874 cum
2362 814 2662 874 sodalibus
2680 815 2808 873 loco
2826 814 3030 873 cedere
3049 819 3147 873 est

523 908 1040 966 indissolubilitatis
1062 908 1422 964 matrimonii
1453 925 1592 964 vera
1613 905 1802 964 decla·
1861 908 2113 963 coactus.
2148 904 2626 964 Concionatorem
2677 904 2739 961 in
2768 904 3011 962 ecclesia
3042 920 3146 962 ca-

522 996 690 1065 ratio‚
724 995 805 1056 ib.
849 1005 1045 1065 15253
1077 996 1147 1053 de
1176 998 1356 1054 missa
1388 996 1637 1070 ejusque
1668 1013 1804 1070 par·
1860 994 2117 1053 thedrali
2166 994 2437 1053 Coloniae
2499 994 2626 1071 egit
2686 996 2868 1067 atque
2917 992 3147 1051 ordinis

523 1086 686 1144 tibus
732 1085 1077 1143 intermixta
1120 1086 1370 1143 materia
1414 1084 1484 1142 de
1533 1083 1802 1142 satisfac·
1861 1083 2219 1158 provinciam
2321 1082 2714 1142 coloniensem
2806 1080 3148 1141 moderatus

523 1175 685 1234 tione
716 1178 777 1233 et
819 1174 1166 1251 purgatorio
1187 1218 1200 1243 ,
1253 1174 1430 1233 etiam
1472 1172 1807 1249 germanice
1861 1179 1954 1231 est
1971 1167 2032 1250 ι).
2094 1173 2334 1231 Praeter
2381 1172 2496 1231 alia
2544 1171 2729 1230 edidit
2779 1173 3148 1229 Assertiones

531 1273 732 1334 15253
791 1262 930 1321 Vom
975 1264 1217 1341 Ταφίων,
1269 1261 1565 1321 Miinchen
1602 1271 1805 1331 15253
1867 1261 2143 1320 CCCXX
2151 1261 2210 1320 V
2236 1261 2519 1320 adversus
2549 1261 2643 1323 Fr.
2675 1260 2978 1319 Lamberti
3024 1261 3148 1319 exi-

524 1358 599 1415 tr.
637 1361 715 1416 30
752 1356 857 1410 art.
890 1355 1095 1410 contra
1138 1352 1416 1411 sectarios
1461 1358 1806 1410 coaetaneos
1861 1350 1990 1410 ticii
2022 1350 2288 1409 monachi
2320 1349 2612 1427 paradoxa
2642 1349 2825 1425 impia
2842 1368 2908 1408 ac
2927 1350 3148 1408 erroris

524 1440 875 1512 defendens3
908 1441 1164 1501 Satanas
1194 1460 1252 1500 se
1282 1441 1716 1514 transformans
1747 1441 1808 1497 in
1862 1440 2054 1516 plena,
2102 1439 2374 1499 Coloniae
2414 1447 2612 1510 15263
2664 1438 2903 1497 Parisiis
2941 1448 3148 1509 1534;

525 1532 789 1609 anqelum
833 1532 977 1589 lucis
1006 1529 1072 1587 in
1102 1530 1442 1606 EvangeliO,
1490 1529 1808 1589 christiana
1863 1529 2150 1587 Locorum
2197 1531 2584 1587 communium
2632 1528 2913 1587 adversus
2964 1527 3150 1603 hujus

524 1620 799 1689 Ecclesia,
845 1618 1107 1695 primatu
1139 1619 1300 1678 Petri
1339 1622 1400 1678 et
1429 1618 1806 1695 generalibus
1862 1619 2144 1694 temporis
2165 1618 2432 1676 haereses
2446 1617 2850 1693 Enchiridion,
2872 1617 3151 1676 Coloniae

526 1708 1089 1777 conciliisdetectus,
1112 1707 1433 1778 Monachii3
1466 1710 1534 1766 de
1565 1708 1809 1765 articulo
1871 1716 2073 1777 15283
2134 1717 2318 1777 1529,
2369 1707 2754 1784 praecipuum
2799 1708 2928 1783 ejus
2972 1724 3148 1781 opus,

526 1817 779 1874 erroneo,
817 1797 976 1873 quod
1008 1798 1206 1856 anima
1236 1797 1451 1856 Christi
1484 1798 1620 1872 post
1649 1816 1807 1855 mor·
1862 1796 1959 1854 cui
1991 1796 2192 1855 addita
2241 1800 2386 1854 sunt
2417 1796 2716 1855 Methodus
2750 1796 3151 1869 praedicandi

524 1891 644 1946 tem
679 1888 899 1946 inferos
934 1887 1292 1946 descendens
1337 1886 1423 1945 ibi
1462 1904 1679 1962 poenas
1713 1886 1807 1944 in·
1861 1885 2013 1943 verbi
2043 1887 2226 1944 divim*
2255 1884 2768 1944 concionatoribus
2801 1903 2935 1943 cum
2969 1884 3146 1943 utilis

525 1977 778 2036 fernales
842 1977 1211 2035 sustinuerit.
1304 1976 1462 2034 Haec
1522 1976 1809 2051 opuscula
1861 1977 1988 2033 tum
2023 1975 2430 2046 accommoda;
2476 1976 2545 2033 de
2574 1977 2727 2033 notis
2759 1992 2925 2033 verae
2953 1974 3145 2033 Eccle-

529 2066 750 2141 scripta
779 2068 920 2124 sunt
950 2066 1297 2142 germanice.
1340 2065 1602 2122 Examen
1632 2083 1806 2123 nova·
1861 2066 1985 2122 siae
2029 2065 2102 2122 ab
2147 2063 2418 2122 adultera
2455 2063 2884 2140 dignoscenda3
2936 2063 3149 2122 Mona-s

528 2175 661 2215 rum
693 2156 1087 2213 doctrinarum
1109 2172 1216 2231 pro
1236 2153 1630 2212 elucidatione
1651 2154 1807 2212 veri·
1860 2160 2257 2212 sacrosanctae
2277 2154 2623 2228 evanyelicae
2636 2153 2934 2212 doctrinae
2952 2153 3026 2210 ab
3049 2171 3146 2211 or-

526 2245 670 2303 tatis
702 2244 1072 2322 evangelicae
1105 2248 1167 2302 et
1185 2244 1504 2303 catholicae
1536 2243 1804 2301 efforma·
1862 2242 2136 2302 thodoxis
2157 2242 2431 2318 patribus
2452 2243 2641 2301 veluti
2663 2260 2770 2317 per
2790 2260 3002 2300 manus
3021 2246 3144 2299 tra-

526 2337 676 2404 tum,
708 2334 771 2392 in
803 2352 922 2409 quo
954 2332 1026 2391 de
1058 2333 1334 2393 omnibus
1360 2332 1484 2390 fere
1515 2332 1807 2408 dogmati-
1864 2330 2007 2401 dita,
2043 2330 2318 2391 Coloniae
2358 2340 2562 2401 1529;
2596 2330 2910 2389 Paradoxa
2940 2332 3143 2389 theolo-

527 2424 640 2481 bus
674 2423 737 2480 in
756 2422 1217 2481 controversiam
1235 2424 1379 2480 tunc
1397 2421 1681 2497 temporis
1704 2438 1806 2480 vo·
1857 2422 1988 2499 yica
2005 2420 2289 2480 adversus
2309 2438 2384 2478 ne
2393 2420 2641 2479 storicos
2674 2420 3013 2492 haereticOS,
3035 2421 3144 2477 Pa-

526 2513 673 2571 catis
706 2511 991 2586 disputat,
1040 2511 1240 2569 Ulmae
1294 2518 1494 2579 15233
1541 2511 1808 2586 apoloqia
1862 2510 2023 2568 risiis
2053 2509 2699 2579 1534;E'narrationes
2718 2505 2935 2567 latinae
2951 2509 3145 2567 Evan-

527 2597 646 2676 pro‘
666 2598 723 2659 ff.
757 2600 895 2658 Min.
929 2619 1049 2675 reg.
1072 2600 1299 2661 observ.
1320 2599 1603 2658 adversus
1626 2599 1807 2658 Boni·
1859 2600 2140 2677 yeliorum
2163 2600 2779 2675 quadraqesimalium‚
2813 2616 2964 2673 quas
2985 2596 3146 2674 apud

526 2691 738 2750 fatium
784 2689 857 2747 de
890 2691 1038 2748 Ceva
1082 2689 1504 2764 provincialem
1539 2689 1711 2747 Conv.
1745 2689 1809 2747 in
1863 2689 2158 2748 Coloniam
2174 2692 2241 2746 A.
2263 2689 2598 2766 germanice
2631 2688 2704 2746 ad
2738 2689 3026 2764 populum
3045 2689 3143 2746 de-

527 2780 737 2846 Gallia‚
771 2778 1031 2838 Basileae
1073 2790 1237 2842 1516
1261 2779 1369 2837 etc.
1390 2812 1466 2822 —-
1488 2778 1528 2836 J
1538 2795 1807 2836 oannes
1863 2778 2172 2848 clamarat,
2225 2779 2586 2853 Antverpiae
2644 2786 2840 2848 1533;
2907 2777 3147 2836 Parisiis

528 2868 1156 2944 Apobolymaeus
1216 2863 1459 2949 (nomen
1511 2885 1806 2943 graecum,
1872 2874 2054 2929 1593.
2109 2867 2200 2924 Ab
2251 2866 2544 2942 episcopis
2596 2866 2817 2924 Daniae
2868 2866 3147 2924 Hafniam

528 2956 850 3015 vocabatur
879 2956 1116 3031 proprie
1146 2956 1459 3014 Findlin
1469 2953 1533 3036 g)
1569 2956 1632 3014 Ο.
1665 2956 1807 3017 Min.
1865 2952 2318 3038 (Kopenhagen)
2341 2955 2634 3014 invitatus
2654 2955 2787 3024 fuit,
2811 2958 2880 3013 ut
2901 2956 3144 3014 nutanti

529 3044 896 3104 Stauronesii
930 3042 1323 3126 (Kreuznach)
1371 3063 1427 3102 n.
1476 3048 1683 3103 auctor
1713 3049 1809 3103 est
1864 3045 2159 3104 Ecclesiae
2189 3044 2372 3103 ferret
2411 3044 2736 3120 suppetias.
2791 3043 2971 3102 Venit
3002 3044 3151 3102 Haf-

527 3153 618 3211 op.
640 3134 758 3193 rari
774 3133 1091 3193 admodum
1108 3133 1353 3193 Lutheri
1372 3134 1808 3193 antilutherana
1862 3134 2020 3192 niam
2039 3177 2052 3203 ,
2099 3152 2338 3192 causam
2382 3134 2730 3192 catholicam
2761 3132 3022 3191 defendit
3053 3137 3150 3192 at-

592 3268 605 3281 .
654 3269 666 3281 .
714 3231 988 3300 conyesta.
1050 3223 1412 3282 Assertionis
1462 3223 1808 3282 lutheranae
1861 3241 1982 3297 que
2015 3222 2432 3282 solidissimam
2464 3223 2882 3299 egregiamque
2915 3240 3148 3297 compo·

527 3313 855 3372 confutatio
887 3315 1122 3371 centum
1155 3314 1439 3381 locorum,
1487 3313 1552 3370 in
1585 3312 1806 3387 quibus
1863 3312 1983 3371 suit
2015 3312 2485 3371 confutationem
2521 3321 2597 3374 27
2635 3315 2743 3369 art.
2777 3318 3144 3380 novatorum,

527 3402 655 3478 ipse
685 3402 981 3461 Lutherus
1015 3401 1132 3460 sibi
1170 3402 1291 3477 ipsi
1321 3401 1671 3460 contradicit
1700 3421 1809 3478 per
1862 3421 1897 3460 a
1931 3401 2148 3476 quibus
2169 3405 2485 3477 propterea
2507 3400 2860 3476 joculariter
2878 3399 3144 3459 nomina·

525 3492 765 3552 modum
812 3491 1030 3568 dialogi
1078 3487 1259 3573 (inter
1314 3490 1808 3565 Lutherophilum
1862 3494 1963 3549 tus
1983 3490 2396 3566 fuitStagef
2403 3509 2443 3566 y
2459 3485 2570 3572 ιθ).
2605 3490 2834 3548 Prodiit
2858 3489 3143 3564 inscripta

526 3587 587 3641 et
618 3576 997 3661 catholicum)
1032 3599 1075 3639 S.
1110 3581 1148 3640 l.
1187 3588 1352 3644 1528
1387 3580 1451 3638 in
1485 3588 1558 3650 8.,
1593 3580 1657 3638 in
1689 3598 1807 3656 quo
1864 3578 2641 3653 ConftctatioLutheranismi
2663 3579 2861 3636 danici
2882 3599 2937 3642 a.
2960 3587 3145 3644 1530.

528 3670 787 3731 ostendit
805 3670 1131 3729 Lutherum
1151 3687 1520 3737 coacervasse
1540 3688 1803 3728 errorum
1863 3687 2023 3727 nunc
2052 3669 2312 3743 primum
2343 3668 2433 3730 ed.
2466 3688 2501 3726 a
2531 3669 2590 3726 L.
2626 3667 2882 3727 Schmitt
2914 3667 2968 3725 S.
2990 3667 3044 3725 J.
3075 3666 3149 3725 ad

526 3762 778 3819 cloacam
796 3755 875 3840 1):
917 3756 1268 3838 Anzaiyuny
1297 3777 1526 3834 zwayer
1551 3759 1808 3832 falschen
1863 3760 2066 3833 Aquas
2099 3756 2288 3815 claras
2328 3766 2514 3820 1902.
2563 3757 2652 3816 Ob
2685 3775 2860 3815 suum
2893 3774 3000 3833 pro
3033 3757 3149 3814 dis·

529 3851 765 3927 Zunqen
809 3850 908 3908 des
953 3848 1234 3924 Luthers,
1284 3848 1393 3906 wie
1438 3866 1502 3906 er
1546 3849 1660 3907 mit
1704 3848 1810 3906 der
1864 3847 2086 3922 ciplina
2134 3846 2415 3923 religiosa
2462 3847 2655 3905 zelum
2716 3845 2913 3904 dictus
2977 3849 3066 3904 est
3116 3864 3152 3902 a

526 3940 701 3997 ainen
763 3937 858 3997 die
908 3956 1134 4013 pauren
1183 3936 1473 4007 verfiiret,
1537 3938 1644 3995 mit
1705 3937 1810 3995 der
1865 3936 2162 3995 Clemente
2198 3934 2320 3993 VII.
2354 3935 2611 3994 vicarius
2643 3933 2935 4012 generalis
2978 3934 3148 3993 fami-

527 4027 751 4086 andern
797 4046 865 4102 sy
911 4027 1275 4085 verdammet
1318 4026 1449 4095 hat,
1501 4026 1812 4085 Landshut

537 4125 721 4178 1526·
1545 4206 1549 4209 .
1946 4148 1980 4211 ι)
2010 4142 2091 4196 Cf.
2120 4142 2172 4195 N
2178 4143 2276 4195 ebe
2306 4141 2375 4194 N.
2404 4141 2680 4204 Herborn,
2709 4142 2966 4196 Herborn
2993 4144 3149 4200 1862:

1867 4215 2092 4270 Streber
2131 4213 2243 4273 KL.
2289 4213 2383 4276 IV,
2426 4217 2596 4269 1348:
2650 4213 2919 4266 Sbaralea
2988 4252 3000 4264 .
3027 4216 3150 4268 556.

624 4302 765 4357 539,
813 4293 985 4352 Alius
1033 4296 1313 4352 strenuus
1359 4294 1536 4369 hujus
1581 4293 1808 4354 ordinis
1864 4287 2036 4340 Juxta
2062 4283 2404 4338 Bellesheim
2433 4283 2628 4338 Gesch.
2656 4284 2756 4337 der
2771 4284 2927 4338 kath.
2999 4283 3151 4337 irche

528 4382 665 4443 fidei
710 4382 1030 4442 catholicae
1076 4383 1388 4460 apologeta
1436 4383 1555 4441 fuit
1591 4384 1806 4442 Nico·
1866 4357 1928 4410 in
1955 4356 2190 4438 scthfl·
2219 4358 2258 4421 l’
2285 4361 2392 4437 4559
2429 4356 2522 4409 hic
2549 4356 2662 4409 fnif'
2685 4356 2920 4436 naf'ionF
2947 4354 3151 4410 3⁰⁰&st

1867 4447 1930 4482 ex
1959 4427 2139 4487 n0b1h
2180 4427 2417 4491 familia,
2465 4445 2611 4495 quae
2639 4427 3151 4497 cognomlnabatur

528 4473 700 4531 laus
732 4471 1046 4541 Ferber,
1082 4472 1640 4546 saepeHerborn
1672 4491 1808 4549 cog·
1869 4501 2239 4570 Hepburn.

529 4561 868 4620 nominatus
900 4580 933 4619 a
975 4562 1099 4619 loco
1132 4561 1464 4619 nativitatis
1495 4561 1560 4620 in
1592 4562 1809 4621 Nasso·
1942 4575 1981 4643 2)
2009 4571 2091 4625 Cf.
2123 4570 2180 4623 L.
2207 4569 2453 4624 Schmitt
2469 4570 2523 4623 S.
2542 4570 2572 4622 J
2582 4610 2594 4621 .
2622 4568 2731 4622 Der
2748 4569 2959 4623 Kolner
2975 4569 3151 4623 Theo-

527 4651 639 4722 via,
674 4656 999 4710 conventus
1045 4650 1484 4726 marburgensis
1529 4651 1809 4728 guardia·
1867 4642 1996 4713 1038
2025 4643 2094 4696 N·
2123 4640 2389 4712 S‘fflgefyr
2432 4642 2552 4695 und
2598 4640 2698 4694 der
2743 4640 3155 4694 Franziskaner

1868 4715 1936 4769 N.
1967 4715 2243 4771 Herborn.
2291 4712 2566 4782 Freiburg
2588 4717 2745 4775 1896,
2790 4713 2850 4765 in
2877 4730 2992 4780 quo
3021 4711 3154 4764 niti-

1867 4788 1961 4839 tur
1988 4787 2282 4840 ostendere
2323 4784 2552 4838 nomine
2593 4783 2690 4838 illo
2733 4783 2972 4851 joculari
2997 4783 3152 4836 huuc

606 4860 643 4921 ¹)
672 4857 753 4910 Cf.
807 4856 960 4910 Floss
1006 4855 1116 4910 KL.
1166 4858 1209 4918 Ι.
1256 4861 1424 4918 1014;
1472 4856 1543 4910 N.
1600 4856 1810 4910 Paulus
1866 4857 2039 4911 fuisse
2067 4857 2449 4926 designatum.
2468 4856 2579 4910 KL.
2609 4855 2701 4919 xl,
2730 4861 2864 4915 7042
2894 4854 3156 4909 C.Krafft

528 4927 806 4980 Katholik
833 4931 989 4984 1892.
1021 4927 1061 4991 I,
1090 4932 1215 4984 550.
1867 4928 2016 4999 Allg.
2045 4928 2098 4983 d.
2125 4929 2210 4983 Bi.
2242 4928 2360 4986 XII.
2386 4932 2616 4983 42—45.
