3475 5364
500 316 529 364 7
548 315 625 366 59
741 300 1112 354 1401—1425.
1143 293 1392 348 Historia
1425 292 1619 354 dioec..
1646 292 1915 346 ordinum
1946 295 2003 345 et
2030 296 2333 346 monaster.
2353 292 2567 357 Petrus,
2587 291 2743 346 Nerli
2761 293 2882 357 etc„
2997 309 3122 362 760

497 482 694 540 Neues
726 499 831 539 aus
881 481 997 538 den
1028 480 1500 556 Herzogtiimern
1532 480 1786 536 Bremen
1840 479 2165 553 impressus
2195 477 2437 536 Parisiis
2481 487 2661 541 1515.
2689 511 2773 522 —
2804 478 3035 537 Florem
3064 484 3128 539 et

498 569 622 629 und
657 569 900 638 Verden‚
936 568 1115 629 Stade
1159 578 1320 632 1779
1343 568 1411 631 Χ.
1447 577 1715 630 179·96;
1753 586 1788 625 8
1841 568 2215 626 decrementa
2287 566 2513 626 ordinis
2573 567 2864 627 teutonici
2924 573 3129 626 narrat

497 658 793 718 Leibnitio
835 658 953 721 Scr.
986 677 1096 717 rer.
1127 658 1374 716 brunsv.
1407 655 1481 727 ΙΙ,
1522 665 1784 720 211-22.
1840 656 2183 714 Joannes
2233 656 2473 714 Linde
2494 656 2759 715 ublatt
2787 658 3128 732 germanice

499 781 581 791 —
619 747 937 807 Chronicon
970 749 1363 822 episcoporum
1395 746 1784 805 mindensium
1841 745 2109 815 reddens,
2142 764 2295 821 quae
2326 745 2514 804 latine
2554 745 2870 821 scripserat
2900 745 2939 803 J
2954 764 3127 806 0811-
3158 753 3163 756 “

499 838 573 896 ab
623 857 673 897 a.
711 847 834 899 780
889 836 1128 911 scripsit
1175 836 1661 894 Hermannus
1712 835 1785 892 de
1839 852 1975 892 nes
2021 835 2094 892 de
2144 833 2445 893 Pusilie
2496 829 2642 915 (von
2675 830 2934 915 Posilge)
2966 835 3130 894 inter

501 925 843 984 Lerbeke
878 926 943 988 Ο.
979 925 1179 986 Praed.
1215 920 1276 1006 (†
1300 943 1347 986 c.
1376 919 1591 1004 1416),
1626 923 1787 999 quod
1841 923 1936 982 88.
1983 942 2094 981 rer.
2140 941 2332 1000 pruss.
2378 922 2483 992 111,
2536 933 2613 986 79
2649 942 2725 982 88.
2776 923 2958 1000 hujus
2988 944 3128 984 nar-

500 1015 656 1074 alius
688 1018 1042 1074 retractasse
1075 1013 1315 1072 videtur
1333 1018 1395 1072 et
1413 1013 1789 1072 continuavit
1840 1013 2133 1072 rationem
2181 1012 2256 1071 ab
2312 1032 2362 1070 a.
2425 1021 2584 1076 1405
2650 1013 3007 1073 continuans
3052 1014 3129 1073 ad

499 1103 571 1162 ad
605 1123 654 1162 a.
695 1114 881 1167 1480.
915 1104 1126 1162 Exstat
1165 1103 1326 1161 inter
1355 1101 1633 1161 Leibnitii
1668 1102 1785 1164 Scr.
1842 1121 1890 1159 8.
1934 1112 2116 1164 1419.
2181 1100 2514 1159 Ediderunt
2553 1101 2608 1159 J.
2641 1100 2824 1178 Voigt
2853 1105 2916 1160 et
2944 1103 3005 1161 F.
3036 1104 3127 1161 W.

500 1212 608 1254 rer.
641 1192 887 1254 brunsv.
920 1191 995 1262 ΙΙ,
1049 1201 1337 1255 157-21
1359 1202 1409 1253 1.
1444 1223 1528 1235 -
1561 1190 1600 1248 J
1616 1209 1782 1250 oan-
1843 1190 2547 1267 Schubert‚K6nigsberg
2570 1191 2816 1253 182318
2835 1200 2889 1253 8.
2907 1192 3020 1250 sub
3035 1192 3129 1251 in·

499 1301 632 1340 nes
676 1281 896 1358 Tylic
915 1281 1093 1339 hius
1139 1281 1516 1357 praepositus
1550 1297 1786 1339 monas·
1842 1281 2163 1355 scriptione
2183 1279 2550 1338 Jahrbacher
2578 1280 2716 1338 oder
2735 1280 2996 1339 Chronik
3027 1281 3130 1340 des

500 1370 640 1430 terii
691 1388 736 1429 8.
784 1370 1047 1429 Mauritii
1099 1369 1224 1432 ord.
1275 1389 1398 1432 can.
1449 1388 1570 1445 reg.
1620 1373 1787 1427 extra
1842 1370 1975 1427 Joh.
2008 1388 2124 1427 von
2154 1369 2259 1427 der
2275 1369 2492 1427 Pusilie
2521 1367 2779 1428 Officials
2803 1370 3127 1430 8113188811-

504 1458 1784 1535 murosnaumburgensescontinuavitchro-
1841 1458 2000 1535 burg
2053 1466 2501 1521 1360-1419.
2548 1491 2636 1501 -
2681 1459 3129 1536 Ludolphus

501 1550 670 1607 nicon
715 1546 1142 1607 Veterocellense
1183 1545 1379 1626 suajus
1408 1565 1515 1607 seu
1545 1548 1787 1605 annales
1843 1566 2103 1623 cami-eg.
2121 1564 2163 1605 s.
2181 1548 2332 1623 Aug.
2352 1546 2516 1616 Saxo,
2548 1546 2734 1606 abbas
2764 1548 3126 1624 saganensis‚

503 1637 1041 1696 Vetero·Cellenses
1074 1637 1445 1695 continentes
1479 1636 1786 1694 historiam
1844 1636 2092 1695 concilio
2109 1635 2319 1711 pisano
2334 1635 2612 1694 interfuit
2625 1636 3127 1714 etdixitscripsit-

505 1726 751 1785 Misniae
781 1726 1193 1785 marchionum
1228 1720 1468 1806 (785-
1487 1735 1602 1788 137
1617 1721 1679 1805 5)
1713 1724 1790 1783 ad
1843 1743 1960 1800 que
1980 1724 2265 1784 adversus
2283 1724 2541 1783 schisma
2561 1721 2621 1806 (†
2644 1721 2858 1805 1422).
2890 1727 3132 1786 Praeter

503 1836 553 1878 a.
597 1824 778 1885 1420,
815 1834 991 1889 quam
1013 1814 1518 1873 continuationem
1550 1814 1791 1872 exhibet
1843 1815 2297 1873 commentarios
2310 1811 2621 1895 (ineditos)
2634 1815 2692 1872 in
2705 1832 2751 1873 s.
2764 1815 3127 1891 Scripturam

504 1907 540 1963 8
565 1906 898 1963 channat
955 1905 1019 1962 in
1082 1904 1252 1962 Vind.
1317 1903 1404 1965 lit.
1468 1912 1647 1965 1724.
1712 1903 1787 1972 11,
1845 1904 2139 1962 tribuitur
2171 1903 2282 1978 ipsi
2329 1903 2624 1979 cataloyus
2656 1904 2926 1963 abbatum
2955 1923 3128 1984 soqu-

509 2002 785 2062 74-90,
828 1997 969 2063 etc.;
1016 1993 1254 2051 demum
1305 1992 1362 2055 J.
1397 1992 1460 2050 O.
1495 1991 1641 2068 Opel
1675 1991 1789 2050 sub
1844 1995 2109 2051 mensium
2170 2002 2619 2060 1217-1398,
2668 1994 2774 2069 qui
2817 2013 2851 2051 a
2894 1994 3130 2055 Petro

503 2083 924 2158 inscriptione:
1004 2082 1093 2140 De
1153 2083 1373 2159 oriyinc
1425 2083 1789 2157 principum,
1847 2082 2186 2157 Waynkn
2206 2081 2382 2141 echt
2458 2077 2538 2162 (fl.
2618 2077 2816 2164 1480)
2879 2082 3129 2159 aliisque

506 2172 899 2230 marchionum
945 2173 1319 2229 misnensium
1349 2177 1399 2228 et
1437 2171 1792 2247 Thurinqiae
1844 2173 2231 2230 continuatus
2263 2172 2357 2229 est
2386 2170 2460 2228 ad
2492 2189 2542 2232 a.
2584 2180 2747 2234 1517
2794 2176 2855 2230 et
2885 2173 3022 2231 dein
3058 2172 3132 2232 ad

503 2263 969 2336 lantaraviorum
1031 2261 1095 2318 in
1159 2260 1623 2334 Mittheilungen
1685 2259 1792 2318 der
1845 2281 1893 2319 a.
1969 2270 2153 2330 1619,
2223 2263 2285 2317 81
2357 2259 2586 2335 prodiit
2661 2260 2822 2335 apud
2899 2262 3132 2321 Stenzel

503 2350 828 2409 deutschen
876 2350 1195 2411 Gesellsch.
1243 2368 1348 2407 zur
1387 2348 1793 2423 Erforschung
1847 2350 2059 2425 Script.
2093 2368 2205 2408 rer.
2240 2349 2332 2406 sil.
2367 2347 2412 2416 Ι,
2455 2357 2817 2412 173-248.
2882 2350 3134 2426 Scripsit

505 2438 828 2497 vaterland.
864 2438 1119 2514 Sprache
1169 2438 1294 2496 und
1328 2439 1695 2497 Altertiimer
1724 2437 1789 2495 in
1846 2445 1907 2497 et
1927 2441 2000 2497 tr.
2022 2438 2375 2516 dclonyacvo
2404 2438 2709 2496 schismate
2723 2438 3133 2499 ed.aLoserth

508 2526 759 2605 Leipzig,
792 2527 1025 2601 Lipsiae
1071 2536 1232 2589 1874
1267 2528 1310 2584 Ι.
1347 2526 1480 2585 fasc.
1519 2535 1573 2586 2.
1598 2545 1653 2601 p.
1680 2536 1790 2587 44-
1847 2527 1908 2585 in
1943 2527 2115 2585 Arch.
2149 2527 2187 2585 f.
2221 2531 2331 2586 ost.
2356 2527 2702 2585 Geschichte
2720 2527 2835 2599 Lx,
2861 2538 2895 2589 2
2934 2524 3132 2611 (Wien

517 2627 653 2680 105.
717 2649 804 2666 ψ·-
866 2616 1286 2674 Udalricus
1350 2615 1792 2691 Onsorgius
1857 2612 2067 2696 1880),
2105 2626 2231 2678 404
2267 2634 2343 2677 88.
2384 2649 2471 2659 ——
2519 2615 2701 2675 Otto
2747 2617 3134 2695 Kultzing

506 2707 822 2766 canonicus
852 2705 1286 2764 ratisbonensis
1332 2704 1580 2779 reliquit
1624 2705 1789 2762 chro-
1851 2706 1914 2766 Ο.
1977 2706 2202 2764 Praem.
2264 2706 2639 2781 praepositus
2701 2706 2764 2764 in
2825 2707 3134 2785 Hilgental

505 2798 672 2854 nicon
703 2797 997 2853 Baooriac
1015 2796 1089 2853 ab
1108 2814 1157 2855 a.
1182 2802 1596 2863 602-1432,
1631 2792 1792 2867 quod
1847 2815 1896 2853 a.
1942 2803 2104 2857 1423
2153 2795 2335 2854 refert
2378 2796 2449 2853 de
2484 2795 2830 2869 fundatione
2862 2804 2912 2855 et
2941 2804 3134 2856 trans-

508 2904 573 2942 ex
607 2884 974 2960 autographo
1015 2883 1203 2941 edidit
1236 2882 1433 2941 Oefele
1477 2900 1589 2940 rer.
1641 2881 1789 2940 boic.
1847 2885 2058 2943 latione
2117 2886 2454 2943 monosterii
2513 2885 2607 2942 sui
2668 2883 2730 2942 18
2792 2885 3131 2963 Luneburg,

510 2974 709 3049 script.
741 2973 788 3042 Ι,
826 2980 1092 3041 356·69,
1128 2972 1288 3030 sicut
1307 2972 1486 3030 etiam
1518 2975 1793 3047 excerpta
1848 2991 2003 3049 qnae
2034 2972 2244 3032 relatio
2275 2976 2469 3032 exstat
2514 2974 2577 3030 in
2608 2972 2889 3033 Leibnitii
2925 2974 3132 3051 Script.

509 3063 586 3123 ib.
623 3071 878 3125 370-7
891 3070 925 3122 3
974 3079 1042 3119 ex
1076 3062 1206 3135 ejus
1236 3054 1492 3138 cotoloyo
1525 3078 1792 3118 romano-
1847 3081 1956 3121 rer.
2032 3062 2277 3121 brunsv.
2340 3063 2414 3132 II,
2482 3070 2623 3125 383.
2691 3097 2774 3105 —-
2834 3065 3132 3125 Antonius

509 3168 642 3208 rum
698 3150 1038 3225 pontificum
1098 3157 1147 3207 et
1209 3152 1642 3225 imperatorum.
1703 3182 1791 3191 —
1851 3151 1901 3209 N
1921 3151 2075 3210 erli
2120 3152 2278 3210 OSB.
2324 3151 2505 3210 abbas
2537 3151 2781 3226 scripsit
2830 3154 3135 3212 chronicon

509 3237 748 3298 Ghert
777 3238 1277 3315 Bynesberch
1307 3240 1561 3297 vicarius
1594 3238 1791 3297 cathe-
1850 3241 2027 3299 breve
2078 3240 2419 3299 monasterii
2484 3241 2792 3299 mantuani
2843 3237 3135 3323 (1017-

509 3323 979 3410 dralis(†1406)
1006 3332 1068 3387 et
1094 3328 1492 3387 Herbertus
1526 3327 1793 3386 Schene
1862 3325 2048 3409 1418)
2084 3330 2171 3388 ed.
2206 3349 2239 3387 a
2271 3330 2559 3388 Muratori
2604 3330 2762 3389 inter
2793 3330 2891 3393 88.
2923 3349 3034 3389 rer.
3068 3332 3132 3389 it.

509 3419 823 3478 canonicus
868 3435 914 3476 s.
961 3418 1273 3477 Anacharii
1320 3414 1380 3499 (†
1420 3412 1793 3499 1⁸13—18)
1850 3418 2050 3489 XXIV,
2085 3428 2443 3482 1073-84.
2477 3451 2563 3462 --
2596 3419 2848 3478 Maxime
2867 3420 3135 3480 innotuit

509 3507 876 3582 scripserunt
924 3507 1253 3566 Bremischc
1307 3506 1564 3565 Chronik
1619 3503 1794 3588 (opus
1848 3508 2498 3566 Bartholomaeus
2574 3508 2874 3567 Albizzi
2940 3505 3133 3591 (Albi-

509 3591 862 3677 pretiosum)
897 3595 969 3654 ab
1001 3595 1236 3655 exordio
1255 3596 1795 3671 archiepiscopatus
1851 3592 2007 3678 cius)
2042 3596 2105 3655 Ο.
2141 3597 2280 3654 Μ18.
2314 3600 2488 3655 etiam
2523 3597 2596 3655 de
2627 3598 2765 3655 Pisa
2780 3596 2847 3678 ¹),
2880 3600 3133 3658 Pisanus

508 3685 581 3744 ad
614 3705 726 3745 sua
754 3690 1037 3761 tempora,
1086 3705 1264 3762 quam
1295 3685 1400 3744 alii
1430 3684 1503 3742 ad
1536 3705 1585 3742 a.
1630 3694 1790 3747 1518
1848 3686 2063 3755 dictus,
2081 3704 2137 3743 n.
2156 3686 2218 3744 in
2238 3686 2454 3763 oppido
2494 3686 2821 3745 Rinovecho
2844 3687 3132 3747 Etruriae.

509 3779 953 3835 continuarunt.
1002 3774 1145 3833 Eam
1189 3775 1376 3833 edidit
1407 3774 1796 3849 Lappenberg
1850 3775 2202 3851 Theologiae
2234 3779 2363 3834 erat
2393 3776 2614 3845 doctor,
2646 3795 2825 3852 quam
2857 3777 3133 3851 pluribus¹

508 3866 569 3922 in
603 3863 1178 3939 Geschichtsquellen
1208 3863 1312 3922 des
1345 3864 1647 3922 Erzstit'tes
1668 3862 1795 3921 und
1848 3865 1909 3921 in
1943 3864 2335 3922 conventibus
2368 3870 2459 3923 est
2477 3865 2794 3940 professus.
2828 3864 3006 3925 Verbi
3032 3865 3135 3925 Dei

508 3953 614 4011 der
647 3952 818 4011 Stadt
847 3954 1100 4011 Bremen
1134 3974 1188 4027 p.
1226 3963 1546 4016 55—176.
1850 3954 2322 4012 concionatorem
2386 3972 2603 4030 magno
2654 3955 2851 4013 fructu
2901 3955 3026 4031 egit
3074 3955 3136 4013 in

1849 4042 2182 4117 praecipuis
2215 4043 2421 4101 Italiae
2452 4043 2831 4102 civitatibus:
2866 4044 3134 4102 virenim

603 4140 746 4194 381.
780 4131 1060 4189 Petrus
1093 4132 1164 4190 de
1197 4131 1398 4189 Vena
1431 4131 1496 4194 O.
1531 4131 1585 4189 S.
1622 4134 1791 4207 Aug„
1849 4135 1978 4190 erat
2008 4150 2256 4205 magnae
2288 4132 2688 4191 abstinentiae
2733 4132 2807 4191 ad
2853 4133 3135 4208 pristinae

508 4220 849 4291 Tolosanus,
881 4239 926 4278 s.
957 4220 1290 4296 theologiae
1319 4219 1525 4279 doctor
1555 4222 1793 4295 aquita-
1854 4221 2161 4295 religionis
2211 4240 2477 4279 normam
2528 4221 2739 4289 1801118,
2787 4241 2964 4297 quam
3000 4241 3135 4298 pro-

509 4329 644 4368 nam
676 4309 953 4385 primum,
990 4310 1125 4369 dein
1153 4311 1483 4369 tolosanam
1522 4308 1791 4368 laudabi-
1853 4328 2087 4367 movere
2119 4314 2486 4385 paupertate,
2516 4310 2871 4378 humilitate,
2906 4312 3133 4387 patien-

508 4399 815 4458 literrexit
834 4399 1210 4475 provinciam.
1229 4400 1298 4457 In
1321 4398 1582 4475 capitulo
1613 4417 1793 4474 gene·
1850 4399 1937 4456 tia
1968 4399 2299 4473 ceterisque
2331 4400 2659 4458 virtutibus
2686 4401 2855 4458 enixe
2870 4403 3134 4471 curabat,

513 4489 623 4546 rali
657 4506 897 4547 romano
929 4490 1155 4548 electus
1175 4489 1349 4548 estin
1370 4488 1593 4547 ordinis
1624 4506 1792 4562 prae·
1855 4489 1929 4548 ob
1964 4487 2123 4561 quod
2158 4506 2426 4565 magnam
2452 4489 2546 4547 sui
2568 4490 2825 4548 nominis
2857 4508 3135 4549 consecu-

509 4578 772 4655 positum
801 4588 986 4647 1412,
1022 4597 1139 4653 quo
1155 4596 1400 4636 munere
1417 4577 1790 4651 septennium

508 4667 858 4744 Ρθΐῖὓῑῐῑθω·8
875 4673 965 4727 03⁴⁶
982 4665 1043 4748 (†
1072 4678 1180 4730 ¹4¹
1201 4663 1281 4747 9)·
1317 4669 1490 4724 Anno
1519 4676 1679 4728 ¹4¹4
1699 4666 1792 4724 ω’
1931 4718 1966 4783 ¹)
1996 4712 2292 4782 Distingui
2308 4713 2480 4767 debet
2502 4730 2536 4766 a
2564 4711 3138 4766 Bartholomaeo

507 4758 722 4817 terfuit
740 4758 987 4816 concilio
1009 4755 1454 4815 constantiensi.
1480 4755 1622 4830 Ejus
1642 4774 1793 4830 opus
1850 4784 1920 4839 de
1947 4783 1989 4836 p
2007 4784 2024 4836 i
2043 4802 2068 4837 8
2085 4801 2118 4837 a
2146 4787 2207 4839 Ο·
2238 4784 2450 4847 praed„
2479 4783 2548 4838 de
2577 4801 2691 4851 quo
2716 4798 2891 4852 „upra
2917 4782 3138 4853 egimus

507 4849 577 4905 de
615 4849 836 4924 oriqine
879 4847 1104 4905 ordinis
1135 4865 1181 4904 s.
1214 4846 1528 4921 Auyustini
1574 4844 1795 4902 dicitur
1853 4875 1905 4927 p.
1931 4860 2053 4911 612.
