3475 5364
383 364 541 419 1421

1415 347 1445 400 .]
1452 364 1662 407 oannes
1692 348 1969 417 Gropper.

2819 362 2986 418 1422

375 534 578 591 letum.
652 533 974 609 Postquam
1036 553 1193 594 conc.
1256 534 1651 594 tridentinum
1710 534 1944 594 vocavit
1987 535 2242 610 jesuitae
2273 535 2557 604 Bonnam,
2591 535 2991 609 omnibusque

374 622 645 682 doctrina
688 622 979 682 catholica
1022 624 1175 681 clare
1221 626 1486 699 exposita
1520 626 1652 682 uni·
1707 624 1837 699 ipse
1869 624 2171 699 praeluxit
2191 624 2540 701 integritate
2572 624 2746 693 vitae,
2767 622 2988 682 benefi-

374 731 502 769 cam
532 712 749 770 statuit
785 711 1234 787 justificationis
1267 731 1500 772 causam
1532 711 1650 771 sor-

373 802 608 870 malem,
662 801 998 876 Gropperus
1062 802 1288 860 sincere
1340 821 1403 861 se
1454 801 1651 878 subje-

374 890 457 949 cit
487 890 650 948 illius
682 888 1034 965 definitioni.
1084 890 1229 965 Ejus
1260 910 1396 949 cum
1426 892 1653 950 Bucero

374 979 684 1054 colloquia,
732 979 846 1036 etsi
893 982 1053 1037 esset
1095 979 1415 1038 admodum
1454 980 1653 1040 indul·

371 1086 518 1145 gens
550 1072 610 1126 et
641 1068 1070 1126 conciliationis
1120 1088 1316 1127 amore
1361 1073 1421 1128 et
1454 1069 1653 1130 studio

372 1157 711 1225 connivens,
762 1156 968 1215 fructu
1001 1162 1341 1229 caruerunt,
1377 1158 1555 1218 Eckio
1589 1158 1654 1218 in

373 1246 580 1321 primis
610 1248 821 1304 tuente
853 1264 1085 1305 causam
1126 1246 1489 1307 catholicam.
1551 1247 1650 1306 In-

371 1334 550 1393 terim
589 1334 1064 1411 archiepiscopus
1098 1336 1160 1393 in
1179 1334 1655 1396 Lutheranorum

368 1423 808 1483 innovationem
869 1425 1293 1499 propendebat,
1357 1427 1652 1485 Bucerum

371 1514 638 1573 Bonnam
669 1512 950 1582 evocavit,
987 1513 1160 1588 eique
1191 1532 1326 1572 cum
1355 1515 1651 1573 Melanch·

375 1608 481 1661 ton
559 1601 866 1677 negotium
943 1602 1239 1661 commisit
1311 1603 1652 1662 elaborandi

371 1692 604 1749 schema
651 1690 1008 1748 immutandi
1056 1691 1364 1767 regiminis
1425 1692 1651 1752 dioece-

371 1779 516 1838 sani.
551 1779 769 1839 Verum
792 1779 1156 1854 periclitanti
1186 1780 1440 1839 dioecesi
1456 1781 1652 1840 adfuit

374 1869 645 1944 Gropper
668 1868 1006 1943 scriptoque
1030 1870 1207 1944 plane
1232 1870 1469 1946 egregio
1512 1890 1649 1947 ape-

368 1958 493 2016 ruit
523 1957 769 2016 consilia
799 1957 1021 2033 perfida
1052 1959 1116 2016 in
1134 1960 1527 2035 Antidiymate
1546 1979 1652 2019 seu

368 2046 723 2105 christianae
754 2049 815 2105 et
847 2047 1170 2107 catholicae
1191 2047 1494 2124 religionis
1513 2068 1649 2123 pro-

336 2136 749 2212 pugnatione,
784 2135 1053 2194 Coloniae
1095 2147 1279 2206 1544,
1316 2136 1498 2195 etiam
1518 2156 1648 2215 ger-

368 2225 610 2291 manice,
645 2224 958 2300 omniaque
990 2224 1201 2283 deinde
1232 2226 1372 2302 egit,
1407 2230 1477 2284 ut
1499 2227 1647 2284 Her-

370 2332 622 2372 mannus
655 2313 793 2372 sede
824 2316 1179 2384 moveretur,
1215 2315 1375 2390 quod
1408 2315 1646 2373 demum

369 2423 421 2466 a.
454 2412 611 2466 1546
634 2402 855 2461 factum
877 2406 984 2460 est.
1018 2405 1089 2461 In
1117 2404 1463 2463 meritorum
1477 2423 1646 2479 prae-

366 2491 555 2550 mium
600 2490 857 2550 donatus
903 2491 1018 2549 fuit
1067 2512 1101 2550 a
1149 2492 1424 2568 pontifice
1456 2494 1643 2553 archi·

368 2582 679 2639 diaconatu
742 2585 804 2639 et
865 2582 1276 2656 praepositura
1336 2582 1606 2641 bonnens

367 2669 520 2730 Cura
563 2689 699 2729 vere
745 2670 1029 2746 pastorali
1077 2670 1364 2731 sollicitus
1414 2670 1531 2732 fuit
1575 2672 1646 2731 de

365 2759 673 2834 pascendis
706 2759 916 2818 ovibus
952 2760 1067 2818 sibi
1087 2761 1433 2819 commissis.
1467 2762 1645 2820 Paro·

249 2890 258 2899 -
365 2849 502 2908 chos
564 2848 808 2908 idoneos
874 2849 1103 2924 selegit,
1182 2849 1320 2908 hinc
1381 2850 1648 2909 condidit

365 2938 703 2996 For-mulam
736 2939 1110 2995 exanzimmdi
1156 2938 1494 3015 designatos
1540 2958 1647 2998 seu

364 3030 769 3101 praesentatos
820 3026 894 3084 ad
944 3027 1219 3086 ecclesias
1264 3028 1642 3103 parochiale8‚

366 3116 640 3175 Coloniae
691 3125 888 3186 1550;
938 3115 1213 3174 Manuale
1253 3136 1361 3191 pro
1393 3117 1644 3176 admini-

366 3205 653 3262 stratione
668 3208 1168 3263 sacramentorum
1188 3208 1249 3264 et
1265 3206 1645 3265 institutione

365 3294 574 3369 populi
624 3294 688 3352 in
738 3312 943 3353 eorum
974 3312 1111 3363 usu,
1163 3294 1457 3369 duplicem
1489 3300 1644 3355 cate-

364 3382 657 3442 chismum
678 3380 753 3463 ¹);
786 3401 895 3458 pro
927 3382 1301 3442 instituenda
1321 3385 1645 3459 juventute

1709 713 1903 772 centia
1932 713 1996 771 in
2029 731 2334 788 pauperes„
2352 712 2645 771 virtutum
2661 713 2988 789 splendore.

1709 802 1900 871 Quare
1934 803 1970 860 S
1987 822 2030 861 u
2044 822 2074 861 r
2087 802 2109 860 i
2123 822 2167 860 u
2182 820 2209 860 8
2240 821 2380 860 611111
2417 802 2692 869 ,Patrem
2722 801 2944 877 patriae
2960 810 2987 839 ⁸

1711 892 1950 949 salutat.
1981 891 2500 966 Archiepiscopum
2517 889 2866 949 Tridentum
2892 908 2988 950 eo·
3086 887 3094 895 ’

1709 980 1958 1039 milatus
1991 985 2081 1039 est
2112 999 2159 1038 a.
2204 989 2387 1049 1551,
2428 979 2633 1053 ibique
2666 979 2986 1039 orationem

1710 1069 1920 1128 habuit
1935 1070 2003 1127 de
2018 1070 2472 1143 appellationum
2487 1068 2671 1126 abusu
2688 1062 2990 1149 (Coloniae

1720 1154 1932 1237 1552).
1997 1159 2142 1217 Cum
2189 1159 2319 1233 ejus
2352 1158 2506 1216 fama
2538 1157 2725 1233 magis
2757 1175 2990 1232 semper

1708 1247 2140 1317 inclaresceret,
2174 1246 2396 1305 Paulus
2418 1245 2515 1309 IV.
2553 1246 2702 1304 nihil
2722 1246 2986 1323 cogitan-

1710 1341 1831 1394 tem
1865 1335 2218 1395 cardinalem
2253 1335 2474 1394 creavit
2512 1334 2608 1399 20.
2630 1335 2760 1394 Jan.
2789 1345 2985 1398 1556:

1708 1425 1893 1483 nullis
1925 1444 2062 1484 vero
2096 1424 2355 1485 consiliis
2392 1425 2486 1483 vel
2506 1424 2796 1500 precibus,
2819 1425 2990 1483 nulla

1707 1514 1996 1572 instantia
2055 1514 2318 1573 virorum
2377 1514 2670 1589 gravium,
2749 1513 2866 1572 imo
2928 1515 2990 1571 et

1707 1603 2009 1679 pontificis
2040 1603 2242 1662 induci
2272 1603 2473 1679 potuit
2503 1602 2575 1660 ad
2605 1605 2835 1660 tantam
2866 1621 2990 1660 am-

1709 1692 2079 1767 plectendam
2114 1692 2501 1768 dignitatem:
2531 1690 2990 1750 necessitatibus

1706 1784 1908 1840 tamen
1939 1780 2223 1840 dioecesis
2257 1781 2484 1839 excitus
2505 1781 2749 1838 Romam
2769 1798 2830 1838 se
2849 1798 2986 1839 con-

1706 1870 1871 1941 tulit,
1917 1870 2024 1928 ubi
2061 1880 2112 1932 8.
2147 1871 2316 1928 Mart.
2358 1878 2521 1932 1559
2572 1890 2621 1926 a.
2655 1869 2866 1927 aetatis
2902 1879 2980 1931 57

1706 1959 1874 2018 obiit.
1939 1959 2210 2018 Pontifex
2261 1959 2389 2035 ipse
2438 1957 2768 2017 orationem
2817 1959 2987 2015 sune-

1704 2048 1871 2106 brem
1889 2049 2263 2122 eloquentem
2285 2051 2348 2105 et
2362 2046 2740 2105 honorificam
2758 2046 2986 2117 habuit,

1705 2138 1770 2194 in
1815 2156 1935 2212 qua
1979 2157 2099 2197 non
2149 2137 2329 2196 semel
2360 2136 2756 2213 interposuit:
2827 2136 2982 2203 ,Ne-

1704 2245 2006 2301 quaquam
2038 2227 2104 2286 D.
2139 2227 2505 2301 Gropperum
2538 2225 2860 2294 amisimus,
2884 2225 2986 2282 sed

1704 2315 1780 2373 ad
1792 2316 1981 2374 Deum
1990 2315 2404 2390 praemisimus
2418 2309 2484 2394 ¹).
2501 2321 2528 2350 ‘
2552 2315 2790 2372 Praeter
2811 2332 2988 2388 opera

1704 2483 1894 2539 cincta
1941 2483 2221 2539 brevitate
2273 2500 2396 2537 com
2440 2483 2667 2550 lectens,
2717 2482 2811 2537 cui
2861 2484 2986 2538 sub·

1609 2583 1645 2640 i,
1696 2555 1967 2625 jungitur
1992 2559 2208 2624 Isaqoye
2246 2554 2319 2608 ad
2359 2572 2397 2624 p
2426 2555 2673 2609 eniorem
2716 2554 2986 2624 cognitio.

1704 2642 1834 2680 nem
1862 2627 2162 2680 universae
2202 2626 2495 2697 religionis
2535 2625 2846 2680 catholicae
2873 2643 2987 2679 om-

1703 2697 1877 2752 nibus
1919 2698 1989 2751 ad
2020 2717 2088 2753 ss.
2116 2698 2344 2753 ordines
2389 2701 2448 2752 et
2486 2698 2861 2752 ecclesiastica
2886 2698 2987 2751 mi-

1703 2770 1940 2823 nisteria
1957 2770 2239 2851 provectis
2255 2773 2314 2824 et
2329 2769 2708 2840 provehendis
2727 2769 2986 2838 apprime

1702 2857 2039 2905 necessaria,
2067 2840 2333 2896 Coloniae
2362 2845 2518 2906 1550,
2555 2844 2592 2895 l.
2619 2841 2878 2895 eruditus
2901 2841 2985 2893 in-

1702 2912 1854 2982 signi
1882 2913 2236 2982 praefatione
2256 2914 2629 2983 praestructa,
2649 2929 2763 2980 qua
2779 2914 2838 2965 et
2857 2911 2986 2965 hae·

1702 2984 2007 3038 reticorum
2037 2985 2265 3038 fraudes
2311 2986 2369 3038 et
2407 2983 2767 3054 vigilantiam
2795 2983 2983 3037 catho-

1702 3054 1947 3179 licorqlm
1976 3057 2035 3109 et
2059 3056 2291 3110 modum
2319 3055 2647 3110 evellendae
2692 3055 2985 3108 haereseos

1703 3128 1865 3180 osten
1911 3126 1973 3181 it.

1784 3204 1816 3264 ¹)
1846 3196 1928 3252 Cf.
1956 3197 2024 3250 de
2053 3196 2178 3267 ipso
2204 3197 2252 3252 J.
2290 3196 2340 3250 J.
2369 3196 2678 3250 Liessen
2718 3196 2768 3250 J.
2810 3198 2985 3277 Grop-

1704 3284 1832 3336 pers
1860 3269 2046 3323 Leben
2094 3267 2210 3321 und
2239 3267 2508 3324 Wirken:
2561 3267 2606 3320 B
2623 3286 2650 3321 r
2665 3269 2686 3321 i
2702 3286 2730 3322 e
2749 3287 2785 3336 g
2802 3285 2830 3321 e
2848 3286 2876 3320 r
2921 3285 2985 3320 111

1703 3339 1880 3393 Erech
1922 3340 2040 3394 und
2087 3338 2308 3393 Grnber
2352 3338 2660 3408 Encyclop.
2700 3340 2831 3393 sect.
2872 3344 2901 3395 1
2943 3341 2985 3392 t.

1700 3416 1770 3467 92
1797 3429 1840 3464 s.
1869 3428 1954 3470 v.;
1983 3411 2291 3464 Streber
2316 3409 2429 3469 ΚΒ,
2452 3410 2546 3473 V¹‚
2572 3413 2735 3471 1289;
2759 3409 2848 3463 W.
2871 3425 2985 3462 van

1701 3481 1881 3537 Gulik
1909 3481 2007 3535 der
2033 3479 2415 3537 Scholastiker
2439 3481 2491 3537 J.
2519 3483 2612 3535 Gr.
2640 3481 2758 3534 und
2780 3498 2822 3535 s.
2843 3480 2984 3533 Tha-

1701 3553 1912 3623 tigkeit
1961 3552 2040 3606 im
2091 3554 2452 3606 Fiirstentum
2519 3551 2667 3606 Κὸ111
2721 3552 2804 3605 bis
2854 3569 2983 3604 zum

365 3627 479 3677 trat
505 3624 684 3677 durch
726 3622 819 3678 die
844 3622 1216 3693 Aufstellung
1257 3623 1439 3677 dieser
1466 3623 1643 3678 Lehre
1698 3625 1748 3679 J.
1777 3629 1935 3681 1540.
1964 3624 2219 3677 Mnuster
2245 3627 2414 3684 1902;
2443 3622 2645 3677 Ennen
2674 3623 2725 3676 d.
2747 3622 2869 3677 Bio.
2891 3623 2983 3688 IX,

364 3694 419 3748 in
476 3695 566 3749 die
619 3695 793 3748 Reihe
837 3695 1003 3764 jener
1043 3695 1282 3748 Manner
1330 3695 1429 3748 der
1464 3694 1643 3760 Mitte,
1700 3700 2003 3753 734—780.
2057 3694 2308 3749 Pretiosa
2358 3694 2704 3749 documenta
2747 3694 2818 3746 ad
2860 3694 2985 3762 ejus

359 3767 572 3820 welche
592 3766 773 3819 durch
790 3765 1129 3820 theilweises
1149 3766 1202 3819 N
1206 3768 1497 3836 achgeben
1518 3767 1643 3821 eine
1701 3766 1882 3820 vitam
1929 3765 2330 3821 illustrandam
2375 3765 2605 3820 exhibet
2645 3768 2679 3819 S
2697 3766 2778 3818 ch
2796 3782 2848 3817 w
2863 3781 2896 3817 a
2912 3783 2939 3818 r
2955 3783 2983 3817 z

358 3836 970 3906 Wiedervereinigung
1031 3837 1132 3891 der
1183 3837 1645 3893 Protestirenden
1699 3839 1830 3891 hist.
1856 3837 2048 3892 Jahrb.
2079 3841 2235 3895 1886.
2269 3836 2383 3900 Vll,
2425 3840 2688 3896 392·423;
2733 3839 2983 3902 598-608,

358 3909 464 3962 mit
489 3909 587 3962 der
614 3909 815 3961 Kirche
843 3908 1124 3962 erhofften
1165 3908 1285 3962 und
1311 3910 1642 3963 erstrebten.
1698 3909 1850 3962 inter
1876 3925 2022 3977 quae
2044 3911 2101 3963 et
2127 3909 2250 3978 ejus
2275 3908 2483 3970 literas,
2508 3908 2715 3976 quibus
2736 3907 2986 3961 rationes

359 3981 619 4034 Ceterum
667 3980 735 4033 de
780 3979 903 4050 ipso
942 3978 1085 4037 ibid.
1129 3980 1299 4034 dicit:
1349 3979 1452 4033 Die
1503 3980 1643 4034 Zeit-
1701 3980 1988 4050 proponit,
2017 3997 2192 4047 quare
2219 3979 2521 4032 mardinalis
2543 3979 2812 4034 honorem
2832 3995 2984 4032 recu·

358 4068 635 4120 genossen
686 4051 927 4104 rfihmen
981 4052 1127 4104 ohne
1171 4051 1501 4104 Ausnahme
1552 4051 1643 4105 die
1700 4053 1801 4115 set,
1830 4052 1888 4104 et
1915 4051 2260 4121 apologiam,
2289 4068 2463 4119 quam
2491 4051 2736 4104 moriens
2761 4066 2985 4119 compo·

357 4122 676 4175 herrlichen
694 4122 1009 4191 Tugenden
1028 4122 1146 4175 und
1160 4122 1259 4175 das
1272 4122 1405 4176 tiefe
1416 4121 1642 4176 Wissen
1699 4122 1831 4187 suit,
1861 4126 1929 4176 ut
1953 4138 2010 4175 se
2039 4125 2295 4176 tueretur
2319 4123 2593 4175 adversus
2627 4139 2678 4174 61
2695 4121 2984 4191 ceptiones

357 4193 536 4245 dieses
550 4193 800 4256 Mannes,
816 4193 916 4246 der
928 4192 1081 4247 seine
1094 4210 1272 4262 ganze
1285 4193 1641 4247 Kraftdaran
1698 4194 1997 4247 Zachariae
2050 4193 2096 4246 D
2114 4193 2348 4248 elfini
2393 4209 2481 4262 ep,
2527 4193 2838 4263 pharensis,
2882 4192 2982 4260 qui

356 4267 545 4327 setzte‚
591 4262 682 4317 die
729 4263 1070 4317 Sturmfluth
1112 4265 1211 4318 der
1252 4280 1438 4318 neuen
1467 4264 1641 4319 Lehre
1699 4264 1718 4317 i
1764 4263 1811 4318 si
1839 4282 2003 4334 prop.
2030 4269 2097 4322 13
2125 4281 2188 4318 ex
2205 4264 2571 4318 institutione
2587 4264 2868 4318 catholica
2884 4280 2982 4317 seu

357 4335 809 4397 einzudiimmen,
872 4335 973 4389 der
1025 4336 1355 4389 wesentlich
1406 4337 1643 4390 Antheil

355 4407 535 4459 daran
560 4407 734 4470 hatte,
777 4406 881 4459 dall
909 4405 1059 4460 Koln
1100 4405 1295 4460 seinen
1323 4406 1641 4462 Ehrentitel

359 4481 622 4547 „getreue
652 4477 891 4531 Tochter
927 4478 1027 4532 der
1053 4478 1369 4533 romischen
1396 4478 1637 4533 Kirche“

353 4550 660 4604 bewahrte.

435 4625 469 4691 ¹)
495 4619 898 4674 Katechismus
948 4619 1137 4674 minor
1179 4619 1399 4691 prodiit
1438 4624 1635 4674 auctus

352 4695 675 4761 germanice
715 4694 1118 4759 Hauptartikell
1159 4696 1503 4747 Christlicher
1540 4712 1640 4746 un-

354 4767 704 4830 derrichtunq
764 4781 870 4815 zur
927 4767 1301 4833 yottseliykeit,
1369 4763 1640 4818 Coloniae

356 4840 492 4891 1547
518 4856 530 4896 ς
557 4835 742 4904 major
767 4834 1129 4888 inscribitur:
1156 4839 1426 4890 Institutio
1452 4835 1641 4889 catho-

1745 4335 2055 4391 alechismo
2101 4336 2303 4406 majori
2349 4337 2638 4403 excerptas
2690 4339 2984 4403 tamquam

1699 4406 2016 4460 malesanae
2044 4406 2271 4476 objecit.
2298 4406 2526 4475 Duplici
2544 4407 2880 4475 praesertim
2896 4422 2983 4459 ex·

1698 4478 1953 4546 ceptioni
1980 4479 2286 4558 respondet
2310 4477 2464 4546 quod
2492 4479 2612 4532 scil.
2638 4478 2669 4530 J
2676 4478 2850 4531 acobo
2891 4476 2984 4530 tri-

1699 4547 1889 4603 buerit
1915 4549 2263 4619 praesidium
2304 4549 2365 4603 in
2404 4566 2559 4603 conc.
2600 4548 2985 4615 hierosolymi·

1699 4624 1834 4674 tano
1863 4624 1921 4674 et
1945 4620 2300 4675 decretorum
2320 4621 2542 4691 promul
2588 4621 2835 4675 ationem
2855 4635 2983 4672 con·

1698 4695 1788 4745 tra
1817 4692 1971 4746 Petri
1998 4691 2330 4761 primatum,
2358 4694 2415 4746 et
2441 4692 2509 4744 dc
2578 4691 2756 4761 uplici
2774 4690 2981 4761 justifi-

1698 4763 1943 4818 cationis
1988 4780 2158 4817 causa
2203 4763 2446 4822 formali,
2498 4762 2658 4816 Alias
2705 4761 2982 4829 quasdam

1698 4851 1789 4905 ep.
1817 4834 2071 4904 ejusdem
2099 4834 2236 4889 ibid.
2283 4833 2529 4904 reperies
2556 4834 2756 4896 xvffl,
2782 4836 2981 4905 (1897),

351 4905 465 4959 lica
516 4907 796 4960 elementa
847 4899 1192 4960 christianae
1239 4907 1467 4977 pietatis
1520 4924 1640 4960 sue·
1696 4909 1797 4963 821
1831 4923 1902 4963 88.
