3475 5364
489 341 510 392 1
534 339 653 393 183
852 326 1223 379 1501—1520.
1251 321 1561 391 Theologia
1587 338 1625 390 p
1645 320 1906 376 ustoralis.
1935 320 2181 383 Perault‚
2209 320 2475 391 Surgam,
2501 319 2734 375 Koelde.
2941 339 2960 389 1
2983 337 3108 390 134

484 507 690 577 simne,
724 507 820 565 cui
853 505 1101 565 similem
1133 525 1251 565 non
1274 506 1450 565 habet
1464 511 1623 564 aetas
1653 524 1760 564 no·
1818 509 1954 569 etc..
2003 505 2162 580 quod
2207 506 2371 564 brevi
2423 511 2693 582 tempore
2742 505 2938 564 decies
2987 506 3109 565 fuit

483 601 669 655 stra<
736 595 956 655 Metuit
983 598 1028 669 1)
1059 595 1247 654 creari
1277 595 1586 671 episcopus
1618 614 1761 671 gur-
1817 594 2074 652 editum:
2124 595 2423 670 specimen
2464 595 2838 653 homileticae
2869 595 3106 653 theore-

483 686 669 745 censis
701 680 1224 767 (1491-1505),
1272 684 1410 743 dein
1443 689 1504 743 et
1536 684 1762 760 patriae
1817 683 1966 742 ticae
1999 686 2060 741 et
2090 683 2384 759 practicae
2415 684 2624 760 populi
2653 684 3105 744 necessitatibus

486 792 626 833 suae
657 774 1080 843 sanctonensis,
1114 774 1234 832 imo
1267 775 1326 831 et
1345 773 1664 832 cardinalis
1684 773 1761 831 ab
1818 772 2411 848 concionatorumque
2458 773 2809 832 muneribus
2856 774 3106 832 maxime

482 864 812 922 Alexandro
857 862 952 921 VI.
999 882 1048 921 a.
1091 872 1273 934 1493,
1316 866 1380 921 et
1409 864 1570 921 mitti
1601 863 1761 939 lega-
1817 862 2337 932 accommodatum,
2382 864 2449 921 in
2480 881 2599 938 quo
2646 861 2909 937 impense
2949 881 3104 921 com·

480 961 581 1011 tus
614 971 918 1012 caesareus
966 951 1040 1010 ad
1070 952 1409 1026 pontificem
1456 956 1518 1010 et
1548 972 1583 1010 a
1612 971 1759 1027 pon·
1818 951 2061 1009 mendat
2094 970 2136 1009 S.
2173 952 2515 1027 Scripturas
2546 970 2747 1022 usum,
2796 970 2933 1010 cum
2963 970 3103 1010 con·

479 1043 636 1101 tifice
679 1042 743 1100 in
789 1041 1163 1100 Germaniam
1201 1041 1275 1099 ad
1306 1041 1763 1117 promovendam
1819 1059 1968 1116 grua
2011 1041 2262 1099 materia
2307 1041 2763 1115 praedicationis
2810 1041 2889 1098 sit
2940 1059 3105 1100 sacra

480 1131 913 1208 expeditionem
945 1130 1213 1189 bellicam
1237 1130 1523 1189 adversus
1542 1131 1761 1189 Turcas
1820 1129 2146 1205 Scriptura,
2191 1130 2255 1188 in
2295 1148 2414 1205 quo
2446 1130 2622 1206 plura
2652 1148 2890 1205 quoque
2922 1130 2994 1187 ad
3027 1129 3101 1187 li-

483 1217 542 1301 (†
584 1216 791 1299 1505).
841 1219 985 1295 Ejus
1019 1219 1057 1276 1.
1091 1220 1159 1277 de
1189 1220 1466 1296 diqnitate
1495 1220 1759 1277 sacerdo·
1818 1219 2079 1294 turgiam
2128 1220 2464 1294 spectantia
2507 1218 2718 1295 lingua
2767 1220 3103 1295 germanica

479 1311 585 1368 tali
616 1326 796 1384 super
840 1326 1042 1367 omnes
1089 1326 1255 1382 reges
1300 1310 1497 1367 terrae
1540 1307 1764 1383 prodiit
1820 1307 2135 1366 admodum
2181 1327 2332 1383 pura
2379 1308 2634 1368 exhibet.
2716 1307 3103 1367 Homilt'arius

481 1418 523 1456 s,
559 1400 595 1457 l.
630 1402 692 1456 et
729 1418 779 1455 a.
828 1398 1170 1456 Summaria
1201 1398 1515 1456 declaratio
1560 1397 1763 1456 bullae
1817 1397 2129 1465 doctorum,
2155 1406 2352 1467 14933
2395 1407 2579 1465 1505,
2602 1396 2706 1471 qui
2722 1401 2815 1455 est
2833 1397 3100 1456 collectio

477 1487 985 1564 indulgentiarum
1031 1486 1307 1545 ecclesiae
1353 1486 1763 1545 sanctonensis
1819 1486 2166 1543 concionum
2198 1488 2495 1555 veterum3
2528 1486 2802 1561 Reyimen
2818 1487 3098 1545 studioso·

479 1596 584 1653 pro
635 1576 1008 1651 reparatione
1069 1576 1334 1651 ejusdem
1395 1580 1457 1634 et
1504 1576 1762 1634 tuitione
1817 1593 1948 1632 rum
1985 1592 2030 1632 s.
2064 1575 2102 1632 1.
2137 1578 2197 1632 et
2229 1596 2281 1632 a.
2309 1572 2332 1655 (
2345 1570 2537 1654 1502)
2572 1578 2663 1632 est
2681 1575 2986 1634 institutio
3008 1578 3102 1634 sat

479 1665 614 1724 fidei
646 1682 1055 1723 concessarum
1090 1682 1133 1722 S.
1168 1664 1202 1721 l.
1237 1669 1296 1722 et
1329 1684 1379 1723 a.
1818 1664 1980 1720 varia
2021 1664 2361 1738 juventutis
2393 1664 2544 1721 circa
2589 1663 2804 1733 studia,
2859 1681 3100 1722 conver-

1818 1752 2065 1810 sationis
2083 1752 2472 1822 honestatem,
2496 1752 2858 1811 valetudinis
2879 1772 3096 1819 curam,

572 1854 713 1906 560.
768 1844 899 1900 Duo
946 1841 1138 1900 adhuc
1179 1844 1482 1901 mentione
1520 1843 1760 1919 speciali
1818 1841 2038 1916 scripta
2081 1842 2145 1899 in
2191 1842 2518 1900 utilitatem
2552 1842 2851 1901 Brunonis
2896 1846 3099 1900 Amer-

480 1937 623 1991 sunt
656 1931 822 2008 digni
871 1932 947 1991 ob
979 1950 1158 2007 opera
1203 1932 1266 1990 in
1298 1932 1563 1990 fidelium
1595 1932 1760 1989 utili-

477 2025 660 2080 tatem
693 2021 1040 2096 conscripta.
1082 2020 1344 2080 Joannes
1378 2021 1759 2079 Udalricus

1816 1930 1983 1999 bach,
2035 1930 2141 1988 filii
2202 1930 2376 1989 amici
2426 1930 2519 1988 sui
2551 1926 2613 2011 ¹).
2659 1964 2747 1975 —--
2793 1931 2964 1989 Alter
3008 1934 3102 1989 est

1816 2018 2339 2079 'l'heodoricus
2402 2020 2692 2078 Koelde
2766 2020 3096 2089 (Dederich‚

478 2112 817 2187 Surgant
845 2111 911 2168 in
942 2110 1158 2185 oppido
1191 2110 1465 2168 Altkirch
1499 2111 1759 2168 Alsatiae

478 2200 799 2275 superioris
844 2204 1023 2257 natus
1070 2198 1284 2257 studiis
1332 2200 1560 2258 vacavit
1590 2199 1758 2257 Basi-

475 2290 597 2348 leae
630 2293 690 2347 et
709 2289 965 2347 Parisiis.
1000 2288 1230 2363 Adepto
1255 2289 1413 2364 juris
1444 2288 1758 2347 doctoratu

476 2379 868 2454 professorem
899 2382 960 2436 et
991 2377 1312 2453 parochum
1335 2378 1462 2454 egit
1496 2377 1760 2436 Basileae

475 2467 547 2525 ad
583 2486 627 2525 s.
660 2467 1032 2525 Theodorum
1081 2484 1312 2541 semper
1357 2466 1652 2526 sollicitus
1685 2466 1759 2524 de

476 2556 872 2632 promovenda
889 2574 1122 2613 morum
1140 2556 1352 2613 reform
1362 2555 1575 2614 atione.
1600 2553 1756 2623 Qua-

475 2650 569 2705 ter
598 2646 845 2704 functus
876 2647 966 2703 est
982 2662 1227 2704 munere
1248 2644 1495 2703 rectoris
1515 2644 1756 2704 univer·

476 2736 670 2793 sitatis
704 2734 764 2805 (†
804 2739 1017 2814 1503),
1065 2735 1415 2810 scripsitque
1448 2752 1626 2809 opera
1656 2734 1758 2791 ad-

476 2825 714 2883 modum
748 2823 936 2890 utilia‚
971 2824 1035 2881 in
1056 2823 1263 2898 primis
1288 2823 1561 2882 Manuale
1579 2840 1755 2881 cura-

477 2922 684 2982 torum,
748 2911 1122 2987 praedicandi
1185 2912 1469 2987 praebens
1517 2912 1757 2970 modum

477 3009 599 3059 tam
630 3001 817 3059 latino
850 3019 1026 3075 quam
1059 3001 1294 3077 vulgari
1329 2995 1573 3081 (passim
1607 3019 1756 3075 quo-

477 3108 593 3164 que
626 3085 864 3170 gallico)
915 3108 1182 3148 sermone
1228 3090 1485 3165 practice
1531 3089 1754 3148 illumi·

477 3183 688 3237 natum
720 3197 854 3237 cum
899 3179 1078 3237 certis
1111 3178 1245 3237 aliis
1290 3178 1362 3236 ad
1395 3196 1595 3236 curam
1629 3179 1754 3237 ani—

477 3287 706 3326 marum
739 3266 1178 3344 pertinentibus
1224 3268 1500 3326 omnibus
1533 3268 1756 3326 curatis

475 3367 597 3416 tam
662 3357 1031 3417 conducibile
1075 3377 1256 3433 quam
1299 3359 1589 3425 salutare,
1640 3377 1682 3414 S.
1718 3359 1754 3414 l.

1816 2108 2026 2166 Derick
2058 2104 2193 2190 etc.)
2227 2130 2260 2166 a
2292 2108 2647 2167 Monosterio
2678 2094 2878 2168 vel‘de
2912 2109 3098 2167 Osna-,

1815 2197 2002 2255 bruck
2038 2198 2290 2276 (ratione
2324 2199 2418 2255 sui
2448 2198 2638 2273 patris
2668 2198 2809 2256 inde
2838 2193 3099 2275 oriundi)

1815 2287 2010 2345 dictus
2034 2286 2104 2365 2),
2137 2287 2240 2361 qui
2275 2287 2464 2363 primo
2499 2287 2768 2345 habitum
2811 2305 2855 2344 s.
2889 2290 3096 2363 Augu—

1816 2375 1959 2433 stini
1991 2377 2330 2450 assumpsit,
2366 2376 2503 2435 dein
2537 2376 2609 2434 ad
2631 2376 2844 2433 fratres
2869 2376 3004 2434 Min.
3026 2376 3097 2433 de

1817 2465 1951 2522 Obs.
1984 2465 2228 2523 transiit
2273 2469 2335 2523 et
2380 2485 2501 2540 qua
2540 2466 2693 2523 alter
2726 2483 2769 2522 s.
2804 2466 2894 2524 Jo.
2930 2466 3097 2540 Capi·

1816 2558 2055 2611 stranus
2089 2553 2434 2630 rigidiorem
2476 2553 2916 2613 observantiam
2952 2554 3097 2612 dila-

1814 2645 1942 2701 tare
1973 2645 2065 2702 est
2095 2644 2282 2702 nisus.
2345 2643 2758 2712 ,Declamator
2803 2648 2958 2714 erat,
3007 2643 3097 2702 in·

1814 2732 1948 2807 quit
1980 2732 2488 2802 Trithemius‚
2538 2751 2877 2791 sermonum
2907 2751 3097 2808 popu·

1815 2821 2030 2879 larium
2063 2821 2513 2892 famosissimus,
2549 2823 2721 2898 cujus
2755 2823 2942 2880 vitam
2973 2841 3097 2881 om·

1813 2928 1934 2980 nes,
1970 2911 2074 2984 qui
2107 2930 2242 2969 eum
2288 2915 2615 2978 noverunt,
2664 2913 3096 2970 sanctissimam

1816 2998 1923 3056 hoc
1954 3003 2218 3075 tempore
2239 2999 2607 3075 praedicant:
2641 3000 2705 3057 in
2727 3000 3097 3059 sermonibus

1812 3088 2096 3146 faciendis
2129 3089 2200 3146 ad
2234 3089 2526 3164 populum
2569 3093 2742 3148 tanta
2785 3090 2980 3165 gratia
3010 3088 3096 3147 di·

1814 3177 2038 3235 vinitus
2073 3178 2433 3248 illustratur,
2481 3181 2653 3237 tanta
2698 3178 2978 3236 facundia
3010 3179 3095 3236 lo·

1815 3267 2039 3340 quitur,
2075 3269 2243 3325 tanta
2272 3267 2530 3343 denique
2565 3268 3017 3343 compunctione
3036 3270 3098 3325 et

1813 3355 2125 3416 dulcedine
2158 3355 2339 3415 afficit
2369 3356 2674 3414 auditores
2707 3374 2865 3425 suos,
2913 3362 2984 3415 ut
3015 3358 3094 3415 si·

484 3456 647 3510 1503
683 3447 769 3505 ed.
792 3444 1149 3528 princeps²)‚
1173 3447 1558 3523 Argentorati
1592 3456 1751 3510 1520
1813 3444 2014 3502 milem
2047 3445 2207 3520 apud
2242 3446 2562 3505 Germanos
2600 3446 2879 3504 habuerit
2909 3446 3096 3505 nemi·

557 3605 591 3668 ¹)
620 3599 791 3652 Plura
831 3600 899 3653 de
940 3600 1045 3653 hoo
1087 3596 1208 3652 viro
1245 3615 1347 3652 suo
1390 3600 1644 3668 tempore
1672 3615 1757 3650 ee·

477 3671 619 3726 lebri
646 3671 915 3725 exhibent
954 3672 1142 3724 Grrube
1186 3669 1297 3724 KL.
1330 3669 1443 3736 IX&
1488 3675 1625 3726 1799
1654 3687 1755 3728 ss.:

478 3743 627 3813 Eggs
655 3742 827 3811 Purp.
856 3743 1021 3796 docta
1050 3742 1085 3794 l.
1113 3747 1146 3798 3
1173 3750 1199 3807 5
1226 3746 1324 3799 63:
1355 3740 1423 3793 N.
1454 3740 1663 3794 Paulus
1690 3740 1755 3794 R.

1811 3552 1965 3594 nem.
2028 3533 2193 3592 Unde
2239 3539 2299 3592 et
2344 3553 2450 3609 per
2494 3538 2680 3593 totam
2724 3536 3096 3609 provinciam

1810 3623 2102 3699 generalis
2133 3624 2506 3699 praedicator
2548 3628 2637 3682 est
2667 3625 3092 3684 constitutus‘

476 3815 533 3870 P.
562 3817 649 3867 als
676 3814 1127 3869 Ablasskomissar
1154 3814 1209 3865 in
1241 3813 1373 3867 hist.
1396 3811 1591 3866 Jahrb.
1617 3817 1757 3868 1900
1813 3812 1911 3865 nbi
1953 3812 2022 3863 de
2067 3827 2132 3865 co
2159 3811 2242 3864 ita
2268 3815 2560 3864 censetur:
2612 3810 2780 3865 Klare
2815 3811 3097 3865 Fbersicht

478 3905 531 3955 p.
559 3889 866 3944 645—6832
918 3884 1223 3938 Schneider
1263 3885 1354 3936 die
1394 3883 1594 3937 kirchl.
1639 3884 1755 3936 und
1813 3884 1948 3936 iiber
1976 3883 2084 3936 deu
2113 3882 2542 3952 einschlagigen
2586 3882 2894 3952 wichtigen
2923 3885 3092 3942 storf:

477 3957 777 4027 politische
818 3956 1231 4008 Wirksamkeit
1270 3956 1367 4008 des
1413 3955 1663 4024 Legaten
1692 3955 1754 4009 R.
1813 3955 1970 4008 'l'iefe
1991 3954 2091 4006 der
2112 3954 2438 4010 Gedanken.
2462 3957 2628 4020 grosse
2657 3953 2966 4007 Kenntniss
2997 3953 3096 4007 der

477 4028 721 4081 Peraudi
750 4031 1160 4096 (1486-1505),
1196 4026 1355 4079 Halle
1384 4029 1538 4083 1882.
1568 4026 1756 4095 Hujus
1811 4026 2027 4079 iilteren
2057 4025 2223 4078 Viiter
2254 4027 2373 4078 und
2401 4026 2498 4080 der
2526 4031 2735 4095 grol'en
2768 4024 3092 4093 Theologen

479 4099 656 4153 veluti
698 4096 1161 4167 supplementum
1208 4101 1291 4150 est
1334 4097 1581 4152 recensio
1624 4097 1755 4150 diss.
1811 4098 1909 4150 ‹les
1939 4096 2312 4160 Mittelalters‚
2341 4097 2657 4149 rfihrender
2685 4095 2839 4149 Eifer
2866 4098 2957 4149 fiir
2996 4097 3094 4150 das

478 4169 664 4226 Adolfi
694 4169 927 4222 Gottlob
968 4168 1026 4221 in
1072 4168 1201 4222 hist.
1229 4168 1420 4223 Jahrb.
1454 4169 1525 4220 VI
1554 4172 1753 4239 (1885),
1817 4168 1941 4222 Heil
1970 4169 2069 4222 der
2089 4169 2284 4222 Seelen
2317 4167 2645 4238 befahigten
2674 4168 2783 4221 den
2809 4169 3095 4222 Verfasser

474 4246 580 4298 438
592 4245 752 4297 —461
776 4263 787 4300 ;
842 4239 1254 4308 Wackernagel
1300 4239 1561 4295 Mittheil.
1617 4241 1757 4294 iiber
1812 4240 1935 4292 eine
1983 4240 2218 4294 Theorie
2258 4242 2358 4293 der
2396 4239 2730 4308 geistlichen
2773 4239 3095 4293 Beredsam-

477 4313 539 4367 R.
584 4313 641 4364 P.
684 4312 800 4364 und
854 4311 1055 4364 kirchl.
1107 4310 1387 4365 Zustttnde
1432 4329 1473 4365 s.
1524 4311 1646 4365 Zeit
1695 4313 1756 4364 in
1812 4312 1930 4365 keit
1946 4330 2014 4364 zu
2033 4310 2250 4376 liefern,
2268 4311 2360 4365 die
2378 4311 2523 4364 auch
2543 4312 2602 4363 in
2617 4328 2848 4364 unserer
2861 4310 2980 4363 Zeit
2995 4311 3096 4364 nuit

476 4384 739 4439 Zeitschr.
781 4385 819 4437 f.
849 4383 1043 4438 Gesch.
1086 4402 1141 4437 u.
1167 4382 1410 4437 Alterth.
1438 4385 1504 4446 ΙΙ,
1531 4389 1579 4446 2,
1610 4389 1755 4448 (171-
1811 4382 2086 4453 geringen
2113 4383 2584 4438 Modiflkationen
2627 4383 2794 4435 einen
2823 4383 3094 4436 Abdruck

476 4461 609 4515 2733
634 4454 1306 4524 Hefele-Hergenroether
1328 4455 1452 4508 VllI
1474 4456 1754 4523 §87Lqui
1813 4455 1976 4507 nicht
2001 4473 2068 4507 zu
2099 4457 2343 4508 scheuen
2376 4456 2664 4508 brauchte.

475 4529 596 4596 ejus
624 4527 967 4595 legationem
994 4527 1248 4596 impense
1278 4527 1492 4581 laudat.
1521 4528 1756 4596 Compo·
1892 4530 1926 4596 ¹)
1956 4526 2038 4580 Cf.
2061 4526 2350 4580 Bernoulli
2367 4526 2519 4594 Allg.
2538 4524 2590 4580 d.
2611 4525 2798 4595 Biogr.
2817 4525 2964 4578 XXX
2979 4526 3096 4580 vu.

476 4599 594 4651 suit
617 4615 846 4666 quoque
874 4614 1190 4652 sermonem
1216 4603 1279 4652 de·
1304 4608 1441 4653 ortu.
1482 4618 1752 4653 conversa·
1815 4603 1945 4658 165:
1975 4597 2224 4667 Keppler
2253 4597 2363 4653 KL.
2392 4596 2485 4654 VI.
2505 4603 2604 4653 201
2630 4618 2641 4654 ;
2670 4597 2931 4651 Schmidt
2950 4597 3094 4651 Hist.

475 4677 626 4739 tione,
656 4673 935 4725 virtutibus
968 4679 1056 4724 etc.
1088 4673 1134 4725 b.
1162 4674 1503 4736 (ss'atharinae,
1557 4670 1754 4738 Spirae
1813 4669 1985 4723 litter.
2014 4670 2083 4721 de
2111 4669 2347 4723 l'Alsase
2379 4669 2442 4730 ΙΙ,
2473 4672 2715 4730 54—58:
2743 4673 2848 4725 393
2876 4687 2916 4722 s.

477 4747 614 4798 1503
642 4747 736 4812 (m.
763 4746 869 4798 24³.
922 4741 1004 4796 Cf.
1036 4740 1227 4811 Dupin
1255 4741 1400 4805 XIV,
1430 4747 1515 4797 91.
1891 4746 1929 4810 ἲ)
1949 4741 2239 4811 Distingui
2267 4742 2434 4794 debet
2459 4743 2531 4794 ab
2556 4739 2882 4808 antiquiore
2896 4740 3095 4794 'Pheo-

551 4813 699 4868 Ξ1οἰ.
746 4817 1009 4883 excerpta
1054 4812 1110 4864 in
1161 4812 1435 4865 Katholik
1482 4817 1636 4868 mse.
1685 4813 1752 4873 ΙΙ,
1812 4813 2069 4866 dorico
2111 4813 2179 4865 de
2214 4813 2574 4874 MonasteriO,
2617 4812 2940 4882 theologiae
2969 4827 3095 4880 pro·

477 4889 751 4942 1636——862
801 4889 1079 4942 303—‘212z
1128 4889 1407 4944 432--44;
1450 4888 1751 4946 496-5123,
1813 4884 2017 4938 fessore
2045 4897 2102 4937 et
2130 4883 2592 4938 vicecancellario
2632 4883 2962 4946 coloniensi,
2993 4884 3094 4951 qui
