3475 5364
540 348 698 401 1527

1128 335 1500 389 1541—1563.
1529 330 1800 385 Historia.
1827 331 2042 396 Jovius,
2072 331 2224 395 Leib,
2253 331 2554 385 Aleander.

2987 347 3154 401 1528

530 517 838 575 affectibus
870 516 1277 592 indulgentem
1310 517 1662 576 desiderant.
1694 519 1816 577 Nec
1871 517 2107 593 cherlay
2152 518 2276 576 und
2320 517 2614 593 vilfaltige
2645 518 3010 593 Ketzereyen
3043 563 3055 575 .
3090 563 3104 574 .
3141 563 3153 574 .

530 607 764 675 desunt,
798 605 903 680 qui
935 606 1179 664 minime
1210 606 1487 664 dubitent
1527 608 1685 664 inter
1716 627 1815 666 ve·

527 696 695 753 nales
772 694 1083 753 historicos
1159 695 1196 752 J
1204 696 1403 754 ovium
1482 715 1811 755 numerare.

530 783 777 858 Scripsit
810 788 968 842 certe
988 803 1107 842 non
1135 784 1409 843 omnibus
1430 785 1723 859 placitura
1756 789 1818 843 et

529 892 682 948 quae
714 873 1014 948 plerisque
1045 873 1324 932 videntur
1354 893 1474 933 non
1506 893 1643 932 vera
1662 919 1675 945 ,
1724 875 1818 933 vel

528 963 799 1037 quamvis
833 980 988 1031 vera,
1023 963 1266 1020 minime
1286 963 1667 1022 revelanda.‘
1702 965 1815 1021 Re·

529 1052 712 1126 liquit
743 1054 803 1109 et
837 1052 950 1108 alia
982 1070 1176 1127 opera,
1212 1071 1362 1126 quae
1395 1053 1644 1111 collecta
1677 1072 1813 1127 pro·

528 1140 768 1198 dierunt
814 1139 1100 1199 Basilieae
1152 1151 1317 1203 1678
1367 1145 1408 1204 t.
1460 1152 1494 1202 6
1543 1142 1608 1199 in
1657 1151 1690 1202 3
1740 1161 1812 1211 v.,

528 1230 683 1287 inter
714 1248 867 1304 quae
891 1230 1098 1307 Eloqia
1131 1231 1422 1288 clarorum
1456 1232 1719 1290 virorum
1753 1232 1815 1289 in

528 1319 687 1376 omni
722 1324 882 1376 statu
918 1319 1209 1386 vivorum,
1244 1319 1403 1377 inter
1422 1338 1571 1395 quos
1592 1321 1810 1379 etLeo·

527 1407 623 1466 nis
657 1407 721 1464 X.
757 1412 818 1464 et
838 1407 1123 1466 Hadriani
1155 1407 1264 1478 V13
1298 1411 1367 1466 de
1397 1410 1672 1484 leyatione
1694 1410 1811 1467 Ba-

527 1497 650 1553 silii
680 1500 877 1574 maym'
908 1498 1194 1573 principis
1226 1497 1549 1556 Moscoviae
1584 1498 1657 1557 ad
1688 1499 1812 1557 Cle-

531 1590 789 1643 mentem
810 1586 954 1656 VII.,
988 1587 1046 1643 in
1082 1605 1199 1661 qua
1232 1587 1385 1645 situs
1409 1587 1685 1663 regionis,
1720 1608 1812 1646 re-

529 1673 675 1749 ligio
709 1675 920 1750 gentiS‚
972 1694 1164 1733 mores
1210 1682 1269 1734 et
1316 1694 1525 1734 causae
1563 1678 1810 1752 legatio·

528 1764 621 1820 nis
654 1764 1010 1834 referuntur,
1061 1765 1276 1824 Romae
1332 1774 1492 1827 1525
1546 1762 1644 1846 (m.
1684 1760 1811 1849 75).

529 1886 613 1894 —-
647 1853 907 1911 Annales
942 1852 1147 1933 (utiles
1179 1860 1239 1912 et
1270 1850 1499 1933 fideles)
1535 1855 1812 1912 historia-

527 1960 661 1998 rum
710 1942 804 2001 sui
851 1943 1133 2018 temporis
1179 1943 1254 2001 ab
1286 1963 1336 2003 a.
1377 1952 1808 2006 1502—1548

529 2031 769 2105 collegit
788 2032 1063 2089 Kilianus
1095 2032 1140 2089 L
1156 2034 1220 2090 ei
1238 2034 1277 2091 b
1296 2029 1509 2112 (Leyb)
1546 2051 1667 2092 can.
1689 2053 1813 2108 reg.

530 2138 573 2176 3.
620 2122 771 2196 Aug.
853 2121 1047 2179 Natus
1093 2121 1145 2178 is
1192 2127 1283 2180 est
1332 2122 1708 2180 Ochsenfurti
1750 2123 1813 2179 in

528 2208 851 2267 Franconia
900 2219 999 2271 23.
1033 2210 1198 2268 Febr.
1241 2221 1397 2273 1471
1442 2215 1504 2269 et
1534 2210 1813 2270 absoluto

526 2298 928 2374 philosophiae
959 2299 1157 2357 studio
1179 2299 1487 2375 ingressus
1508 2301 1812 2358 canoniam

530 2387 963 2445 rebdorfensem
989 2389 1111 2461 jam
1146 2409 1194 2445 a.
1239 2398 1422 2458 1486,
1471 2390 1642 2464 cujus
1674 2389 1813 2447 dein

528 2477 752 2534 electus
786 2481 877 2534 est
907 2477 1066 2551 prior
1100 2474 1343 2558 (1503).
1377 2478 1648 2554 Impense
1681 2482 1810 2536 stu·

528 2565 659 2622 duit
692 2584 736 2626 3.
771 2566 1131 2640 Scripturae,
1165 2571 1403 2642 patrum
1425 2567 1701 2642 operibus
1723 2572 1811 2625 at-

528 2674 643 2730 que
685 2655 861 2713 etiam
908 2654 1133 2728 linguis
1179 2656 1602 2728 orientalibu8‚
1656 2656 1813 2716 unde

526 2745 591 2802 in
643 2745 1093 2818 quaestionibus
1141 2745 1372 2803 biblicis
1425 2766 1641 2822 magna
1687 2751 1814 2805 erat

527 2835 656 2908 ejus
688 2835 1009 2892 auctoritas
1056 2834 1216 2908 apud
1249 2835 1500 2894 Eckium
1541 2838 1601 2893 et
1633 2836 1812 2894 Coch-

525 2924 739 2985 lneum.
780 2923 994 2999 Magna
1025 2923 1343 2998 prudentia
1375 2927 1435 2982 et
1467 2924 1813 2999 disciplinae

525 3011 647 3069 zelo
679 3012 832 3069 rexit
863 3013 1195 3081 canoniam,
1243 3014 1481 3071 fortiter
1525 3033 1585 3072 se
1632 3033 1814 3090 oppo-

526 3100 650 3157 suit
692 3101 947 3158 novitati
993 3101 1341 3160 lutheranae
1386 3101 1691 3161 invadenti
1723 3103 1813 3161 di-

526 3189 772 3247 oecesim
808 3190 1235 3259 eistettensem,
1271 3192 1651 3250 concionibus
1686 3193 1812 3250 suis

526 3279 928 3353 praemunivit
957 3279 1031 3337 ab
1064 3280 1365 3338 erroribus
1400 3280 1615 3339 fideles.
1668 3282 1810 3339 Par·

526 3373 646 3425 tem
678 3368 889 3426 habuit
931 3369 995 3426 in
1036 3368 1394 3428 refutatione
1426 3370 1813 3429 confessionis

525 3461 924 3531 augustanae,
972 3457 1251 3516 interfuit
1303 3469 1465 3522 1546
1512 3460 1811 3534 colloquio

525 3546 924 3606 ratisbonensi
957 3543 1018 3627 (†
1061 3558 1158 3609 16.
1190 3548 1311 3605 Jul.
1354 3557 1555 3617 155:3;
1601 3567 1812 3606 secun-

526 3635 667 3693 dum
715 3636 862 3694 alios
934 3644 1027 3700 17.
1075 3637 1197 3694 Jul.
1258 3632 1469 3718 1550).
1548 3638 1812 3695 Priorem

526 3725 829 3783 annalium
860 3730 1089 3801 partem
1113 3723 1167 3807 (l
1190 3735 1444 3788 502—2
1456 3722 1519 3806 3)
1541 3728 1812 3802 vulgavit

525 3817 576 3870 A
596 3834 627 3871 r
644 3834 673 3872 e
691 3818 717 3871 t
731 3815 800 3872 in
832 3815 895 3873 in
912 3815 1187 3890 Beitrage
1207 3835 1309 3873 zur
1322 3815 1667 3874 Geschicbte
1685 3817 1808 3874 und

525 3902 839 3975 Literatur,
874 3905 1167 3963 Miincben
1192 3915 1374 3967 1806.
1408 3904 1534 3974 VII,
1557 3915 1678 3968 535
1706 3924 1809 3974 ss,;

526 3993 770 4050 alteram
805 4012 859 4068 p.
881 3994 1018 4051 aba.
1048 4003 1392 4057 1524--48
1432 3994 1813 4071 Do‘llinger

523 4081 706 4138 Beitr.
754 4102 858 4139 zur
889 4082 1053 4158 polit.
1102 4082 1306 4140 kirchl.
1341 4083 1465 4141 und
1498 4083 1811 4160 Culturge-

526 4171 786 4228 schichte
834 4172 938 4229 der
988 4171 1152 4230 sechs
1215 4173 1434 4230 letzten
1480 4171 1686 4230 Jahrh.
1734 4174 1809 4243 Π,

529 4269 652 4320 445
684 4295 752 4304 -
775 4270 845 4322 61
871 4271 921 4322 1.
983 4260 1185 4318 Edidit
1216 4280 1454 4336 quoque
1500 4280 1675 4335 opera
1707 4262 1809 4320 ad-

529 4367 736 4407 versus
771 4352 1114 4408 novatores:
1150 4350 1238 4408 De
1269 4351 1670 4424 s.Sc·ripturae
1689 4353 1811 4408 dis·

527 4440 682 4496 sonis
713 4440 1210 4512 translationibus,
1246 4459 1287 4498 3.
1324 4441 1358 4498 l.
1402 4448 1600 4506 1542:
1634 4440 1813 4498 Reso-

523 4527 677 4586 lutio
723 4547 773 4604 q.
805 4529 873 4585 de
903 4547 948 4586 s.
984 4529 1165 4586 Paulo
1212 4546 1306 4602 ap.
1349 4548 1421 4587 an
1458 4531 1811 4604 conjugatus

524 4617 722 4686 fuerit,
773 4617 1126 4694 Ingolstadii
1170 4628 1370 4686 15453
1420 4619 1489 4675 de
1539 4618 1810 4676 coelibatu

524 4714 689 4783 atque
708 4710 1064 4772 castimonia,
1096 4718 1117 4768 1
1139 4717 1170 4766 5
1184 4719 1214 4768 4
1230 4716 1284 4774 7;
1311 4707 1685 4765 Grv'indtliche
1706 4729 1809 4765 an-

523 4817 785 4872 zayquny
806 4798 923 4854 and
943 4798 1171 4864 ber-iem,
1194 4814 1333 4855 auss
1354 4815 1473 4853 was
1494 4796 1809 4866 Ursachen,

524 4885 702 4942 deren
734 4885 1090 4943 sfirnemlich
1124 4886 1291 4942 siben
1337 4884 1485 4944 sind.
1536 4903 1599 4942 so
1646 4905 1811 4943 man-

1871 608 2203 665 erwachsen
2226 606 2780 683 seind,1ngolstadii
2809 616 2926 669 155
2941 618 2970 668 ’7
2980 655 2993 667 .
3011 606 3154 675 Qui-

1871 696 1983 754 bus
2016 696 2164 754 adde
2195 696 2479 770 pretiosas
2512 697 2781 769 epistolas
2826 695 2895 754 ad
2933 695 3152 753 Willib.

1871 785 2053 843 Pirk
2076 785 2368 843 heimer
2394 783 2459 863 ¹).

1964 972 2106 1026 697.
2154 963 2285 1022 Huc
2317 964 2493 1021 etiam
2541 963 2748 1022 referri
2783 968 2982 1039 potest
3011 963 3152 1021 Hie·

1871 1071 2156 1128 ronymus
2190 1052 2573 1110 Aloandro
2609 1048 2945 1131 (Aleander‚
2979 1074 3012 1110 a
3043 1053 3152 1111 Le-

1871 1138 2095 1221 andris)
2143 1142 2207 1200 in
2254 1142 2468 1217 oppido
2500 1142 2694 1200 Motta
2737 1160 2920 1217 prope
2950 1142 3154 1200 Tarvi-

1872 1231 2023 1289 sium
2067 1241 2162 1293 13.
2195 1231 2363 1289 Febr.
2407 1240 2572 1293 1480
2606 1233 2801 1289 natus.
2865 1232 3013 1290 Miro
3058 1232 3153 1289 in-

1870 1320 2043 1396 genio
2119 1320 2610 1393 tenacissimaque
2687 1321 2968 1379 memoria
3027 1324 3156 1379 erat

1870 1409 2176 1485 praeditus
2211 1414 2390 1485 atque
2424 1413 2595 1467 tanto
2641 1409 2846 1468 ardore
2878 1410 3155 1468 incubuit

1871 1498 2106 1568 studiis,
2154 1489 2226 1557 ut
2257 1516 2442 1557 annos
2476 1502 2654 1556 natus
2688 1499 2784 1555 vix
2816 1499 3153 1573 quindecim

1871 1592 2141 1646 auctores
2188 1588 2427 1663 publice
2473 1587 2856 1662 interpretari
2899 1589 3157 1664 coeperit

1873 1678 2322 1735 accurrentibus
2357 1676 2623 1751 undique
2644 1680 2766 1734 tam
2788 1677 2956 1735 laicis
2976 1696 3153 1752 quam

1869 1766 2278 1825 ecclesiasticis
2312 1766 2391 1830 ad,
2417 1765 2777 1824 audiendum
2799 1767 3156 1843 magistrum

1868 1856 2011 1913 adeo
2035 1856 2336 1930 juvenem.
2399 1854 2658 1915 Profecit
2703 1855 2766 1912 in
2818 1856 3154 1932 astrologia,

1868 1944 2174 2014 medicina,
2214 1944 2457 2013 musica,
2490 1943 2868 2019 philosophia
2905 1948 2966 2003 et
2985 1946 3154 2003 theo—

1868 2033 2044 2109 logia,
2077 2033 2301 2110 linguis
2321 2039 2546 2110 graeca,
2581 2034 2864 2092 chaldaea
2893 2035 3070 2092 etiam
3092 2040 3157 2093 et

1868 2123 2139 2181 hebraica
2172 2127 2232 2181 et
2264 2124 2327 2180 in
2359 2123 2521 2180 omni
2553 2122 2866 2181 literatura
2897 2123 3156 2185 classica.

1867 2212 2119 2269 Juvenis
2153 2233 2200 2269 a.
2245 2222 2316 2274 19
2352 2211 2818 2286 disputationem
2849 2213 3158 2287 publicam

1870 2302 2058 2359 subiit
2093 2302 2354 2359 Venetiis
2395 2303 2464 2358 de
2510 2302 2726 2378 anyelis
2769 2320 2984 2376 magno
3029 2322 3152 2361 om·

1868 2390 2036 2448 nium
2060 2392 2290 2464 plausu,
2326 2409 2576 2464 moxque
2597 2390 2840 2464 publico
2859 2391 3157 2466 stipendio

1868 2479 2196 2537 conductus
2231 2480 2348 2537 fuit
2377 2480 2482 2554 qui
2517 2478 2777 2537 Venetiis
2811 2480 3154 2539 tusculanas

1869 2568 2164 2626 Ciceronis
2198 2568 2572 2644 quaestiones
2604 2587 2798 2626 coram
2819 2568 3152 2628 lectissimis

1868 2658 2240 2716 auditoribus
2271 2662 2605 2734 exponeret.
2640 2655 2869 2716 Ibidem
2902 2659 3142 2718 familia·

1869 2748 2015 2805 riter
2049 2753 2430 2806 conversatus
2464 2751 2555 2805 est
2575 2767 2707 2806 cum
2723 2748 2985 2818 Erasmo‚
3008 2767 3146 2823 quo·

1869 2854 2004 2894 cum
2037 2836 2241 2893 eodem
2273 2837 2558 2894 utebatur
2603 2837 2876 2896 cubiculo
2921 2856 3153 2896 mensa-

1870 2944 1984 2999 que
2017 2925 2235 2983 eadem.
2288 2926 2539 2984 Parisios
2571 2946 2620 2984 a.
2651 2936 2815 2988 1508
2851 2927 3156 3002 profectus

1869 3015 2177 3073 literarum
2200 3015 2618 3074 humaniorum
2643 3018 2704 3072 et
2724 3016 2965 3091 linguae
2985 3036 3156 3093 grae·

1868 3122 1967 3161 cae
2003 3100 2220 3184 (coram
2281 3104 2658 3162 auditoribus
2695 3101 2892 3185 2000)
2930 3105 3160 3181 profes·

1869 3211 2059 3250 sorem
2094 3193 2232 3268 egit.
2265 3194 2478 3251 Rector
2498 3194 2909 3252 universitatis
2929 3195 3155 3253 electus

1868 3288 1960 3339 est
1990 3282 2221 3358 primus
2269 3287 2404 3356 post
2449 3282 2566 3341 duo
2614 3284 2811 3341 secula
2855 3302 2925 3341 ex
2962 3284 3153 3351 Italia,

1869 3371 2041 3446 eique
2071 3371 2334 3446 praefuit
2364 3372 2606 3429 biennio
2625 3416 2638 3440 ,
2681 3372 2921 3430 interim
2968 3375 3030 3431 et
3061 3391 3154 3430 sa-

1868 3461 1981 3518 cris
2014 3461 2130 3517 suit
2161 3460 2454 3518 initiatus.
2487 3463 2660 3519 Anno
2702 3470 2884 3522 1514.
2919 3461 3054 3522 Erh.
3082 3462 3154 3520 de

1866 3548 1924 3607 la
1945 3550 2108 3607 Mark
2141 3550 2454 3624 episcopus
2476 3549 2793 3608 leodiensis
2809 3569 2944 3608 eum
2978 3569 3152 3608 suum

1870 3640 2255 3697 secretarium
2287 3643 2350 3696 et
2390 3639 2804 3697 cancellarium
2839 3640 3157 3698 constituit

1867 3733 1927 3786 et
1959 3729 2308 3786 canonicatu
2341 3728 2404 3786 in
2435 3727 2577 3786 aede
2608 3726 2935 3787 cathedrali
2956 3733 3018 3786 et
3046 3728 3150 3788 du·

1866 3815 2007 3891 plici
2039 3818 2451 3892 praepositura
2481 3836 2524 3875 s.
2559 3817 2720 3875 Petri
2753 3823 2814 3875 et
2835 3836 2880 3875 3.
2901 3817 2938 3874 J
2945 3819 3152 3876 oannis

1868 3905 2114 3964 donavit
2144 3925 2402 3981 eumque
2438 3907 2679 3965 Romam
2713 3907 2878 3965 misit
2908 3925 3016 3982 pro
3047 3906 3153 3966 ob-

1866 3995 2114 4054 tinenda
2134 3996 2538 4054 cardinalatus
2561 3996 2877 4072 dignitate:
2912 4015 3029 4071 quo
3051 4015 3153 4054 ne-

1866 4085 2028 4160 gotio
2070 4084 2324 4142 feliciter
2363 4088 2603 4160 peracto
2662 4104 2696 4141 a
2742 4084 2934 4143 Leone
2979 4084 3044 4142 X.
3091 4086 3153 4143 in

1946 4331 1981 4395 ¹)
2010 4324 2182 4394 Apud
2208 4326 2256 4378 J.
2285 4325 2589 4378 Heumann
2616 4324 2849 4381 Docum.
2879 4324 2964 4381 lit.
3005 4325 3153 4379 varii

1869 4396 2216 4465 argumenti,
2291 4396 2560 4450 Altdorfii
2603 4399 2741 4453 1758
2785 4415 2840 4467 p.
2886 4402 3151 4457 266—74.

1869 4466 1949 4522 Cf.
1998 4469 2065 4522 de
2111 4471 2342 4521 auctore
2388 4471 2580 4521 nostro
2623 4467 2849 4521 Streber
2889 4467 3152 4534 KL.V11‚

1867 4543 2039 4595 1643:
2077 4539 2314 4592 Suttner
2342 4539 2489 4596 Bibl.
2516 4539 2930 4593 eichstettensis
2958 4540 3151 4599 dioec..

1868 4610 2152 4666 Eichstett
2177 4615 2346 4668 1866:
2376 4611 2574 4665 Straus
2609 4610 2725 4663 Viri
2753 4611 2996 4681 scriptis,
3023 4627 3152 4665 con-

1868 4682 2088 4736 ditione
2130 4700 2193 4737 ac
2231 4685 2440 4753 pietate
2483 4682 2755 4751 insignes,
2796 4700 2940 4750 quos
2991 4681 3151 4734 Eich-

1868 4754 2116 4807 stadium
2147 4755 2234 4807 vel
2261 4754 2466 4824 genuit
2503 4754 2592 4807 vel
2629 4754 2793 4816 aluit,
2837 4753 3151 4807 Eichstadii

1869 4829 2008 4880 1794
2035 4845 2090 4895 p.
2117 4829 2431 4882 261—278:
2463 4824 2694 4893 Wegele
2722 4828 2785 4880 A.
2814 4826 2868 4882 d.
2896 4825 2977 4878 Bi.
3003 4825 3151 4888 XIX,

1869 4901 1990 4952 753.
