3475 5364
392 368 553 422 1337
978 351 1080 404 Jus
1104 351 1458 405 canonicum.
1486 353 1618 405 Ant.
1645 350 1715 405 de
1743 349 1977 421 Burg0s‚
2006 350 2168 413 Riva‚
2195 348 2415 405 Decius.
2831 364 2999 421 13:38

382 537 838 613 protestantium
869 536 1255 596 defectionem
1287 538 1535 613 ejusque
1566 554 1660 594 co-
1716 537 1885 595 brevi
1904 536 2239 595 eruditione
2257 540 2317 594 et
2344 535 2615 595 doctrina
2632 535 2998 611 praecelluit.

381 629 560 686 natus
590 625 979 702 componendi
1010 626 1219 685 turbas
1252 627 1317 685 in
1349 625 1661 686 Germania
1714 625 1866 683 Eum
1898 627 2093 684 Pisam
2127 629 2367 684 secutus
2410 628 2519 695 est,
2564 624 2670 683 ubi
2705 644 2756 683 a.
2788 623 3002 682 aetatis

384 714 709 781 suscitatas,
762 714 942 773 habes
972 715 1129 791 apud
1162 715 1238 773 Le
1271 715 1405 774 Plat
1435 715 1496 773 in
1528 715 1658 774 coll.
1720 723 1793 776 21
1837 715 2040 774 doctor
2072 714 2460 773 renunciatus
2493 717 2585 772 est
2617 717 2679 771 et
2707 732 2841 772 mox
2872 732 2995 771 ma—

381 823 642 863 monum.
677 804 749 864 ad
770 805 906 863 hist.
928 822 1084 864 conc.
1101 804 1241 863 trid.
1263 804 1659 880 spectantium
1714 805 1904 881 gister
1935 805 2316 863 constitutus
2381 803 2459 861 Ut
2489 801 2755 878 profiteri
2787 802 2998 877 coepit,

379 898 423 952 t.
456 894 529 952 II.
565 894 800 968 passim.
1713 892 2054 953 auditorum
2070 912 2319 952 numero
2335 911 2536 951 omnes
2568 892 2734 950 brevi
2752 910 2998 967 supera·

475 992 620 1045 621.
654 982 820 1041 Sicut
852 982 1114 1042 historici
1146 983 1236 1042 ita
1254 986 1315 1041 et
1332 984 1661 1041 canoni-stae
1714 983 1821 1051 vit,
1856 982 2126 1058 quamvis
2158 982 2414 1058 collegas
2444 981 2690 1039 haberet
2721 980 2998 1048 celebreS,

380 1072 488 1131 hac
518 1072 761 1147 periodo
794 1076 937 1131 sunt
956 1072 1206 1131 rariores
1225 1091 1405 1146 quam
1425 1072 1659 1147 epochis
1713 1089 1934 1147 eosque
1956 1071 2309 1147 disputandi
2329 1071 2652 1147 sagacitate
2673 1070 2842 1128 facile
2861 1070 2997 1128 vin-

382 1160 889 1237 praecedentibus.
952 1169 1001 1218 A
1018 1164 1101 1219 nt
1117 1161 1299 1220 oniu
1316 1179 1344 1219 s
1376 1160 1447 1218 de
1479 1161 1526 1218 B
1545 1180 1658 1219 ur-

383 1270 424 1326 g
438 1268 469 1308 o
486 1269 514 1309 s
535 1249 1019 1309 Salmanticensis
1035 1270 1094 1308 n.
1120 1262 1139 1311 1
1157 1260 1302 1319 450,
1319 1250 1469 1325 juris
1487 1269 1659 1308 cano-

383 1339 499 1397 nici
529 1339 820 1413 professor
851 1338 1101 1408 Patavii,
1123 1338 1260 1398 dein
1284 1359 1334 1398 a.
1360 1347 1440 1401 20
1463 1340 1657 1398 Bono-

382 1428 533 1498 niae,
556 1447 589 1485 a
608 1428 802 1486 Leone
831 1428 897 1486 X.
915 1428 1155 1487 Romam
1174 1431 1417 1486 vocatus
1432 1429 1658 1486 utrius-

383 1536 499 1593 que
520 1518 860 1593 signaturae
890 1517 1322 1576 referendarius
1341 1519 1435 1575 est
1448 1517 1657 1575 factus.

380 1605 527 1681 Ejus
558 1605 884 1664 discessum
924 1606 1243 1665 admodum
1291 1624 1464 1682 aegre
1513 1606 1660 1664 tulit

381 1695 677 1754 academia
694 1695 1072 1754 bononiensis
1096 1691 1161 1777 (†
1179 1707 1203 1758 1
1219 1706 1273 1757 Ο.
1287 1696 1420 1753 Dec.
1447 1705 1563 1759 152
1575 1690 1657 1777 5).

382 1784 653 1842 Plurium
685 1784 1065 1843 decretalium
1104 1784 1316 1843 titulos
1363 1802 1658 1843 commen-

381 1872 549 1932 tariis
571 1874 903 1932 illustravit
915 1868 979 1955 ¹).
1005 1899 1074 1908 -
1102 1873 1142 1932 J
1153 1892 1415 1933 oannes
1437 1874 1481 1931 F
1496 1894 1526 1931 r
1541 1893 1575 1932 a
1591 1893 1658 1930 n-

383 1962 643 2021 ciscus
689 1963 874 2021 Riva
917 1963 977 2043 (a
1008 1959 1178 2043 Ripa)
1211 1963 1470 2032 Ticinus,
1505 1964 1658 2021 Ave-

379 2052 557 2109 nione
589 2058 652 2110 et
670 2052 885 2110 Paviae
903 2052 1200 2128 professor
1220 2052 1361 2121 clari
1383 2052 1654 2121 nominiS,

383 2140 454 2198 ad
487 2159 662 2215 quem
695 2141 1057 2199 audiendum
1087 2141 1370 2217 undique,
1423 2141 1566 2198 dum
1596 2141 1661 2198 in

381 2230 568 2306 priori
611 2231 760 2287 urbe
805 2230 1040 2288 doceret
1082 2226 1503 2310 (1518—33),
1537 2230 1658 2288 dis-

384 2317 568 2393 cipuli
599 2320 998 2376 accurrerunt.
1061 2322 1311 2379 Senator
1341 2318 1535 2377 dictus
1567 2322 1659 2377 est

383 2406 840 2466 mediolanensis
856 2407 1225 2482 decessitque
1244 2418 1268 2469 1
1287 2415 1430 2478 535,
1449 2426 1656 2466 secun-

380 2495 521 2553 dum
572 2496 717 2553 alios
768 2504 952 2559 1534.
1014 2496 1249 2556 Maximi
1298 2516 1433 2555 eum
1480 2497 1657 2555 aesti-

378 2585 567 2643 mavit
597 2581 1090 2666 Sadoletus2)‚
1124 2586 1332 2661 quide
1364 2604 1432 2644 eo
1463 2586 1550 2645 ita
1582 2586 1655 2644 ad

378 2673 738 2733 Clementem
755 2674 880 2733 VII.
898 2675 1163 2751 scripsit:
1191 2674 1472 2743 ,Vestrae
1484 2694 1653 2735 sanc·

377 2763 546 2822 titati
563 2763 673 2823 hoc
687 2765 1094 2824 testimonium
1108 2765 1386 2840 praebere
1397 2784 1653 2840 possum,

378 2853 617 2911 nullum
650 2874 685 2912 a
713 2872 807 2912 me
839 2854 911 2912 de
941 2855 1051 2924 hie,
1086 2854 1158 2912 de
1177 2855 1396 2931 quibus
1430 2854 1656 2929 aliquid

371 2941 638 3017 judicare
697 2943 1011 3019 potuerim,
1062 2949 1169 3002 aut
1228 2943 1658 3019 praestantiore

379 3031 618 3106 ingenio
649 3035 756 3090 aut
785 3032 1111 3092 illustriore
1140 3032 1296 3091 fama
1313 3032 1500 3091 fuisse
1520 3051 1652 3109 cog-

379 3120 592 3189 nitum,
655 3138 763 3177 nec
824 3122 1017 3180 solum
1065 3121 1367 3181 doctrinae
1414 3125 1476 3179 et
1519 3139 1653 3180 eru·

378 3206 643 3277 ditionis,
678 3207 777 3265 sed
812 3209 1138 3268 virtutibus
1169 3210 1350 3268 etiam
1383 3210 1654 3268 eximiae·

380 3315 496 3371 que
557 3297 980 3371 integritatis}
1050 3299 1234 3374 Magis
1290 3298 1533 3357 emicuit
1594 3299 1658 3357 in

371 3385 509 3460 jure
541 3385 718 3454 civili,
766 3387 894 3461 ejus
938 3390 1142 3445 tamen
1188 3404 1368 3460 opera
1398 3405 1655 3445 evanue-

378 3478 523 3532 runt
568 3492 709 3549 prae
756 3475 1034 3550 operibus
1077 3476 1275 3552 magni
1307 3475 1538 3544 Alciati,
1585 3476 1657 3534 de

379 3581 498 3638 quo
543 3564 712 3621 infra.
775 3564 905 3622 Huc
950 3568 1247 3640 spectant:
1301 3564 1655 3622 Commenta-

377 3655 506 3710 rius
536 3653 607 3709 ad
621 3654 724 3728 jus
740 3654 1106 3724 canonicum,
1123 3656 1429 3728 Augustae
1457 3665 1477 3716 1
1496 3663 1529 3717 5
1542 3665 1573 3716 ’7
1585 3664 1622 3715 4
1640 3676 1654 3724 ;

376 3740 653 3818 Lugduni
711 3751 873 3806 1585
922 3744 985 3800 in
1030 3744 1100 3812 f.;
1162 3744 1659 3816 interpretationes

377 3831 439 3888 in
498 3843 547 3893 1.
600 3835 662 3889 et
713 3840 767 3893 2.
830 3831 1213 3891 decretalium
1259 3832 1315 3901 l.,
1378 3832 1656 3909 Lugduni

386 3929 550 3982 1554
585 3920 649 3977 in
680 3919 751 3990 f.;
814 3920 1082 3980 Venetiis
1122 3930 1285 3984 1575
1322 3922 1386 3978 in
1416 3922 1487 3991 f.;
1551 3922 1655 3980 lec-

377 4015 546 4067 turae
575 4009 636 4067 in
669 4009 901 4084 aliquot
931 4010 1164 4079 titulos,
1197 4009 1423 4068 Tridini
1468 4020 1652 4081 1519;

1714 1161 1904 1231 cebet,
1956 1160 2117 1236 quod
2165 1163 2226 1218 et
2274 1160 2337 1217 in
2383 1159 2519 1218 aliis
2565 1159 2898 1227 academiis,
2932 1158 3000 1216 in

1714 1249 1936 1325 quibus
1952 1249 2174 1320 docuit,
2193 1249 2462 1325 contigit,
2480 1248 2617 1306 hinc
2635 1248 2996 1325 collegarum

1713 1338 1999 1397 invidiam
2051 1338 2401 1397 commovit:
2466 1355 2652 1413 quare
2702 1337 2996 1396 invitatus

1715 1427 1895 1487 Senas
1944 1428 2191 1486 transiit
2239 1426 2443 1502 ibique
2492 1426 2751 1502 primum
2798 1443 2998 1486 sacros

1714 1535 1983 1588 canones,
2019 1536 2152 1576 mox
2180 1517 2282 1591 jus
2314 1516 2483 1575 civile
2517 1515 2738 1574 docuit.
2772 1516 2864 1573 Ab
2895 1516 2996 1572 ln-

1714 1606 1987 1665 nocentio
2020 1606 2174 1664 VIII.
2206 1605 2552 1681 designatus
2582 1608 2674 1662 est
2693 1604 2873 1663 Rotae
2891 1622 2997 1662 au-

1714 1695 1890 1765 ditor,
1925 1714 2046 1770 qua
2077 1695 2377 1754 occasione
2417 1698 2726 1753 tonsuram
2760 1693 2995 1752 clerica-

1713 1785 1832 1842 lem
1863 1785 2117 1860 accepit:
2170 1784 2483 1853 ordinibus
2528 1788 2730 1841 tamen
2762 1783 2996 1857 majori-

1712 1873 1830 1932 bus
1861 1892 1982 1932 non
2013 1873 2133 1932 fuit
2163 1872 2460 1932 initiatus.
2493 1872 2693 1930 Rediit
2724 1872 2884 1930 Pisas
2919 1871 2996 1930 ad

1714 1962 2059 2033 docendum,
2093 1963 2198 2021 ubi
2231 1962 2449 2020 multos
2489 1961 2703 2020 habuit
2733 1961 2994 2036 discipu-

1714 2052 1804 2111 los
1833 2052 2101 2128 insignes
2147 2054 2329 2125 atque
2369 2051 2531 2109 inter
2573 2069 2672 2109 eos
2702 2050 2996 2109 Joannem

1715 2141 2058 2210 Mediceum,
2073 2143 2283 2216 postea
2294 2140 2632 2216 pontificem
2640 2139 2895 2198 Leonem
2905 2138 2992 2207 X„

1717 2231 2038 2306 pluresque
2068 2230 2231 2297 alios,
2282 2228 2387 2304 qui
2419 2229 2600 2287 creati
2631 2234 2773 2286 sunt
2804 2227 2996 2285 cardi-

1715 2320 1896 2378 nales.
1959 2321 2010 2377 A
2057 2318 2353 2377 Ludovico
2400 2318 2625 2376 Galliae
2668 2335 2825 2393 rege,
2889 2316 2996 2392 qui

1712 2411 1862 2466 tunc
1922 2407 2455 2467 Mediolanensium
2516 2406 2875 2481 potiebatur,
2928 2407 2996 2463 in

1714 2498 1968 2572 patriam
2000 2497 2311 2565 invitatur,
2365 2494 2460 2554 cui
2490 2494 2788 2555 vocationi
2822 2495 2993 2553 obse-

1715 2605 1904 2660 quens
1936 2588 1999 2645 in
2032 2586 2304 2644 ticinensi
2353 2585 2516 2660 lyceo
2549 2602 2733 2644 annos
2766 2590 2995 2659 septem

1713 2694 1966 2736 canones
1997 2675 2234 2752 legebat
2266 2675 2513 2733 maximo
2565 2673 2993 2749 discipulorum

1712 2783 2020 2825 concursu.
2096 2764 2345 2823 Interim
2393 2784 2427 2823 a
2475 2782 2613 2840 rege
2673 2763 2996 2839 agentibus

1710 2855 2019 2914 nonnullis
2029 2853 2427 2913 cardinalibus
2445 2853 2658 2911 schism
2669 2852 2838 2912 aticis
2853 2869 2991 2910 con·

1711 2948 1987 3003 vocatum
2034 2943 2150 3002 fuit
2194 2942 2655 3003 conciliabulum
2695 2942 2995 3018 pisanum,

1711 3033 1997 3092 adversus
2031 3033 2068 3090 J
2071 3033 2262 3091 ulium
2281 3032 2354 3090 ΙΙ.
2387 3028 2776 3114 (translatum
2795 3034 2994 3106 postea

1712 3121 2146 3199 Mediolanum),
2200 3122 2294 3181 cui
2344 3127 2405 3179 et
2452 3121 2579 3196 ipse
2629 3119 2902 3178 interfuit
2933 3125 2993 3177 et

1712 3214 1887 3288 cujus
1901 3211 2338 3287 legit-imitatem
2349 3209 2574 3285 duplici
2590 3209 2808 3283 scripto
2825 3209 2992 3266 nisus

1712 3305 1805 3357 est
1855 3301 2048 3358 tueri:
2107 3301 2423 3357 Consilium
2471 3316 2654 3371 supra
2709 3298 2996 3355 Ecclesiae

1713 3391 2050 3446 auctoritate
2070 3406 2250 3464 supra
2266 3390 2490 3463 Papam
2503 3387 2564 3443 in
2588 3404 2762 3444 causa
2779 3384 2988 3461 synodi

1712 3477 1978 3552 pisanae;
2032 3481 2094 3534 et
2125 3477 2325 3534 Sermo
2374 3476 2446 3534 de
2495 3475 2699 3533 eadem
2745 3474 2996 3533 materia

1712 3584 1819 3641 pro
1846 3565 2268 3640 justificatione
2317 3564 2546 3623 concilii
2587 3563 2798 3639 pisani,
2831 3562 2989 3638 apud

1713 3654 1961 3713 Goldast
1992 3654 2283 3712 Monarch.
2318 3656 2371 3713 S.
2405 3654 2468 3711 R.
2502 3653 2565 3711 E.
2599 3652 2672 3721 11,
2717 3663 2877 3714 1167
2916 3670 2989 3708 ss.

1713 3742 1904 3811 Quare
1937 3743 2477 3802 excommunicatus
2492 3761 2526 3800 a
2542 3741 2579 3798 J
2582 3741 2708 3799 ulio
2724 3739 2800 3801 11.
2825 3759 2989 3799 coac·

1711 3836 1812 3890 tus
1863 3836 1955 3890 est
2002 3832 2331 3890 exturbatis
2383 3831 2571 3906 Papia
2620 3830 2804 3888 Gallis
2848 3847 2985 3887 con—

1709 3921 1916 3998 fugere
1961 3921 2026 3979 in
2058 3921 2328 3989 Galliam,
2377 3921 2483 3979 ubi
2528 3918 2841 3978 honorifice
2872 3918 2989 3975 fuit

1710 4013 2003 4085 exceptus.
2042 4010 2187 4068 Nam
2236 4029 2270 4067 a
2314 4007 2873 4086 gratianopolitanis
2906 4007 2988 4065 ci·

385 4106 547 4160 1542
584 4099 647 4155 in
678 4099 717 4156 f.
768 4133 858 4142 —
903 4099 1322 4174 Philippus
1374 4100 1422 4157 D
1443 4100 1654 4158 ecius
1708 4098 1887 4158 vibus
1922 4099 2184 4158 adlectus
2215 4103 2308 4157 est
2324 4097 2985 4158 senatoretValentiam

378 4186 831 4247 Mediolanensis
863 4207 918 4246 n.
961 4197 1145 4256 1453,
1193 4188 1408 4263 Papiae
1455 4189 1654 4247 studio
1708 4195 1984 4247 evocatus
2018 4188 2354 4248 cathedram
2402 4187 2742 4247 conscendit
2772 4204 2987 4262 magno

369 4275 526 4349 juris
602 4275 793 4335 civilis
870 4296 930 4335 se
1007 4277 1233 4335 addixit
1293 4277 1653 4352 fratremque
1708 4277 2052 4336 auditorum
2072 4296 2380 4340 concursu.
2414 4278 2704 4336 Defuncto
2724 4276 2889 4334 Julio
2911 4274 2986 4336 11.

376 4381 553 4421 suum
630 4368 907 4442 maj0rem
975 4366 1409 4424 Lancellottum
1485 4386 1651 4442 prae·
1706 4368 1822 4425 Leo
1871 4367 1938 4431 X.
2000 4368 2128 4443 ejus
2191 4366 2253 4424 in
2304 4367 2439 4425 sede
2483 4365 2807 4441 apostolica
2854 4383 2985 4422 suc·

376 4456 471 4510 ter
518 4452 664 4511 alios
713 4458 1147 4531 praeceptorem
1197 4454 1423 4524 habuit,
1476 4475 1650 4530 quem
1708 4474 1905 4514 cessor
1950 4456 2192 4514 Decium
2245 4475 2422 4514 suum
2472 4455 2772 4530 quondam
2816 4472 2984 4528 prae-

1706 4550 2002 4620 ceptorem
2023 4565 2057 4603 a
2075 4546 2338 4603 censuris
2353 4544 2628 4604 omnibus
2649 4541 2984 4602 absolutum

452 4627 491 4688 ¹)
519 4624 601 4679 Cf·
629 4641 824 4680 eorum
852 4625 1150 4679 elenchum
1176 4626 1237 4679 in
1265 4624 1387 4680 Nic·
1416 4626 1652 4680 Antonii
1706 4633 2043 4692 declaravit.
2104 4634 2258 4692 Hinc
2288 4636 2602 4693 revocatus
2651 4633 2713 4690 in
2744 4631 2982 4691 Italiam

375 4695 696 4820 hilglssfiipfi'
715 4713 859 4820 'Imm
890 4696 929 4758 I‘
956 4701 1077 4799 ¹95·
1216 4766 1251 4820 d
1458 4791 1468 4800 ·
1498 4768 1565 4822 Ti
1631 4801 1649 4810 ·
1705 4723 1922 4798 Papiae
1953 4723 2171 4782 iterum
2204 4723 2407 4782 docuit
2446 4726 2657 4782 auctus
2692 4721 2985 4798 dignitate

374 4772 663 4893 bogchiplxss
671 4841 736 4892 Π,
752 4771 897 4909 'p1‚328,
924 4773 1273 4900 {sd-{dikenz
1297 4785 1650 4900 {ffmgsshuffle
1706 4814 2007 4872 senatoria
2055 4812 2476 4872 mediolanensi
2509 4817 2570 4870 et
2601 4829 2846 4869 munere
2879 4828 2980 4866 cu-

373 4910 466 4973 111,
492 4916 614 4967 444.
1705 4902 1919 4961 ratoris
1935 4902 2363 4960 universitatis.
2397 4903 2539 4961 Post
2554 4899 2783 4974 aliquot
2797 4916 2984 4957 annos
