3475 5364
1581 1623 1710 1704 XI

559 1784 1139 1955 Theologi
1228 1682 1827 1917 annorum
1932 1779 2753 1917 1376—1400.

1032 2155 1094 2252 Ι.
1164 2154 1653 2275 Theologia
1716 2154 2296 2253 scholastica.

437 2401 580 2454 342.
614 2392 779 2450 Inter
823 2393 1183 2460 innumer08‚
1238 2393 1344 2467 qui
1391 2393 1454 2450 in
1501 2393 1624 2450 Ma·
1651 2397 1658 2508 Ι
1682 2412 1824 2451 cura
1857 2393 2183 2469 Augustini
2218 2391 2627 2452 Monsfalconii
2651 2394 2712 2452 Ο.
2737 2393 2791 2452 S.
2813 2394 2962 2470 Aug.

342 2480 601 2557 gistrum
619 2481 1044 2540 sententiarum
1070 2481 1432 2556 scripserint,
1452 2481 1623 2556 pauci
1681 2477 1744 2564 (†
1799 2478 2010 2562 1522),
2074 2481 2179 2558 qui
2229 2481 2404 2557 plura
2452 2482 2744 2542 sodalium
2793 2502 2967 2559 opera

339 2569 760 2628 inclaruerunt.
825 2571 973 2629 Prae
1034 2570 1243 2629 ceteris
1304 2570 1455 2629 forte
1517 2570 1626 2628 hac
1681 2571 1933 2629 correxit
1964 2571 2302 2646 ediditque3
2350 2574 2539 2630 oratio
2571 2573 2967 2648 complectens

340 2657 581 2734 periodo
613 2659 880 2719 innotuit
929 2658 1332 2718 Marsilius
1382 2655 1624 2741 (Marce·
1679 2660 2965 2739 dictiones,clausulasetelegantiasrhetori-

340 2744 486 2826 lius)
534 2748 606 2807 de
657 2749 952 2825 Inghen
1003 2745 1093 2830 (in
1138 2750 1444 2824 provincia
1488 2749 1623 2807 Gel-
1680 2769 1794 2820 cae.
1830 2769 1872 2807 e.
1907 2750 1944 2807 l.
1978 2754 2040 2809 et
2062 2770 2147 2809 a.:
2183 2749 2332 2809 sorte
2352 2751 2544 2826 ipsius
2566 2770 2805 2828 quoque
2825 2756 2968 2811 sunt

339 2832 545 2918 (iriae),
581 2838 813 2896 O‹·cami
844 2838 1190 2913 discipulus,
1241 2840 1332 2896 Ab
1364 2859 1412 2896 a.
1457 2847 1618 2901 1362
1677 2841 2115 2914 suppositiones,
2150 2858 2301 2914 quae
2334 2840 2446 2898 sub
2480 2841 2820 2899 Marsilii
2853 2842 2961 2898 Pa-

339 2926 578 2985 Parisiis
659 2927 861 2985 docuit
933 2927 996 2984 in
1059 2927 1279 2985 artium
1341 2927 1622 2985 facultate
1678 2928 1948 2986 risiensis
2009 2929 2246 2988 nomine
2290 2928 2658 3002 prodierunt,
2723 2929 2962 2988 Taurini

339 3014 569 3090 ipsique
616 3016 995 3075 universitati
1045 3015 1307 3091 praefuit
1365 3025 1525 3079 1367
1561 3019 1622 3075 et
1686 3027 1853 3081 1792
1890 3035 2030 3076 cura
2062 3017 2151 3075 Fr.
2187 3018 2255 3074 A.
2290 3017 2668 3088 Zaccaria‚
2705 3018 2812 3093 qui
2833 3017 2962 3077 illas

347 3113 504 3168 1371
563 3107 772 3174 rector,
827 3105 901 3163 ab
950 3124 1140 3180 eaque
1185 3106 1404 3164 missus
1449 3111 1540 3165 est
1570 3125 1618 3164 a.
1649 3106 1652 3149 ἓ
1679 3107 1741 3164 iu
1789 3107 1910 3165 cod.
1964 3106 2251 3165 Pistoriae
2303 3107 2543 3181 reperit.
2608 3108 2963 3183 Praeprimis

345 3203 507 3258 1373
546 3193 619 3252 ad
652 3193 950 3252 Urbanum
988 3194 1077 3252 VI.
1143 3195 1286 3253 Cum
1320 3213 1459 3254 vero
1493 3215 1619 3254 aca·
1646 3190 1652 3223 ¹
1677 3215 1815 3255 vero
1861 3195 2128 3254 innotuit
2171 3195 2593 3255 retractatione
2628 3197 2964 3256 Sammulae

337 3281 534 3341 demia
581 3282 656 3341 ab
704 3282 884 3358 hujus
934 3284 1229 3359 pontificis
1281 3284 1622 3343 obedientia
1647 3276 1650 3345 i
1678 3285 1840 3344 Petri
1872 3284 2143 3359 Hispani,
2178 3303 2297 3359 qua
2314 3286 2792 3344 nominalismum
2827 3305 2961 3361 pro-

336 3371 526 3431 tristis
588 3372 916 3431 schismatis
978 3377 1246 3448 tempore
1321 3373 1618 3445 defecerit,
1677 3373 1932 3451 pagavit.
1968 3406 2051 3416 -——
2073 3375 2456 3433 Albertus
2489 3375 2562 3433 de
2594 3376 2962 3452 Riggens-

335 3460 791 3538 Heidelbergam
827 3463 1086 3532 secessit,
1108 3470 1286 3537 atque
1320 3463 1479 3521 inter
1496 3463 1617 3538 pri·
1645 3494 1650 3543 g
1678 3464 1857 3523 dors
1902 3460 2391 3544 (Rickmersdorf)
2443 3465 2840 3523 communiter
2891 3464 2963 3524 de

336 3567 462 3609 mos
512 3551 693 3626 hujus
739 3569 925 3610 novae
972 3551 1298 3610 academiae
1349 3552 1618 3611 doctores
1645 3556 1648 3623 ς’
1678 3553 2016 3612 Saxonis.
2092 3552 2304 3625 dictus,
2384 3572 2562 3627 quem
2624 3553 2959 3621 Lanterius.

335 3640 818 3716 plantatoresque
868 3640 1136 3700 eminuit.
1200 3641 1419 3699 Novies
1451 3641 1617 3702 illius
1677 3642 1956 3719 Ossinger
2005 3644 2112 3700 etc.
2167 3642 2645 3718 Augustinianis‚'
2697 3643 2799 3702 alii
2848 3644 2960 3701 Do-

335 3734 620 3789 rectorem
670 3731 797 3807 egit
842 3731 1140 3805 simulque
1192 3730 1509 3788 canonicus
1559 3734 1619 3789 et
1674 3731 1990 3790 minim-anis
2057 3730 2422 3801 adscribunt,
2486 3732 2709 3790 fatente
2764 3731 2969 3800 Quetif

333 3819 739 3878 thesaurarius
788 3819 1068 3893 ecclesiae
1117 3839 1158 3878 s.
1206 3818 1475 3878 Andreae
1521 3838 1617 3879 co·
1675 3820 1926 3879 clericus
1990 3819 2274 3879 secularis
2325 3820 2457 3878 fuit.
2520 3821 2759 3896 Pragae‚
2825 3821 2963 3878 dein

334 3908 622 3967 loniensis
668 3908 800 3966 fuit.
862 3908 1135 3967 Piissime
1181 3909 1448 3978 vivebat;
1497 3910 1617 3967 sin·
1678 3910 1916 3968 Parisiis
1978 3909 2193 3967 studiis
2256 3928 2495 3984 operam
2557 3909 2724 3967 dedit
2783 3913 2962 3985 atque

333 3997 493 4073 gulis
527 3997 688 4055 feriis
722 3997 904 4056 sextis
931 3998 1243 4073 jejunabat
1274 3997 1339 4056 in
1372 4017 1527 4071 aqua
1558 4004 1618 4056 et
1673 3999 1892 4057 ibidem
1925 3999 1999 4056 ab
2032 4018 2079 4055 a.
2113 3998 2347 4071 circiter
2388 4009 2550 4062 1350
2597 3998 2672 4057 ad
2703 4018 2751 4056 a.
2794 4008 2946 4062 1361

333 4105 512 4162 pane:
548 4087 685 4144 hinc
700 4105 818 4144 non
839 4088 967 4145 sine
985 4087 1321 4146 sanctitatis
1341 4087 1616 4163 opinione
1643 4124 1647 4141 ·
1673 4089 1735 4147 in
1799 4087 2174 4164 philosophia
2221 4088 2509 4146 inclaruit
2553 4092 2960 4162 rectoremque

335 4178 604 4233 mortuus
634 4176 893 4234 refertur
927 4172 1056 4257 (20.
1089 4179 1241 4253 Aug.
1290 4185 1482 4246 1396;
1527 4195 1614 4235 se·
1673 4178 1799 4254 egit
1821 4197 1871 4238 a.
1899 4187 2063 4241 1353
2095 4198 2107 4237 ς
2134 4177 2315 4235 etiam
2336 4176 2399 4234 in
2420 4178 2597 4236 rebus
2617 4177 2959 4255 theologicis

332 4264 594 4323 cundum
627 4264 1065 4324 Fabricium
1105 4266 1375 4341 aliosque
1402 4262 1613 4345 1394).
1674 4271 1734 4325 et
1784 4286 1858 4325 ss.
1912 4266 2270 4340 Scriptarum
2325 4266 2575 4325 lectione
2636 4267 2961 4342 plurimum

331 4354 477 4429 Ejus
508 4357 919 4413 commentaria
949 4374 1045 4413 seu
1078 4357 1434 4432 quaestiones
1464 4357 1526 4413 in
1563 4360 1613 4413 1.
1673 4360 1800 4414 erat
1831 4359 2121 4415 versatae.
2156 4355 2398 4414 Romam
2432 4356 2736 4432 profectus
2757 4356 2831 4414 ab
2850 4356 2958 4413 Ur-

330 4445 365 4501 l.
397 4446 815 4502 sententiarum
846 4445 1200 4520 prodierunt
1232 4445 1614 4519 Argentorati
1642 4450 1646 4529 ἰ
1672 4446 1824 4504 hano
1846 4444 1912 4503 V.
1934 4444 2134 4519 magni
2168 4448 2258 4502 est
2289 4444 2482 4504 sactus
2516 4445 2592 4505 ob
2624 4464 2789 4503 suam
2825 4446 2958 4505 doc·

338 4542 496 4596 1501
524 4554 537 4602 ;
572 4534 952 4609 quaestiones
986 4536 1048 4592 in
1069 4534 1123 4591 ll.
1147 4536 1218 4593 de
1247 4536 1616 4609 quaeratione
1671 4534 2064 4604 trinam‚hinc
2084 4533 2364 4592 Viennam
2382 4535 2617 4605 missus,
2637 4539 2708 4592 ut
2723 4553 2957 4610 operam

329 4629 381 4680 et
427 4625 814 4700 corruptione,
879 4634 1075 4694 15043
1149 4623 1617 4681 Abbreviationes
1673 4625 1969 4683 conferret
1999 4624 2062 4681 in
2084 4622 2387 4682 condenda
2405 4624 2625 4682 ibidem
2647 4623 2957 4694 academia,

326 4710 773 4793 physicorum),
849 4721 1046 4781 1482;
1113 4712 1375 4771 Venetiis
1449 4722 1601 4775 1521

410 4834 445 4901 ¹)
473 4832 640 4885 Forte
685 4829 836 4883 idem
884 4845 1028 4899 opus
1077 4846 1203 4883 cum
1253 4847 1347 4896 qq.
1391 4833 1448 4883 in
1488 4835 1521 4881 8
1561 4833 1613 4883 ll.

319 4905 681 4971 physicorum,
728 4900 830 4969 qui
875 4903 981 4955 sub
1027 4900 1177 4955 Scoti
1223 4900 1448 4954 nomine
1491 4918 1612 4970 pro-

1643 3798 1648 3821 l

1641 4540 1646 4555 Ι

1672 4758 1906 4813 dierunt
1950 4759 2205 4813 Venetiis
2252 4764 2391 4816 1623
2443 4763 2565 4823 etc..
2617 4760 2714 4814 sed
2765 4762 2957 4814 nostro

1670 4830 2012 4957 ⁴lixiigiguntur
2074 4832 2146 4884 ab
2208 4830 2353 4886 aliis.
2408 4831 2489 4886 Cf.
2545 4830 2839 4901 Sbaraglia
2906 4850 2956 4900 p.
