3475 5364
362 351 484 444 711&

895 334 1032 387 1376
1055 336 1263 386 —14oo.
1291 329 1598 398 Tlieologia,
1625 329 1895 399 practica.
1926 329 2045 385 Nic.
2075 329 2423 397 Eyinericus,

2854 350 2978 403 712

355 517 773 585 autscriberet‚
795 535 1002 575 verum
1026 516 1130 574 Dei
1148 515 1489 574 ministrum
1509 534 1637 574 sese
1694 523 1787 575 tor
1849 515 2185 591 intrepidus
2248 523 2308 574 et
2370 517 2576 577 doctor
2637 519 2974 595 egregius.‘

357 606 632 665 exhibere
666 609 940 682 satagens
985 605 1047 663 in
1094 605 1270 664 verbo
1302 605 1571 664 veritatis
1604 625 1638 663 a
1693 605 1960 664 Plurima
1973 601 2020 685 l)
2042 605 2292 680 reliquit
2310 625 2486 683 opera
2516 619 2582 669 11
2615 608 2726 666 vol.
2749 608 2980 683 magnis

357 696 579 754 dextris
629 699 689 753 et
737 714 770 752 a
820 693 1097 764 sinistris,
1145 713 1252 769 per
1296 694 1545 769 gloriam
1578 698 1639 752 et
1692 694 2131 770 comprehensa,
2167 715 2318 770 quae
2350 700 2701 755 manserunt
2734 695 2980 766 inedita,

359 784 811 862 ignobilitatem,
858 802 964 859 per
993 783 1298 841 infamiam
1331 786 1394 841 et
1422 783 1637 842 bonam
1690 783 2114 859 philosophica,
2191 803 2508 853 sermones,
2588 786 2861 859 postillae
2922 792 2982 843 et

357 874 587 932 famam.
620 872 786 931 Fidei
818 873 1231 947 Ecclesiaeque
1252 873 1372 930 zelo
1394 890 1635 931 succen-

358 982 461 1021 sus
495 962 721 1021 labores
754 963 846 1019 illi
881 979 1021 1019 suos
1053 961 1390 1020 conferebat
1413 978 1634 1031 omnes,

357 1056 550 1110 cetera
577 1051 730 1109 nihil
764 1050 1031 1109 habebat.
1095 1051 1348 1109 Ineunte
1380 1071 1427 1109 a.
1474 1061 1632 1115 1357

355 1141 533 1199 datus
553 1144 645 1198 est
664 1140 850 1199 sodali
871 1139 1116 1198 Nicolao
1137 1139 1353 1199 Roselli
1385 1140 1458 1198 ad
1494 1158 1630 1215 pur-

357 1248 565 1306 puram
597 1233 800 1288 evecto
833 1246 1134 1288 successor
1178 1229 1242 1287 in
1274 1248 1512 1288 munere
1544 1229 1635 1287 in·

359 1316 666 1393 quisitoris
676 1318 972 1394 generalis
984 1318 1328 1395 Aragoniae.
1343 1319 1487 1376 Cum
1500 1338 1638 1379 vero

358 1406 656 1483 intrepide
689 1425 935 1465 munere
958 1407 1327 1484 fungeretur,
1349 1408 1411 1465 in
1433 1409 1639 1483 primis

356 1496 639 1555 adversus
650 1496 1013 1564 Wzldenses,
1028 1496 1355 1554 multorum
1371 1497 1485 1556 sibi
1501 1515 1637 1556 con-

357 1585 563 1644 citavit
593 1586 797 1645 odium
842 1589 902 1643 et
947 1586 1349 1644 accusationes
1395 1587 1573 1645 etiam
1608 1606 1642 1644 a

359 1674 660 1733 sodalibus
678 1674 741 1733 Ο.
763 1675 900 1732 Min.
931 1675 1004 1732 ob
1030 1677 1445 1750 impugnatum
1465 1695 1639 1734 suum

359 1763 773 1839 Raymundum
789 1763 1025 1821 Lullum
1044 1760 1092 1844 ¹)
1112 1782 1124 1820 ε
1152 1764 1286 1821 hinc
1304 1764 1366 1821 in
1384 1765 1640 1823 comitiis

358 1852 584 1911 ordinis
629 1861 787 1915 1360
825 1853 950 1911 loco
998 1855 1195 1911 motus
1228 1861 1320 1910 est
1351 1853 1640 1912 sedandae

358 1941 618 2000 hostium
649 1940 904 1999 invidiae
935 1959 1124 2001 causa.
1188 1941 1407 2010 Quanti
1441 1948 1640 2001 tamen

358 2049 494 2088 eum
528 2029 790 2088 facerent
834 2030 973 2088 inde
1017 2030 1226 2106 liquet,
1279 2032 1439 2106 quod
1472 2031 1640 2094 illum

367 2129 530 2181 1362
566 2119 954 2194 praeficerent
983 2119 1268 2178 vicarium
1301 2122 1638 2197 generalem

358 2208 692 2283 provinciae
743 2209 1088 2284 Aragoniae.
1153 2209 1342 2268 Scissa
1390 2229 1458 2268 ea
1508 2229 1640 2286 pro-

358 2297 551 2355 vincia
582 2298 647 2355 in
680 2298 826 2356 duas
860 2302 1076 2372 partes,
1110 2297 1238 2373 ipse
1258 2298 1332 2357 ab
1354 2319 1472 2358 una
1490 2298 1639 2358 elec-

357 2391 458 2445 tus
491 2395 580 2444 est
624 2387 688 2444 in
734 2386 1061 2461 praesidem
1113 2389 1463 2463 provinciae,
1499 2389 1638 2447 Ber-

357 2475 582 2533 nardus
604 2475 996 2551 Ermengaudi
1028 2476 1101 2533 ab
1134 2478 1331 2534 altera.
1370 2477 1640 2536 Urbanus

361 2565 442 2634 V„
496 2564 569 2621 ad
619 2583 794 2639 quem
845 2565 1244 2623 controversia
1288 2566 1483 2624 delata
1530 2572 1637 2636 est,

359 2657 642 2712 neutrum
705 2653 1075 2712 confirmavit
1135 2658 1196 2713 et
1246 2673 1447 2714 eorum
1512 2656 1638 2715 loco

358 2742 642 2819 praefecit
660 2742 697 2799 J
702 2744 947 2801 acobum
971 2744 1256 2802 Dominici
1288 2744 1637 2819 provinciae.

356 2832 590 2890 Interea
621 2831 967 2908 Eymericus
1001 2833 1385 2892 concionibus
1419 2834 1637 2893 haben·

357 2921 448 2979 dis
481 2920 924 2995 scribendisque
971 2922 1144 2979 libris
1195 2923 1484 2992 incubuit,
1533 2942 1638 2982 nec

359 3029 570 3084 parum
592 3012 725 3084 post
744 3009 805 3067 in
827 3029 1046 3068 munus
1071 3011 1445 3086 inquisitoris
1467 3013 1637 3071 resti-

357 3102 531 3157 tutus
565 3100 671 3156 est.
724 3102 1014 3174 Acceptus
1047 3104 1174 3159 erat
1206 3101 1487 3176 Gregorio
1519 3102 1634 3167 XL,

357 3206 613 3263 eumque
635 3188 878 3246 Romam
910 3188 1228 3247 comitatus
1263 3194 1354 3247 est
1388 3186 1634 3270 (1377).

356 3276 555 3336 Electo
591 3277 820 3335 Urbano
841 3277 936 3334 VI.
970 3282 1031 3336 et
1062 3280 1202 3355 fuga
1230 3279 1478 3353 dilapsis
1511 3298 1631 3337 car-

357 3364 654 3424 dinalibus
705 3367 880 3443 gallis
931 3367 1169 3443 scripsit
1208 3368 1517 3444 epistolam
1563 3368 1637 3426 ad

356 3454 682 3514 cardinales
704 3457 1005 3532 Anagniae
1021 3461 1281 3533 agenteS,
1316 3458 1379 3516 in
1409 3477 1527 3532 qua
1543 3458 1636 3516 ni-

355 3545 510 3603 titur
542 3545 853 3603 ostendere
897 3546 1246 3604 electionem
1283 3546 1505 3605 Urbani
1541 3548 1634 3605 VI.

354 3652 484 3692 esse
517 3633 837 3692 invalidam
871 3641 933 3693 et
955 3635 1239 3693 Clementi
1276 3636 1398 3692 VII.
1433 3637 1508 3694 ab
1544 3636 1635 3694 his

355 3723 542 3781 electo
574 3723 857 3793 adhaesit,
903 3724 1152 3798 ideoque
1188 3725 1248 3781 in
1279 3726 1633 3801 Aragoniam

353 3812 548 3869 rediit.
602 3813 713 3869 Sed
747 3830 881 3870 cum
913 3813 1218 3883 Lullistae‚
1254 3832 1402 3888 quos
1434 3815 1635 3889 inqui-

356 3902 819 3959 sitorinsecutus
834 3903 1634 3979 erat‚gratiavigerentapud

353 3989 392 4047 J
394 4008 644 4048 oannem
675 3990 1006 4064 Aragoniae
1035 4011 1253 4068 regem,
1275 4010 1462 4067 regno
1483 3994 1631 4068 ejec-

356 4082 453 4137 tus
499 4082 592 4137 est
650 4089 833 4142 1393.
897 4081 1260 4139 Avenionem
1311 4100 1371 4139 se
1424 4088 1634 4141 contu-

353 4169 425 4226 lit
459 4168 530 4225 ad
566 4168 923 4228 Clementem
956 4168 1099 4237 VII.⁹
1148 4190 1181 4227 a
1228 4189 1346 4245 quo
1381 4171 1634 4247 benigne

351 4261 630 4332 exceptus
682 4256 811 4317 fuit.
896 4260 1078 4319 Stetit
1125 4258 1297 4316 etiam
1350 4279 1454 4334 pro
1505 4261 1634 4335 ejus

353 4365 688 4406 successore
735 4347 1051 4406 Benedicto
1086 4348 1261 4416 xm„
1314 4349 1374 4406 in
1425 4350 1634 4423 primis

352 4440 557 4495 contra
570 4436 876 4514 theologos
887 4437 1255 4513 parisienses.
1269 4438 1442 4496 Anno
1468 4449 1489 4501 l
1508 4447 1541 4500 3
1553 4449 1586 4501 9
1599 4450 1628 4501 7

350 4525 532 4583 rediit
581 4526 642 4583 in
690 4526 940 4602 patriam
995 4546 1162 4585 suam
1214 4527 1419 4601 ibique
1451 4527 1634 4586 vitam

351 4615 550 4673 finivit
583 4616 786 4676 4.Jan.
832 4626 1008 4678 1399.
1043 4616 1112 4672 In
1145 4615 1450 4691 epitaphio
1483 4617 1635 4676 cele-

351 4705 559 4763 bratur
593 4746 619 4773 ‚,
637 4705 1005 4779 praedicator
1028 4704 1344 4773 veridicae,
1380 4705 1633 4779 inquisi-

435 4908 465 4964 ’,ι
496 4895 578 4947 cf.
608 4894 728 4949 Nic.
775 4892 1059 4945 Antonius
1100 4891 1132 4946 l.
1162 4898 1194 4947 9
1223 4912 1266 4945 c.
1296 4898 1324 4947 7
1355 4912 1406 4947 n.
1437 4900 1539 4950 382
1570 4913 1636 4950 se.

1694 872 2119 930 commentaria
2195 873 2258 931 in
2336 876 2593 947 quatuor
2658 876 2980 951 evangelia,

1693 961 2030 1037 dogmatica
2061 962 2134 1019 de
2153 958 2595 1044 eucharistia²)‚
2631 964 2701 1022 de
2733 982 2979 1039 concep·

1693 1051 1855 1109 tione
1904 1051 1959 1108 b.
2011 1051 2229 1109 Mariae
2279 1051 2364 1120 V„
2427 1053 2718 1128 polemica
2777 1059 2983 1111 contra

1695 1139 2025 1197 doctrinam
2057 1140 2255 1216 Raym.
2278 1139 2469 1211 Lulli;
2504 1145 2709 1200 contra
2727 1142 2980 1201 haereti·

1694 1229 1903 1287 caliter
1933 1234 2261 1288 asserentes
2311 1227 2522 1310 (Nicol.
2558 1232 2769 1290 Boneti
2797 1234 2859 1290 et
2888 1232 2979 1289 Fr.

1695 1318 1920 1393 Marogi
1966 1318 2036 1375 cf.
2084 1337 2266 1395 supra
2311 1338 2365 1394 p.
2402 1315 2555 1398 6⁶25)
2604 1321 2657 1378 b.
2691 1320 2980 1379 Joannem

1695 1407 1798 1464 Ev.
1850 1407 2034 1465 fuisse
2065 1408 2119 1465 b.
2153 1408 2369 1466 Mariae
2405 1408 2466 1465 V.
2502 1409 2690 1467 filium
2739 1413 2981 1468 natura·

1696 1498 1813 1554 lem
1862 1499 1970 1553 etc.
2039 1496 2268 1554 Prodiit
2313 1501 2550 1556 tantum
2583 1498 2983 1557 Directorimn

1696 1587 2126 1661 inquisitorum,
2176 1586 2501 1645 Barcinone
2556 1597 2718 1650 1503
2767 1587 2856 1646 ed.
2890 1588 2976 1645 in·

1697 1674 1963 1733 numeris
1996 1674 2139 1732 locis
2171 1674 2523 1749 depravata3
2560 1676 2774 1736 Romae
2815 1686 2977 1739 1573

1697 1763 1941 1822 scholiis
1987 1768 2049 1821 et
2079 1765 2515 1823 commentariis
2542 1763 2633 1822 Fr.
2670 1766 2760 1824 Pe
2781 1764 2875 1826 fia
2905 1766 2981 1823 il-

1698 1853 2019 1910 lustratum
2053 1870 2185 1910 cum
2210 1854 2467 1912 auctoris
2488 1854 2641 1936 vitiu
2677 1854 2755 1912 ib.
2786 1866 2981 1920 1587?-

1696 1940 1786 1999 ed.
1850 1942 2107 2016 optima3
2181 1952 2379 2012 15973
2458 1943 2721 2001 Venetiis
2792 1953 2979 2012 1591,

1711 2041 1885 2092 1607.
1949 2029 2202 2089 Exhibet
2252 2031 2359 2089 hoc
2410 2050 2560 2107 opus
2607 2033 2842 2108 plenam
2889 2033 2980 2090 in-

1698 2119 2084 2178 structionem
2147 2125 2208 2178 et
2269 2121 2613 2179 methodum
2660 2140 2766 2196 pro
2815 2140 2982 2180 exer-

1697 2208 1883 2266 cendo
1899 2208 2273 2283 inquisitoris
2290 2229 2551 2278 munere,
2572 2214 2780 2286 estque
2796 2210 2860 2269 in
2874 2212 2982 2269 hoc

1696 2316 1911 2374 genere
1953 2297 2274 2371 perfectius
2322 2299 2427 2356 illo
2474 2300 2761 2358 Bernardi
2804 2301 2979 2358 Gui-

1696 2387 1924 2446 donis
1975 2384 2054 2467 (p.
2094 2387 2278 2467 574):
2330 2388 2393 2446 in
2442 2389 2747 2448 nonnullis
2780 2393 2981 2447 tamen

1695 2493 1816 2533 non
1850 2476 1997 2533 satis
2030 2480 2122 2534 est
2150 2483 2478 2535 accuratus.
2542 2478 2787 2553 Scripsit
2830 2496 2978 2553 quo·

1695 2582 1811 2638 que
1861 2567 2033 2623 vitam
2085 2565 2372 2623 Dalmatii
2416 2567 2619 2624 Μοηὲν
2665 2566 2727 2625 O.
2776 2567 2978 2625 Praed.

1695 2655 1789 2712 sui
1822 2653 1962 2712 olim
2010 2654 2070 2711 in
2120 2654 2394 2714 tirocinio
2444 2655 2600 2714 vitae
2648 2655 2982 2732 spiritualis

1694 2743 1966 2819 magistri
2003 2740 2062 2825 (†
2096 2742 2297 2821 1341),
2330 2764 2510 2820 quam
2545 2746 2783 2804 exhibet
2816 2747 2977 2804 Dia-

1695 2851 1836 2908 gus
1870 2833 1932 2891 in
1967 2833 2213 2891 historia
2244 2852 2405 2908 prov.
2454 2836 2801 2912 Aragoniae,
2837 2835 2980 2894 Bar-

1695 2922 1941 2980 cinonae
1981 2932 2164 2984 1599.
2198 2923 2243 2991 Ι,
2283 2932 2603 2985 259—65.

1788 3109 1930 3162 362.
2006 3100 2097 3157 Ad
2161 3100 2520 3176 theologiam
2583 3103 2859 3160 moralem
2921 3116 2985 3160 et

1685 3186 2105 3268 pastoralemss)
2159 3189 2365 3247 referri
2411 3194 2667 3264 possunt
2713 3191 2981 3249 Heni-i·

1694 3296 1825 3336 cus
1860 3277 1931 3336 de
1965 3277 2159 3353 Oyta
2195 3276 2390 3359 (Euta,
2415 3277 2584 3347 otha,
2610 3280 2836 3338 Huecta
2852 3288 2980 3341 ete..

1692 3385 1854 3424 nunc
1914 3367 2275 3442 Friesoythe,
2340 3367 2499 3441 quod
2560 3373 2650 3426 est
2694 3370 2979 3443 oppidum

1696 3457 1736 3512 F
1741 3456 1912 3514 risiae
1945 3474 2049 3514 seu
2085 3451 2474 3535 Oldenburgi)
2526 3457 2589 3515 Ο.
2624 3459 2824 3517 Carm..
2874 3458 2979 3533 qui

1693 3544 1934 3603 videtur
1953 3545 2196 3603 Parisiis
2230 3545 2534 3604 studuisse
2567 3546 2979 3622 philosophiae

1775 3756 1808 3820 ⁸)
1838 3752 1918 3804 Cf.
1949 3751 2150 3815 Quetif
2175 3751 2210 3813 l,
2244 3757 2517 3807 uva-17:
2547 3754 2736 3805 Grube.
2758 3752 2865 3804 KL.
2888 3753 2976 3807 lv,

1693 3828 1849 3878 1155.
1897 3825 1975 3877 De
2017 3822 2177 3876 codd.
2225 3824 2347 3888 ejus
2387 3823 2672 3877 directorii
2718 3832 2978 3877 aevurate

1692 3893 1920 3947 disserit
1948 3894 2115 3948 Ehrle
2146 3894 2353 3947 Archiv
2387 3897 2422 3956 l,
2449 3900 2678 3950 43-—45›.

1768 3970 1806 4017 ’91
1838 3967 1917 4019 De
1951 3965 2294 4033 quibusdam
2322 3966 2807 4035 propositionibus
2832 3966 2977 4019 circa

1692 4038 2087 4089 euzliaristiam
2129 4038 2199 4089 ab
2242 4039 2365 4106 ip<o
2406 4038 2475 4090 ad
2520 4036 2854 4105 Gregoriuin
2884 4038 2975 4097 XI,

1692 4108 1897 4161 delatis
1926 4110 1996 4161 cf.
2027 4108 2231 4177 Fleury
2263 4110 2328 4164 H.
2362 4109 2418 4160 Ε.
2450 4110 2484 4162 l.
2512 4113 2579 4163 24
2608 4118 2634 4174 ἓ
2662 4113 2746 4164 21.

1768 4184 1806 4250 ²¹)
1839 4179 2210 4233 Nikolaus
2250 4178 2684 4234 Moschinus
2726 4180 2979 4249 (Misqui-

1693 4269 1816 4316 nus,
1866 4250 2196 4306 Mischinusl
2248 4270 2276 4304 e
2324 4251 2679 4304 nobilissima
2733 4251 2911 4305 Cara
2930 4271 2977 4304 c·

1692 4323 1804 4375 cio
1825 4322 1842 4375 l
1860 4341 1890 4376 o
1910 4341 1936 4375 r
1956 4340 1990 4374 ιι
2012 4342 2060 4375 ιιι
2107 4324 2321 4376 familia
2351 4332 2412 4377 Ο.
2444 4322 2637 4375 Praed.
2679 4341 2978 4391 supremus

1694 4392 1820 4446 fidei
1852 4411 1952 4461 per
1980 4394 2230 4447 Siciliam
2273 4394 2600 4461 inquisitor,
2648 4396 2721 4448 ab
2754 4395 2976 4448 lsrbauo

1697 4465 1787 4517 Vl.
1817 4465 2122 4518 cardinalis
2168 4471 2390 4518 oreatus
2435 4470 2493 4518 et
2535 4465 2596 4517 in
2625 4466 2978 4531 gravissimis

1693 4537 1938 4603 negotiis
1966 4541 2024 4591 et
2050 4536 2435 4605 legationibus
2476 4537 2772 4590 adhibitus
2813 4538 2978 4604 eique

1693 4624 1913 4676 semper
1942 4608 2122 4660 fidelis
2152 4620 2197 4679 ffl-
2230 4613 2399 4675 1389),
2430 4609 2660 4676 collegit
2687 4609 2911 4662 Summa
2927 4627 2973 4659 m

1694 4679 1761 4732 de
1793 4679 2149 4747 poenitentia
2177 4679 2524 4747 tiiieditamjlz
2553 4680 2780 4748 scripsit
2807 4680 2975 4731 etiam

1694 4751 2108 4819 depositionem
2126 4754 2193 4804 de
2212 4768 2339 4804 vera
2352 4752 2683 4805 etcanonica
2703 4752 2976 4803 electione

1699 4822 1915 4875 L'rbani
1946 4822 2036 4880 Vl,
2066 4828 2171 4875 etc.
2200 4824 2281 4877 Cf.
2314 4825 2460 4891 Eggs
2494 4822 2660 4892 Purp.
2692 4823 2851 4874 docta
2885 4823 2918 4875 l.
2947 4829 2976 4877 2

1698 4906 1722 4955 ,ξ’
1753 4899 1835 4949 76.
