3475 5364
336 363 460 416 809
870 349 1031 403 Joau.
1061 349 1378 414 Zachariae,
1408 349 1769 420 Augustinus
1798 349 1866 401 de
1895 348 2282 403 Favaronibus
2310 352 2415 404 etc.

2826 368 2949 422 810

333 533 371 590 1.
419 543 464 594 1.
501 532 768 608 magistri
802 536 1246 593 sententiarum.
1272 570 1353 578 —-
1379 537 1616 593 Lucas
1673 539 1874 593 mata
1906 535 2270 611 reprobasse.
2304 536 2462 610 quod
2486 537 2816 595 doctrinam
2835 556 2955 596 non

333 622 409 680 de
442 621 487 679 Ο
508 623 535 679 f
543 621 570 678 f
580 621 653 679 id
675 622 999 692 aPicenus,
1035 624 1347 700 episcopus
1382 625 1616 701 ajaoen·
1673 642 1881 683 sanam
1926 626 1989 682 et
2017 642 2321 683 erroneam
2367 625 2434 683 in
2465 625 2577 683 fide
2609 627 2953 685 contineret.

335 711 418 769 sis
443 709 872 791 (1429—38),
903 714 1074 788 cujus
1108 714 1526 773 commentaria
1557 714 1616 772 in
1675 712 2186 788 complectebatur
2232 714 2382 772 illud
2417 732 2567 789 opus
2615 718 2687 771 tr.
2735 719 2858 773 tres
2888 717 2956 774 de

339 810 394 862 4.
431 801 490 858 ll.
527 801 959 860 sententiarum
982 822 1104 861 non
1135 806 1494 877 aspexerunt
1526 805 1617 862 lu·
1672 809 2033 861 sacramento
2063 800 2309 861 unitatis
2338 803 2393 861 J.
2415 803 2631 861 Christi
2662 807 2724 863 et
2755 804 2953 863 Eccle—

333 907 478 950 cem.
514 922 597 930 -—-
631 889 970 949 Joannes
1005 891 1422 951 Zachariae
1446 894 1621 969 juxta
1676 892 1815 961 siae,
1863 893 1934 951 de
1969 892 2199 950 Christo
2248 895 2434 966 cupite
2477 898 2539 951 et
2583 894 2713 964 ejus
2747 893 2955 953 inclito

336 978 624 1053 quosdam
647 978 1061 1050 Erfordiensis,
1086 982 1264 1055 juxta
1295 982 1442 1041 alios
1478 982 1620 1040 Hel·
1673 981 2031 1057 principatu,
2054 982 2123 1040 de
2141 983 2385 1039 caritate
2410 981 2625 1040 Christi
2642 1001 2782 1059 erga
2802 983 2953 1042 elec-

334 1072 508 1126 vetus
558 1071 692 1143 post
741 1068 1013 1127 absoluta
1057 1069 1265 1129 Oxonii
1316 1071 1514 1129 studia
1559 1073 1621 1129 et
1674 1073 1767 1129 tos
1800 1074 1862 1130 et
1892 1071 1964 1129 de
1995 1071 2123 1146 ejus
2152 1069 2386 1129 infinito
2408 1067 2685 1150 amore1).
2734 1072 2953 1147 Appel-

335 1156 609 1232 adeptam
662 1158 959 1216 Bononiae
1012 1159 1273 1217 lauream
1319 1160 1619 1235 professor
1674 1159 1822 1217 lavit
1853 1159 2093 1235 quidem
2128 1163 2335 1218 auctor
2365 1160 2437 1218 ad
2471 1159 2808 1236 Eugenium
2840 1161 2953 1231 1V.‚

336 1246 399 1304 in
415 1246 803 1306 universitate
823 1247 1171 1307 erfordiensi
1190 1249 1466 1307 interfuit
1481 1268 1617 1307 con·
1673 1249 1778 1325 qui
1813 1247 1964 1307 illud
2010 1248 2464 1307 examinandum
2510 1249 2802 1325 theologis
2832 1252 2955 1308 tra-

334 1336 471 1395 cilio
518 1337 963 1414 constantiensi,
1011 1337 1073 1395 in
1105 1356 1223 1412 quo
1269 1357 1441 1414 saepe
1483 1356 1618 1396 cum
1674 1338 1845 1407 didit,
1910 1356 2166 1411 quorum
2207 1338 2504 1412 judicium
2554 1357 2670 1397 von
2718 1337 2956 1397 videtur

336 1423 506 1482 Joan.
541 1424 671 1482 Hus
717 1424 1052 1500 disputavit
1095 1428 1344 1502 ejusque
1389 1445 1617 1486 errores
1672 1426 1900 1486 auctori
1949 1427 2176 1494 favisse,
2243 1426 2554 1503 legebatur
2604 1427 2761 1486 enim
2812 1427 2952 1487 olim

336 1514 422 1571 ita
453 1513 749 1582 contrivit,
800 1518 870 1572 ut
899 1515 1280 1574 Husomastix
1314 1517 1615 1593 cognomi-

337 1606 582 1661 naretur
615 1607 674 1660 et
705 1622 739 1661 a
770 1621 1002 1663 summo
1035 1605 1314 1680 pontifice
1345 1624 1479 1665 rosa
1511 1626 1616 1664 au-

338 1711 452 1756 rea,
487 1710 637 1766 quae
659 1691 923 1767 alioquin
942 1694 1312 1770 principibus
1332 1695 1614 1761 mittitur,

337 1780 675 1839 donaretur.
743 1781 1075 1856 Aliquoties
1119 1802 1340 1842 munus
1372 1784 1614 1859 provin-

339 1870 504 1928 cialis
552 1869 833 1928 Saxoniae
880 1889 997 1930 uon
1053 1871 1177 1931 sine
1229 1873 1401 1931 laude
1452 1873 1614 1932 obiit.

341 1959 602 2017 Decessit
634 1959 741 2018 hoc
763 1959 1092 2019 academiae
1123 1961 1501 2021 erfordiensis
1522 1980 1613 2020 or-

337 2051 684 2106 namentum
721 2057 818 2112 25.
851 2048 974 2108 Jul.
1016 2059 1198 2114 1418.
1250 2051 1430 2111 Plura
1461 2069 1612 2109 com·

339 2137 539 2211 posuit
569 2156 777 2212 opera;
825 2143 1058 2212 praeter
1088 2141 1509 2199 commentaria
1554 2140 1620 2197 in

338 2227 689 2302 magistrum
734 2228 1184 2297 sentent-iarum,
1232 2229 1411 2287 etiam
1459 2246 1617 2287 com—

338 2315 627 2374 mentaria
657 2315 722 2374 in
754 2315 1045 2386 Genesim,
1080 2317 1365 2387 Exodum,
1400 2318 1617 2377 Leviti-

336 2422 489 2472 cum,
524 2403 588 2462 in
609 2405 890 2480 epistolas
910 2406 1080 2464 Pauli
1102 2411 1164 2465 et
1179 2408 1439 2482 Apocaly
1448 2407 1616 2483 psim,

339 2496 412 2551 tr.
437 2493 507 2551 de
528 2492 911 2553 immaculata
931 2496 1312 2571 conceptione
1323 2499 1449 2565 etc„
1468 2515 1617 2572 quo·

339 2601 475 2640 rum
507 2585 706 2641 tamen
736 2583 966 2642 nullum
1012 2584 1131 2642 fuit
1175 2586 1528 2660 impressum
1556 2583 1616 2662 ¹).

349 2706 418 2715 —
447 2672 947 2748 Augustinus
979 2673 1052 2732 de
1086 2675 1618 2735 Favaronibus

338 2759 665 2841 (Favorini)
724 2762 1041 2832 RomanuS,
1106 2764 1242 2822 hinc
1304 2766 1485 2843 vulgo
1547 2765 1619 2823 de

339 2850 525 2910 Roma
542 2850 758 2919 dictus,
791 2871 834 2910 s.
854 2853 1183 2928 theologiae
1203 2854 1488 2931 magister
1516 2874 1618 2912 en—

338 2940 539 2999 comiis
561 2960 595 2998 a
617 2939 921 3000 sodalibus
953 2942 1303 3011 celebratur,
1338 2946 1399 3002 et
1418 2962 1622 3003 revera

339 3028 416 3087 ob
434 3029 733 3105 insignem
753 3030 1053 3100 virtutem,
1071 3032 1465 3106 prudentiam,
1484 3052 1618 3091 eru-

341 3117 628 3177 ditionem
675 3118 736 3175 in
783 3120 1137 3196 magistrum
1185 3122 1409 3180 ordinis
1442 3139 1619 3199 gene-

340 3207 520 3265 ralem
556 3226 603 3265 a.
648 3216 810 3269 1419
845 3209 963 3267 fuit
994 3209 1215 3268 electus
1249 3214 1429 3286 atque
1463 3231 1513 3269 a.
1542 3220 1616 3273 12

343 3314 575 3355 summa
605 3296 904 3356 industria
935 3298 1201 3357 ordinem
1251 3300 1403 3358 rexit
1434 3300 1617 3358 refor-

340 3385 777 3459 mationemque
797 3388 1109 3461 promovit.
1155 3388 1245 3446 Ab
1270 3389 1503 3447 Urbano
1523 3388 1618 3447 VI.

338 3475 592 3532 selectus
623 3476 739 3533 fuit
771 3476 928 3535 inter
948 3477 1274 3553 theologOS,
1297 3478 1465 3553 quis.
1490 3477 1619 3535 Bri-

338 3563 527 3639 gittae
573 3565 963 3624 revelationes
1010 3567 1082 3625 ad
1128 3568 1419 3625 trutinam
1451 3584 1619 3624 revo—

339 3656 578 3714 carent:
643 3652 717 3711 ab
767 3654 1035 3731 Eugenio
1088 3655 1180 3713 lv.
1235 3659 1467 3714 creatus
1528 3659 1622 3714 est

338 3741 817 3817 archiepiscopus
881 3763 1203 3803 nazarenus
1269 3740 1496 3827 (1431)
1561 3748 1621 3802 et

339 3829 789 3891 administrator
850 3834 1122 3892 ecclesiae
1182 3834 1618 3893 caesenatensis

341 3915 400 3997 (†
447 3918 651 3999 1443).
729 3923 782 3978 Α
813 3921 1113 3982 sodalibus
1143 3924 1351 3982 beatus
1390 3923 1616 3981 saluta·

339 4013 451 4065 tur.
487 4008 752 4068 Plurima
770 4012 1015 4086 reliquit
1034 4012 1385 4072 eruditionis
1407 4031 1617 4072 monu-

338 4100 540 4156 menta
570 4094 869 4180 (inedita),
903 4103 1324 4160 commentaria
1355 4102 1418 4159 in
1450 4121 1538 4178 ep.
1572 4120 1615 4160 s.

342 4186 510 4245 Pauli
532 4192 593 4245 et
613 4187 718 4246 VII
739 4189 1067 4258 canonicas,
1103 4190 1165 4248 in
1183 4191 1614 4267 Apocalypsim‚

337 4276 787 4352 inMagistrum,
823 4278 887 4337 in
918 4279 979 4336 ll.
1011 4278 1356 4338 Ethicorum
1386 4280 1617 4338 Aristo-

337 4365 495 4423 telis.
544 4370 617 4424 tr.
650 4386 758 4441 pro
790 4368 1174 4426 immaculata
1218 4369 1613 4442 conceptione,

338 4453 410 4511 de
459 4454 801 4530 principatu
851 4459 912 4515 et
943 4459 1239 4533 potestate
1276 4476 1459 4532 papae
1508 4462 1615 4516 etc.

340 4542 681 4602 Notandum
726 4549 925 4603 tamen
972 4550 1066 4604 est
1110 4546 1427 4605 concilium
1458 4547 1618 4605 basi-

338 4632 534 4690 leense
584 4651 733 4708 opus
783 4634 1079 4708 quoddam
1130 4636 1309 4711 hujus
1356 4636 1617 4694 auctoris

341 4722 543 4779 audita
607 4723 895 4783 relatione
946 4723 1036 4783 JO.
1088 4725 1160 4783 de
1212 4724 1617 4784 Turrecre-

1673 1510 1811 1597 (etsi
1874 1513 2193 1595 ineditum)
2256 1516 2321 1574 in
2376 1516 2565 1575 indice
2629 1516 2954 1575 tridentino

1675 1607 1877 1674 ,donec
1909 1608 2311 1681 expurgetur:

1766 1793 1910 1847 404.
1946 1783 2028 1841 Ex
2065 1783 2106 1842 O
2120 1803 2153 1841 a
2169 1802 2269 1840 rm
2289 1783 2357 1841 el
2376 1783 2393 1840 i
2413 1785 2583 1843 horto
2604 1783 2800 1857 plures
2820 1801 2954 1841 sen-

1673 1871 1946 1931 tentiarii
2009 1875 2356 1931 occurrunt:
2435 1872 2473 1930 J
2490 1893 2524 1931 a
2538 1890 2569 1930 c
2588 1891 2621 1930 0
2637 1873 2677 1930 b
2692 1892 2733 1932 u
2749 1891 2775 1931 s
2835 1875 2888 1931 A
2902 1873 2954 1929 l-

1671 1963 1710 2020 b
1727 1981 1760 2021 e
1775 1981 1805 2019 r
1820 1963 1883 2020 ti
1935 1961 2139 2033 Italus,
2191 1966 2558 2020 restaurator
2606 1961 2954 2037 disciplinae

1672 2052 1964 2127 collapsae
1986 2047 2048 2130 (†
2077 2046 2286 2130 1426).
2306 2082 2395 2094 —-
2426 2050 2749 2109 Albizus
2779 2051 2954 2108 Azo—

1673 2140 1788 2199 lin
1805 2160 1846 2198 u
1866 2158 1893 2198 s
1989 2140 2148 2200 vitae
2242 2139 2632 2199 sanctimonia
2706 2138 2954 2198 decorus

1675 2226 1973 2310 (†1428).
1994 2262 2082 2273 —
2102 2228 2443 2288 Joannes
2475 2229 2954 2304 Barningha-

1674 2339 1730 2376 m
1748 2337 1789 2376 u
1806 2337 1833 2376 s
1884 2314 2065 2398 (idem
2116 2337 2183 2378 ac
2229 2314 2661 2399 Beruegamus)
2706 2318 2953 2394 Anglus‚

1674 2407 1886 2466 Oxonii
1953 2409 2013 2465 et
2077 2406 2318 2466 Parisiis
2380 2407 2667 2483 magister
2727 2405 2956 2485 ingenii

1672 2496 1835 2555 acuti
1856 2491 1917 2575 (†
1942 2505 2039 2559 22.
2059 2496 2191 2554 Jan.
2223 2491 2431 2576 14:38).
2462 2528 2547 2538 --
2581 2495 2953 2555 Nicolaus

1672 2587 1721 2644 B
1739 2586 1995 2645 othles
2012 2586 2049 2644 h
2066 2603 2273 2644 amus
2306 2586 2554 2661 AngluS‚
2588 2585 2693 2660 qui
2713 2584 2950 2643 Parisiis

1675 2676 1833 2734 iuter
1864 2675 2247 2736 sorbonuicos
2264 2677 2325 2732 et
2344 2674 2755 2752 cantabrigiae
2786 2674 2952 2733 theo-

1674 2764 1894 2844 logiam
1941 2765 2147 2824 docuit
2189 2760 2252 2845 (†
2303 2760 2511 2845 14:35).
2557 2797 2644 2808 ——
2689 2766 2739 2823 A
2757 2783 2798 2823 n
2813 2782 2845 2822 0
2860 2764 2954 2822 lli

1676 2849 2025 2935 (Agnellus)
2044 2854 2375 2930 theologiae
2390 2854 2674 2930 magister
2688 2853 2952 2929 Neapoli,

1674 2944 1986 3019 episcopus
2030 2943 2310 3002 acciensis
2355 2944 2417 3000 in
2449 2943 2711 3002 Corsicae
2755 2942 2957 3001 insula

1677 3027 1869 3114 (1421
1900 3055 1913 3102 ;
1949 3031 1984 3099 †
2012 3032 2221 3112 1441),
2256 3033 2358 3107 qui
2378 3032 2530 3091 forte
2549 3050 2670 3091 non
2691 3033 2783 3090 est
2799 3032 2955 3090 alius

1674 3122 1749 3179 ab
1780 3122 2112 3198 Agnello
2159 3121 2231 3181 de
2277 3120 2753 3197 Augustinis
2802 3117 2954 3200 (sive

1675 3210 1990 3288 Angelino)
2023 3213 2241 3270 lectore
2268 3210 2616 3287 theologiae,
2634 3210 2763 3269 viro
2783 3229 2954 3269 vene—

1678 3300 1854 3359 rabili
1874 3302 1935 3358 et
1946 3318 1992 3358 s,
2012 3300 2170 3359 vitae
2191 3300 2415 3375 pariter
2432 3299 2494 3357 O.
2513 3299 2696 3357 Carm.
2709 3304 2769 3358 et
2788 3306 2952 3362 1438

1676 3388 1894 3448 obiisse
1912 3388 2149 3447 dicitur.
2184 3422 2266 3431 —
2302 3390 2349 3447 B
2370 3389 2544 3445 arth
2564 3389 2685 3446 olo
2703 3406 2956 3447 maeus

1674 3477 1749 3536 de
1796 3478 1843 3535 R
1859 3495 1937 3535 ac
1954 3477 2060 3535 oli
2108 3476 2435 3554 (Raccolius
2458 3522 2470 3546 ‚
2519 3473 2954 3557 Boqvacallius)

1675 3566 2019 3634 Tolosauus‚
2067 3566 2229 3640 prior
2272 3565 2565 3642 generalis
2610 3560 2664 3645 (1
2684 3574 2716 3625 2
2730 3560 2836 3645 24)
2896 3571 2957 3622 et

1676 3655 1991 3731 episcopus
2013 3654 2398 3714 massiliensis
2418 3651 2647 3733 (1433;
2679 3651 2714 3719 †
2743 3651 2954 3733 1445).

1678 3779 1755 3787 —
1793 3743 2135 3803 Joannes
2181 3745 2409 3801 Barat
2460 3739 2691 3823 (Barac)
2753 3743 2954 3819 Belga,

1674 3833 1973 3909 professor
2003 3833 2347 3909 parisiensis
2380 3850 2427 3890 c.
2460 3852 2509 3891 a.
2541 3841 2725 3899 1430,
2760 3832 2865 3906 qui
2896 3835 2957 3889 et

1675 3923 1958 3981 Thomam
2006 3921 2378 3981 Waldensem
2429 3922 2493 3980 in
2543 3919 2956 3996 compendium

1673 4012 1904 4088 redegit
1953 4016 2013 4070 et
2057 4012 2129 4070 de
2161 4011 2539 4080 revelatione,
2586 4010 2850 4070 utilitate
2896 4014 2958 4069 et

1672 4120 1897 4161 canone
1932 4119 2004 4159 ss,
2071 4101 2515 4177 Scripturarum
2547 4099 2840 4158 disseruit.
2872 4133 2956 4143 —

1672 4190 2213 4250 Bernardinus
2276 4190 2639 4266 Sampson
2703 4186 2958 4271 (Sanson

1671 4277 1808 4363 etc.)
1842 4281 2027 4339 lector
2042 4279 2300 4338 biblicus
2319 4282 2379 4338 et
2407 4279 2828 4338 sententiarius
2851 4279 2957 4335 Pa-

1673 4369 1850 4437 risiiS,
1899 4369 2157 4427 vicarius
2190 4373 2249 4428 et
2281 4373 2633 4444 procurator
2663 4367 2958 4444 generalis

1674 4458 1896 4517 ordinis
1955 4455 2017 4534 (†
2053 4466 2150 4520 25.
2187 4458 2345 4533 Sept.
2388 4469 2414 4520 1
2428 4453 2601 4537 439),
2649 4457 2753 4531 qui
2799 4474 2956 4514 com-

1756 4631 1790 4696 ¹{)
1819 4628 1899 4682 Cf.
1945 4628 2126 4682 Mansi
2168 4627 2366 4699 XXIX,
2410 4633 2511 4684 108
2538 4646 2609 4682 s.:
2664 4626 2957 4680 Hardouiu

1675 4699 1821 4755 Vm.
1853 4705 1991 4756 1199
2018 4719 2060 4753 s.
2090 4702 2147 4754 et
2174 4699 2378 4766 Fleury
2410 4700 2477 4752 H.
2506 4698 2566 4753 Ε.
2593 4699 2631 4751 1.
2662 4703 2762 4754 106
2789 4708 2815 4763 ἓ
2840 4703 2958 4755 147.

1675 4770 1777 4823 ubi
1828 4771 2069 4841 reperies
2121 4788 2323 4826 novem
2375 4772 2498 4840 ejus
2542 4769 2957 4839 propositiones

1675 4842 1821 4895 male
1848 4845 2141 4901 sonantes:
2194 4841 2523 4897 Tiraboschi
2562 4841 2655 4896 Vl.
2685 4860 2738 4910 p.
2769 4845 2815 4895 1.
2843 4839 2879 4893 1.
2909 4844 2957 4893 2.

418 4914 452 4979 ¹)
482 4910 564 4964 Cf.
592 4910 872 4965 Lauchert
911 4912 1060 4982 Aug.
1089 4912 1141 4967 d.
1170 4912 1252 4964 Bi.
1280 4911 1471 4976 Xle,
1498 4916 1620 4969 632.
1676 4931 1721 4967 0.
1751 4919 1798 4969 1.
1822 4926 1846 4977 ς·
1876 4919 1972 4973 17;
2002 4914 2225 4968 Streber
2252 4913 2362 4968 KL.
2391 4915 2430 4976 1,
2460 4917 2613 4970 1688.
