3475 5364
410 335 548 387 '933

947 316 1026 370 De
1053 315 1268 384 synodo
1297 316 1611 373 basileensi.
1640 316 2003 383 Ebendorfer,
2032 319 2247 372 Aeneas
2269 317 2516 386 Sylvius.

2912 336 3040 421 ⁹:⁹³4

403 502 766 563 cancellarii,
805 502 1135 561 academiae
1179 502 1347 564 obiit.
1408 503 1602 561 Etiam
1637 503 1702 560 iu
1757 503 2038 562 Diarium
2064 508 2351 580 yestorum
2405 522 2511 580 per
2542 504 2769 580 legatos
2802 504 3037 564 concilii

420 592 709 650 facultate
737 592 963 649 medica
976 591 1318 649 doctoratus
1333 591 1596 650 lauream
1610 596 1700 650 est
1759 591 2106 655 basileensis
2138 612 2245 668 pro
2275 592 2622 651 reductione
2641 593 3037 652 Bohemormn

420 680 669 756 adeptus
703 677 828 761 (sed
849 680 1108 755 quando,
1129 698 1247 738 non
1271 675 1506 760 liquet).
1537 681 1698 741 Emi·
1757 681 1844 739 ed.
1880 701 1913 740 a
1944 682 2122 741 Birk
2157 682 2219 740 111
2253 683 2407 741 Mon.
2440 700 2598 740 conc.
2631 701 2763 758 gen.
2796 681 2841 751 Ι,
2881 692 3045 744 701--

412 769 559 828 111111
590 769 747 828 inter
777 769 1139 845 professores
1162 769 1565 828 universitatis
1590 787 1701 827 sua
1761 779 1904 839 783,
1939 789 2046 847 pro
2077 770 2326 830 historia
2365 772 2546 847 hujus
2579 769 2810 829 concilii
2842 774 2905 829 et
2936 790 3039 828 ne·

419 858 759 935 prudentia,
782 858 1134 927 eruditione,
1171 858 1386 936 agendi
1405 876 1514 934 pro
1533 858 1699 917 illius
1757 860 1906 936 gotii
1941 860 2287 935 pretiosum.
2322 860 2624 919 Sermones
2670 861 3042 918 dominicales

413 947 576 1007 bono
608 947 959 1007 dexteritate
1003 952 1066 1007 et
1098 946 1317 1024 studio,
1363 953 1434 1007 ut
1465 947 1700 1006 nullum
1759 966 1939 1024 88981·
1969 967 2057 1024 89.
2092 948 2280 1019 Pauli,
2314 968 2359 1010 8.
2391 949 2429 1006 l.
2460 959 2623 1013 1478
2648 949 2711 1007 18
2731 948 2771 1006 f.
2803 949 3041 1007 inedita

421 1037 664 1115 gravius
696 1038 1004 1114 negotium
1035 1036 1434 1096 academicum
1456 1055 1699 1112 perage·

422 1130 608 1195 retur,
656 1127 752 1187 cui
797 1127 925 1202 ipse
957 1145 1076 1185 non
1118 1126 1510 1185 interveniret
1559 1142 1700 1184 con-

424 1215 558 1273 silio
618 1220 678 1273 et
729 1215 1101 1275 auctoritate.
1163 1215 1314 1274 Hinc
1364 1214 1456 1272 bis
1509 1214 1700 1272 adhuc

424 1313 639 1381 (1429.
684 1302 873 1385 1445)
908 1306 1133 1364 electus
1165 1307 1257 1377 est
1286 1303 1701 1362 universitatis

418 1397 643 1452 rector:
693 1394 1014 1469 parochum
1066 1411 1303 1468 quoque
1349 1393 1473 1469 egit
1520 1396 1701 1467 atque

410 1482 910 1542 concionatorem.
975 1483 1228 1541 Nomine
1290 1482 1701 1541 universitatis

423 1571 699 1630 interfuit
733 1567 1223 1652 (1432—1434)
1266 1570 1512 1629 concilio
1544 1571 1699 1629 basi-

417 1661 611 1720 leensi
640 1678 762 1720 non
793 1660 1018 1720 otiosus
1047 1664 1360 1736 spectator,
1396 1659 1498 1718 sed
1520 1660 1703 1718 solers

424 1751 796 1826 negotiorum
829 1750 1153 1826 particeps:
1195 1752 1378 1824 atque
1400 1769 1433 1806 a
1453 1749 1701 1808 concilio

414 1837 730 1897 adhibitus
778 1839 895 1897 fuit
942 1838 1016 1897 ad
1060 1838 1425 1898 reducendos
1459 1838 1703 1896 Husitas

425 1928 487 1985 in
517 1927 854 1998 Ecclesiam,
887 1946 1008 1986 non
1041 1927 1224 1986 semel
1243 1928 1467 1985 missus
1500 1927 1564 1985 in
1585 1928 1700 1985 Bo-

420 2017 676 2075 hemiam
727 2017 801 2075 ad
832 2035 1037 2093 pacem
1067 2034 1200 2075 cum
1234 2016 1356 2074 illis
1389 2015 1700 2074 conficien-

414 2105 588 2164 —damz
624 2124 797 2181 saepe
847 2106 1085 2165 volente
1138 2094 1697 2181 imperatore'regni

425 2194 701 2254 interfuit
715 2195 987 2255 comitiis:
1003 2214 1222 2271 11183118
1236 2193 1552 2253 fruebatur
1561 2212 1699 2252 auc-

419 2285 670 2342 toritate
700 2284 855 2359 apud
891 2302 1109 2347 omnes,
1155 2284 1315 2359 apud
1346 2283 1700 2357 pontificem,

425 2373 861 2446 imperatorem,
895 2374 989 2431 cui
1022 2377 1151 2432 8181
1183 2393 1216 2431 a
1246 2372 1524 2439 8011811118,
1565 2390 1702 2431 con-

416 2461 551 2518 cilii
583 2466 801 2538 patres,
836 2461 993 2536 apud
1026 2462 1256 2521 nobiles
1276 2465 1337 2519 et
1359 2462 1514 2519 c‘ves
1536 2460 1702 2519 vien-

429 2561 658 2611 nenses,
692 2551 1039 2625 praesertim
1073 2551 1232 2627 apud
1265 2569 1403 2609 suos
1425 2550 1486 2607 in
1504 2550 1703 2608 cathe-

419 2639 535 2699 dra
579 2639 847 2718 collegas,
909 2642 962 2699 A
1006 2640 1301 2699 Friderico
1351 2639 1704 2715 imperatore

428 2730 663 2806 legatus
711 2731 932 2805 passim
993 2730 1210 2789 missus
1260 2730 1378 2788 fuit
1422 2729 1496 2786 ad
1542 2729 1706 2786 varia

417 2818 740 2877 ‘tractanda
772 2819 1030 2896 negotia,
1060 2819 1254 2894 ipsius
1274 2824 1475 2876 tamen
1499 2823 1706 2893 postea

427 2901 683 2967 incurrit
733 2909 1139 2967 offensionem.
1202 2908 1350 2966 Post
1381 2907 1564 2965 vitam
1600 2927 1703 2965 an-

427 2998 520 3055 nis
553 2996 985 3072 posterioribus
1022 3000 1267 3072 propter
1285 2996 1553 3072 politicas
1575 3001 1703 3054 tur-

425 3085 533 3144 bas
599 3086 914 3146 admodum
967 3085 1253 3162 agitatam
1302 3103 1475 3144 senex
1523 3107 1573 3146 a.
1625 3095 1700 3148 77

429 3175 502 3233 ad
553 3175 854 3234 meliorem
903 3174 1146 3233 transiit
1196 3185 1290 3237 11.
1337 3174 1473 3235 Jan.
1527 3184 1703 3237 1464.

428 3263 693 3339 Reliquit
723 3264 899 3340 plura
948 3265 1169 3339 scripta
1200 3264 1502 3330 historica,
1535 3263 1703 3321 theo·

425 3353 620 3429 logica
653 3359 712 3410 81
759 3353 1186 3429 philosophica,
1236 3372 1267 3411 e
1318 3353 1538 3427 quibus
1570 3355 1704 3409 tan-

428 3445 560 3500 tum
573 3441 959 3518 prodierunt:
997 3443 1318 3500 Chronicon
1345 3443 1705 3499 austre'acum

421 3530 504 3589 -ad
529 3551 579 3592 a.
609 3541 792 3600 1463,
814 3532 1042 3590 editum
1060 3526 1105 3612 ¹)
1141 3531 1215 3588 ab
1238 3530 1394 3589 Hier.
1419 3530 1528 3589 Pez
1548 3530 1707 3588 inter

419 3620 756 3696 Scriptores
788 3639 986 3679 rerum
1030 3624 1210 3679 austr.
1243 3620 1318 3688 11,
1357 3627 1702 3682 689--986

430 3709 665 3767 omissis
715 3709 752 3766 l.
805 3709 841 3766 l.
891 3714 951 3767 et
995 3728 1210 3786 magna
1258 3712 1430 3784 parte
1480 3716 1553 3779 2.,
1601 3708 1703 3783 qui

425 3786 735 3873 compilati
778 3802 920 3856 sunt
967 3798 1092 3857 sine
1126 3798 1356 3873 judicio
1398 3797 1604 3856 critico
1637 3816 1705 3855 ex

428 3887 720 3946 chronicis
741 3887 1210 3962 antiquioribus3
1245 3888 1459 3945 utilius
1473 3887 1600 3961 jam
1617 3891 1707 3946 est

424 3993 536 4050 pro
553 3976 724 4034 factis
741 3995 880 4035 8888
899 3978 1129 4037 8818118.
1162 3976 1488 4034 Chronicon
1507 3995 1706 4053 reyum

425 4060 914 4146 (imperatorum)
963 4083 1357 4136 romanorum,
1403 4065 1555 4124 liber
1602 4086 1706 4123 au-

431 4154 688 4227 gustalis
722 4155 795 4213 ab
816 4154 947 4213 aliis
985 4153 1200 4223 dictus,
1233 4156 1403 4228 cujus
1418 4154 1480 4213 11.
1502 4164 1555 4216 6.
1573 4159 1633 4212 81
1653 4163 1706 4216 7.

427 4243 664 4301 omissis
683 4244 773 4312 iis,
803 4262 953 4317 quae
988 4243 1227 4302 aliunde
1261 4242 1571 4319 compilata
1582 4243 1708 4318 jam

426 4335 575 4390 nota
624 4337 810 4402 erant,
863 4332 1210 4407 prodierunt
1261 4351 1403 4390 cura
1435 4332 1582 4390 Alfr.
1616 4333 1707 4390 Fr.

431 4420 700 4479 Pribram
747 4422 812 4480 in
857 4422 1320 4498 Mittheilungen
1372 4422 1476 4479 des
1509 4422 1708 4479 Instit.

429 4509 527 4567 fiir
572 4515 773 4569 osterr.
821 4510 1509 4589 Geschichtsforschung,
1541 4510 1710 4568 11188-

430 4598 618 4658 bruck
672 4608 837 4664 1890
875 4605 918 4658 t.
952 4601 1256 4674 complem.
1291 4599 1394 4669 111,
1433 4608 1709 4668 96-2133

427 4803 1016 4933 2353325Y7V⁵d²¹¹¹a¹¹¹¹
1035 4806 1167 4862 hist..
1185 4806 1379 4860 Jahrb.
1396 4808 1494 4860 xx
1511 4795 1710 4877 (1899),

1756 1042 2107 1097 8188881881
2138 1038 2413 1115 9111111118,
2461 1040 2534 1096 81
2585 1037 2811 1114 prolixa
2842 1038 3040 1096 admo-

1757 1126 1901 1187 dum
1932 1127 2352 1186 commentaria
2383 1127 2448 1185 in
2479 1128 2557 1189 18.
2574 1144 2654 1188 cc.
2680 1136 2754 1189 16
2773 1130 2818 1189 1.
2840 1137 2872 1189 5
2893 1126 3040 1195 inf.;

1756 1216 1821 1273 in
1855 1216 1957 1277 Ev.
1990 1215 2259 1285 Joannis,
2294 1217 2363 1277 111
2390 1235 2479 1291 89.
2515 1214 2588 1274 811
2622 1215 2943 1286 Η81118808,
2975 1216 3041 1274 18

1760 1305 2193 1364 sententiarum
2226 1305 2287 1365 ll.
2325 1316 2396 1374 43
2441 1322 2738 1364 sermones
2772 1305 3034 1381 plurimi,

1758 1397 1886 1453 erat
1918 1394 2075 1452 enim
2106 1393 2363 1471 insignis
2414 1394 2822 1464 concionator3
2874 1394 3040 1452 chro-

1759 1484 1935 1541 nicon
1980 1483 2327 1559 pontificum
2375 1501 2751 1542 romanorum
2768 1477 2833 1563 ¹),
2886 1485 3040 1541 trac-

1758 1576 1925 1631 tatus
1958 1573 2211 1631 morales
2242 1578 2353 1634 etc.
2416 1572 2630 1630 Merito
2673 1590 2813 1647 ergo
2846 1572 3041 1630 Eben·

1759 1661 1956 1720 dorfer
1970 1662 2303 1736 potioribus
2317 1660 2614 1737 theologis
2640 1660 2733 1719 sui
2756 1661 3042 1736 temporis

1760 1755 2104 1810 accensetur
2112 1746 2183 1831 2).
2198 1749 2660 1825 Reprehensioni
2676 1753 2876 1808 tamen
2893 1768 3041 1825 quo-

1760 1839 2014 1898 rundam
2063 1843 2191 1898 erat
2242 1839 2551 1909 obnoxius„
2602 1838 2760 1913 quod
2808 1838 2872 1896 in
2919 1839 3043 1897 suis

1760 1928 2260 2004 praelectionibus
2294 1931 2449 1988 esset
2480 1927 2659 1986 nimis
2692 1926 2948 1986 diffusus
2972 1931 3043 2001 et

1760 2018 2053 2093 prolixus:
2112 2038 2250 2076 nam
2300 2035 2421 2076 uno
2471 2021 2531 2075 et
2594 2016 2808 2093 viginti
2872 2017 3045 2074 annis

1760 2107 1967 2184 183881
1995 2106 2068 2164 de
2100 2107 2254 2165 Isaia
2286 2106 2360 2165 ad
2393 2105 2569 2164 finem
2600 2124 2645 2167 c.
2675 2115 2725 2166 1.
2759 2122 2879 2163 1108
2912 2124 3043 2182 per-

1759 2196 1941 2259 venit,
1977 2202 2047 2253 ut
2078 2196 2259 2254 refert
2291 2194 2657 2254 Trithemius
2689 2213 2736 2252 c.
2776 2203 2807 2257 7
2819 2205 2918 2258 05.

1852 2382 1995 2435 453.
2031 2373 2329 2432 Celebrior
2360 2379 2449 2431 est
2480 2372 2634 2431 alter
2666 2371 2902 2430 concilii
2935 2372 3040 2429 ba-

1761 2462 2030 2520 sileensis
2077 2463 2246 2520 testis
2292 2466 2354 2519 et
2398 2460 2695 2538 particeps
2745 2464 3042 2520 Aeneas

1763 2550 1890 2626 syl
1909 2551 2037 2609 viu
2053 2570 2097 2609 8.
2131 2551 2326 2610 Natus
2357 2554 2449 2610 est
2482 2570 2550 2609 ex
2575 2550 2763 2609 nobili
2785 2550 3042 2608 Piccolo·

1763 2640 2060 2699 minorum
2093 2640 2278 2717 stirpe
2319 2651 2414 2703 18.
2437 2639 2561 2699 Oct.
2592 2648 2755 2703 1405
2781 2639 2841 2698 in
2865 2639 3042 2698 Etru-

1762 2730 1883 2788 1188
1915 2730 2132 2806 oppido
2163 2729 2537 2807 Corsignani,
2586 2732 2791 2805 908181
2823 2729 2885 2787 18
2918 2730 3045 2804 ejus

1765 2819 2043 2878 honorem
2107 2819 2321 2878 Pienza
2381 2818 2558 2889 dicto,
2622 2817 2783 2877 haud
2834 2817 3043 2893 procul

1764 2908 1946 2966 Senis.
1982 2908 2189 2967 Studio
2222 2907 2571 2984 praesertim
2602 2907 2913 2966 literarum
2932 2907 3042 2965 hu-

1763 2997 2114 3067 maniorum,
2148 2997 2285 3055 dein
2318 2996 2489 3055 Senis
2520 3014 2736 3073 magno
2753 3014 2886 3054 cum
2908 3013 3043 3070 pro—

1764 3086 1921 3145 fectu
1946 3086 2455 3162 jurisprudentiae
2488 3103 2721 3161 operam
2754 3084 2939 3154 dedit‘,
2976 3084 3047 3141 118

1763 3194 1881 3250 qua
1911 3176 2103 3234 adhuc
2117 3176 2357 3251 juvenis
2374 3174 2803 3250 praelectiones
2821 3173 3045 3232 habuit.

1764 3263 2243 3338 Spectatissimus
2286 3267 2414 3322 erat
2447 3263 2713 3321 discendi
2747 3263 2955 3321 ardore
2987 3265 3047 3320 et

1763 3371 1993 3411 morum
2026 3353 2294 3414 candore.
2360 3353 2735 3410 Dominicum
2766 3351 3046 3427 caprani-

1764 3460 1890 3500 cam
1902 3441 2278 3511 cardinalem,
2298 3441 2403 3515 qui
2420 3462 2455 3499 a
2471 3459 2579 3498 sua
2590 3440 2852 3507 ecclesia,
2869 3458 3047 3513 quam

1763 3530 2027 3607 regebat,
2046 3530 2354 3589 Firmanus
2383 3534 2477 3588 est
2508 3528 2719 3598 dictus,
2740 3527 2818 3586 ad
2836 3528 3048 3586 basile-

1764 3637 1962 3678 ensem
1995 3618 2288 3695 synodum
2321 3619 2643 3677 comitatus
2689 3623 2783 3676 est
2818 3613 3045 3699 (1431)

1765 3708 1938 3784 eique
1971 3729 2005 3766 a
2038 3709 2281 3766 secretis
2310 3707 2445 3776 fuit,
2478 3706 2620 3765 licet
2635 3705 2878 3765 nonnisi
2897 3715 2975 3767 26
2998 3726 3046 3767 a.

1750 3797 1981 3856 aetatis
2014 3816 2157 3856 suae
2200 3799 2416 3874 ageret.
2470 3795 2778 3855 Secretarii
2810 3813 3050 3870 quoque

1764 3905 2008 3945 munere
2042 3886 2409 3963 fungebatur
2440 3884 2600 3960 apud
2622 3885 2786 3955 aliosi,
2823 3884 3048 3959 praeci-

1766 3995 1880 4052 pue
1912 3975 2069 4052 apud
2117 3975 2269 4035 card.
2304 3974 2718 4050 Albergatum,
2766 3994 2801 4031 a
2834 3990 2953 4047 quo
2984 3973 3048 4030 in

1766 4066 2019 4124 Scotiam
2053 4069 2147 4122 est
2178 4064 2412 4123 missus.
2466 4063 2612 4122 Inde
2644 4081 2783 4121 vero
2817 4061 3051 4120 rediens

1766 4173 1998 4230 semper
2026 4153 2216 4229 magis
2268 4153 2395 4211 suis
2446 4152 2709 4222 18188118,
2764 4151 3050 4226 loquendi

1770 4243 2046 4303 facundia
2065 4245 2125 4301 et
2146 4242 2356 4319 agendi
2389 4241 2743 4299 dexteritate
2760 4240 3047 4308 innotuit,

1846 4454 1883 4510 ¹5
1914 4448 1993 4502 De
2035 4449 2141 4502 hoc
2184 4447 2368 4501 fusius
2414 4448 2589 4499 refert
2614 4446 2898 4501 Levinson
2925 4446 3054 4499 Mit·

1769 4521 1926 4575 theil.
1978 4520 2075 4574 des
2127 4520 2263 4574 lnst.
2304 4519 2395 4571 fiir
2436 4520 2629 4572 osterr.
2677 4517 3053 4572 Geschichtsf.

1770 4591 1872 4645 XX
1900 4594 2099 4662 (1899).
2127 4594 2357 4647 69-99.

1844 4666 1885 4734 2)
1913 4662 1996 4716 Cf.
2019 4662 2312 4715 Aschbach
2332 4661 2531 4715 Gesch.
2547 4659 2646 4713 der
2662 4660 2894 4713 Wiener
2920 4659 3050 4712 Uni-

1771 4733 2008 4787 versititt
2058 4734 2097 4796 l,
2147 4737 2463 4790 493—526;
2528 4730 2743 4785 Krones
2795 4729 2946 4799 Aug.
2999 4730 3053 4784 d.

1773 4803 1959 4874 Biogr.
2004 4803 2068 4866 V,
2098 4807 2413 4862 526-528:
2458 4803 2593 4856 Birk
2636 4804 2698 4856 in
2744 4801 2921 4871 praef.
2966 4801 3052 4856 ed„

1772 4892 1927 4930 conc.
1957 4895 2012 4945 p.
2036 4875 2487 4929 XXXI-XLIV.
