3475 5364
512 346 533 395 1
555 344 675 397 139
744 329 1116 383 1501—1520.
1144 323 1200 381 S.
1226 323 1431 393 Script.
1458 323 1816 395 interpretes.
1843 321 2045 385 Fortis,
2072 321 2443 387 MontesiuuS,
2470 321 2539 375 de
2567 321 2745 375 Ghisl.
2781 323 2885 374 etc.
2958 339 2980 389 1
3007 338 3124 391 140

480 510 869 581 scribendae,
897 509 1184 588 legendae
1216 512 1278 568 et
1308 509 1782 585 pronunciandae
1838 527 2043 568 versus
2057 509 2373 585 Epicureos
2386 510 2728 584 ceterosque
2742 507 3126 584 philosophos

502 601 683 675 hujus
728 599 984 676 triplicis
1028 598 1284 676 linguae,
1330 600 1508 676 atque
1553 598 1638 657 ita
1681 616 1778 656 ex·
1838 598 2193 668 incredulos,
2258 616 2409 673 quae
2468 596 2693 655 inedita
2759 599 3124 665 manserunt,

502 689 704 748 hibuit
748 688 1074 747 bibliorum
1130 687 1600 765 polyglottorum
1650 706 1782 762 spe-
1841 687 1996 746 sicut
2040 690 2101 745 et
2145 685 2366 763 scripta
2410 685 2675 744 Pontii
2720 687 2869 763 Ray
2887 685 3125 745 naudi

502 778 709 837 cimen.
741 810 830 821 —
872 776 1131 836 Joannes
1177 775 1568 836 Berardus
1615 777 1783 835 For·
1840 776 1991 835 Galli
2053 776 2116 835 Ο.
2180 776 2364 835 Carm.
2431 775 2756 851 praepositi
2833 774 3125 852 generalis

500 867 610 926 tis
657 867 720 925 Ο.
767 866 823 925 S.
857 869 1011 943 Aug.
1059 866 1438 925 Savoniensis
1487 862 1547 947 (†
1586 860 1781 946 1503)
1840 861 1903 946 (†
1943 861 2154 945 1502).

502 956 746 1031 scripsit
794 955 1029 1014 Fontem
1058 957 1341 1025 caritatis,
1386 955 1449 1013 in
1488 973 1607 1031 quo
1640 954 1783 1013 sub-

502 1045 993 1121 tiliterplurimos
1012 1048 1213 1103 textus
1228 1044 1596 1103 canticorum
1617 1044 1780 1103 Salo·
1932 1051 2076 1106 542.
2138 1044 2210 1101 In
2272 1042 2752 1102 concionatorum
2796 1041 3126 1100 utilitatem

502 1135 696 1193 monis
745 1133 1014 1210 explicat,
1063 1132 1381 1192 Mediolani
1419 1142 1584 1195 1496
1627 1133 1692 1190 in
1725 1143 1783 1194 4.
1839 1133 2042 1207 plures
2073 1132 2446 1206 reliquerunt
2475 1131 2890 1209 expositiones,
2910 1129 3123 1206 postil-

499 1223 751 1299 Collegit
780 1222 959 1282 etiam
990 1223 1421 1282 vocabularium
1451 1223 1782 1281 ecclesiasti·
1841 1221 1928 1280 las
1945 1225 2054 1281 etc.
2072 1221 2135 1280 in
2150 1220 2453 1297 evangelia
2481 1223 2542 1279 et
2560 1220 2843 1297 epistolas
2875 1218 3125 1278 domini-

505 1312 1013 1388 cum‚Moguntiae
1042 1311 1565 1382 14703Mediolani
1595 1320 1783 1382 14953
1840 1328 2041 1369 carum
2073 1310 2169 1369 vel
2210 1310 2494 1369 feriarum
2525 1313 2635 1369 etc.
2700 1311 2792 1367 Ita
2820 1308 3123 1367 Ambro-

507 1411 705 1472 1503;
757 1400 1021 1460 Venetiis
1074 1409 1270 1469 1535;
1327 1408 1525 1471 1563;
1585 1409 1780 1469 1575;
1839 1398 2002 1458 sius
2035 1399 2525 1458 Montesinus
2558 1398 2861 1474 Hispanus
2895 1397 2958 1456 Ο.
2981 1396 3121 1454 Min.

507 1499 706 1559 1596;
787 1508 922 1549 cum
986 1489 1408 1548 additamentis
1474 1489 1784 1549 Benedicti
1838 1488 2209 1547 Ferdinando
2242 1492 2303 1547 et
2332 1488 2623 1547 Isabellae
2640 1486 2931 1546 Castellae
2962 1484 3123 1561 regi-

499 1578 766 1638 Buccii
815 1581 878 1637 et
920 1583 1171 1638 naturae
1202 1597 1568 1655 gemmarum
1600 1578 1784 1655 expli·
1840 1578 1954 1636 bus
1987 1599 2020 1635 a
2050 1577 2449 1648 concionibus,
2485 1579 2658 1651 cujus
2689 1593 2976 1635 sermones
2999 1574 3121 1632 his·

499 1667 726 1726 catione
745 1671 807 1725 et
826 1667 1201 1744 propriorum
1220 1667 1529 1726 nominum
1549 1667 1782 1726 hebrai·
1838 1667 2043 1743 panice
2093 1666 2442 1743 prodierunt
2498 1675 2662 1729 1512
2687 1688 2701 1737 ς
2763 1663 3124 1739 Antverpiae

500 1772 721 1825 eorum,
744 1756 1179 1816 chaldaicorum
1209 1774 1668 1833 graecorumque
1690 1757 1782 1814 in·
1849 1764 2042 1826 15423
2089 1755 2229 1816 stilo
2272 1755 2499 1832 puriori
2544 1754 2750 1814 donati
2794 1753 3122 1812 Barcinone

499 1846 944 1920 terpretatione‚
990 1846 1206 1904 Romae
1264 1855 1447 1908 1669.
1511 1845 1783 1905 Edidisse
1847 1856 2005 1908 1601
2032 1866 2046 1915 ;
2089 1853 2251 1909 1608
2277 1866 2291 1907 t.
2323 1844 2651 1903 vallisoleti
2680 1852 2843 1906 1618
2866 1842 2931 1901 in
2950 1841 2989 1899 f.
3010 1848 3118 1900 etc.

498 1952 734 2011 quoque
745 1934 968 1993 dicitur
979 1935 1437 1993 Recollectorium
1451 1934 1785 1994 deveritate
1840 1933 2099 1995 Hortatu
2129 1933 2417 1994 Isabellae
2436 1933 2676 2010 reginae
2705 1933 2769 1990 in
2801 1931 3126 2006 hispanum

499 2023 895 2100 conceptionis
941 2024 997 2082 b.
1045 2024 1107 2082 V.
1161 2024 1391 2082 Mariae.
1425 2057 1511 2067 —
1544 2024 1784 2083 Cantica
1839 2023 2024 2082 vertit
2084 2023 2274 2081 Vitam
2328 2021 2543 2081 Christi
2587 2042 2621 2081 a
2665 2019 3121 2096 Landulpho

497 2116 651 2171 cant.
685 2115 747 2171 et
778 2112 1041 2172 Psalmos
1073 2113 1403 2172 illustrasse
1433 2113 1629 2172 fertur
1658 2115 1781 2173 Pe·
1840 2111 1903 2171 Ο.
1937 2113 2128 2171 Carth.
2163 2112 2461 2188 scriptam,
2496 2111 2791 2187 Compluti
2827 2117 2992 2173 1502
3016 2111 3058 2167 t.
3084 2117 3119 2171 3

495 2204 667 2260 trus
718 2202 920 2260 Roux
975 2196 1210 2283 (Rufus,
1256 2197 1441 2286 Ruffi)
1490 2204 1554 2265 Ο.
1589 2203 1780 2261 Carth.
1837 2201 1901 2260 in
1931 2203 2001 2271 f.;
2035 2202 2265 2278 Hispali
2308 2210 2506 2271 1537;
2549 2210 2733 2271 1551,
2768 2217 2949 2275 quam
2978 2215 3118 2256 auc-

496 2290 792 2367 generalis
840 2287 902 2372 (†
943 2287 1154 2371 1503).
1200 2324 1287 2335 ——
1319 2291 1783 2351 Ambrosius
1837 2292 2050 2351 tiorem
2084 2290 2343 2349 reddidit
2379 2289 2773 2349 Jannettinus
2818 2287 3120 2346 Ninnus

495 2380 876 2439 Alentsen
905 2380 1168 2455 ejusdem
1188 2380 1312 2439 ord.
1332 2381 1497 2456 prior
1513 2381 1784 2440 nordlin·
1839 2399 1958 2457 reg.
2011 2380 2167 2451 Obs.,
2222 2378 2613 2439 salmanticae
2672 2386 2856 2440 1627.
2887 2409 2976 2419 ——-
3009 2376 3121 2433 Li-

497 2487 687 2544 ganus
716 2468 1064 2545 psalterium
1094 2469 1333 2529 Davidis
1363 2471 1565 2546 glossa
1594 2470 1783 2529 inte1-
1840 2470 2067 2528 vinus
2118 2468 2468 2528 Bondius
2520 2468 2582 2527 Ο.
2634 2466 2840 2526 Praed.
2893 2464 3121 2524 Ganda-

499 2558 708 2616 lineari
751 2557 1041 2616 instruxit
1086 2555 1146 2639 (†
1187 2554 1396 2637 1505).
1430 2592 1515 2602 —
1549 2559 1785 2619 Inedita
1839 2559 2055 2629 vensis,
2078 2557 2449 2634 praedicator
2467 2556 2763 2634 generalis
2788 2560 2852 2614 et
2869 2553 3122 2614 vicarius

498 2652 851 2706 manserunt
890 2647 1311 2706 commentaria
1339 2648 1405 2705 in
1437 2666 1479 2707 s.
1515 2648 1782 2724 Scriptu-
1839 2647 2313 2725 congregationis
2329 2646 2686 2716 Hollandiae‚
2703 2644 2966 2704 fervidus
2984 2641 3122 2702 reli·

499 2755 624 2794 ram
661 2735 843 2817 (sicut
874 2740 936 2794 et
965 2737 1030 2795 in
1060 2737 1421 2812 magistrum
1455 2739 1782 2798 sententia·
1838 2737 2032 2814 gionis
2094 2740 2322 2797 amator
2386 2733 2444 2816 (†
2499 2747 2591 2799 11.
2625 2735 2748 2794 Jul.
2790 2729 3002 2814 1516).
3034 2765 3124 2776 --

495 2821 656 2905 rum)
735 2824 1066 2884 Joannis
1142 2825 1489 2884 Briselot
1566 2824 1777 2908 (Brixi-
1840 2826 2240 2885 Guilelmus
2274 2825 2641 2904 Superbus
2673 2823 2738 2883 Ο.
2771 2824 2912 2882 Min.
2946 2821 3121 2881 Conv.

498 2909 628 2995 loti)
663 2913 726 2972 Ο.
764 2914 966 2983 Carm„
1002 2914 1106 2989 qui
1126 2914 1600 2974 Valencennisin
1617 2917 1780 2975 Han·
1840 2915 2060 2985 Gallus,
2092 2916 2376 2992 magister
2403 2913 2763 2991 parisiensiS,
2797 2913 2986 2989 quiex
3018 2929 3121 2969 va·

496 3003 869 3061 nonianatus
880 3003 1228 3078 parentibus
1239 3003 1784 3080 pauperibus,puer
1839 3004 1945 3063 riis
2007 3004 2368 3074 doctoribus,
2433 3003 2781 3079 praesertim
2843 3001 2907 3060 Ο.
2959 2999 3120 3069 Min„

497 3091 559 3149 in
590 3091 806 3166 plateis
852 3091 926 3149 ad
971 3091 1274 3166 lampades
1306 3092 1591 3167 Deiparae
1633 3094 1780 3153 ima·
1838 3094 2186 3170 compilavit
2207 3090 2474 3153 Postilla-s
2490 3090 2943 3168 majorestotius
2963 3088 3120 3156 anni,

496 3178 739 3255 ginibus
758 3198 1044 3256 appensas
1065 3183 1307 3240 studere
1328 3182 1562 3252 solitus,
1586 3183 1781 3242 factus
1838 3201 2051 3259 nempe
2127 3183 2524 3258 expositiones
2599 3179 2984 3257 epistolarum
3062 3182 3124 3236 et

496 3271 589 3327 est
618 3268 824 3328 doctor
852 3269 1214 3345 parisiensis.
1265 3272 1467 3344 Carolo
1499 3270 1565 3330 V.
1599 3272 1717 3331 fuit
1749 3293 1783 3332 a
1837 3271 2283 3349 evangeliorum
2316 3291 2653 3331 annuorum
2701 3288 2767 3329 ac
2798 3271 2871 3328 de
2902 3267 3122 3327 sanctis

496 3358 984 3428 confessionibus,
1000 3359 1243 3418 Erasmo
1258 3363 1385 3419 erat
1400 3378 1588 3420 carus.
1609 3362 1780 3438 Epis·
1839 3360 2189 3436 singillatim
2221 3364 2284 3420 et
2311 3362 2375 3420 in
2407 3360 2706 3420 communi
2739 3377 2872 3417 cum
2908 3373 3119 3432 quaes·

496 3465 675 3523 copus
709 3447 1024 3506 beritensis
1070 3454 1131 3508 et
1176 3450 1480 3509 auxiliaris
1527 3451 1781 3528 episcopi
1836 3449 2102 3509 tionibus
2136 3447 2314 3531 (forte
2365 3449 2649 3509 Guilelmi
2701 3447 2939 3507 Hueti
2988 3446 3119 3521 ejus

495 3537 910 3596 cameracensis
927 3532 972 3616 ¹)
1005 3539 1333 3598 translatus
1354 3539 1550 3598 estad
1581 3539 1778 3598 sedem
1838 3534 2099 3620 sodalis),
2165 3558 2316 3614 quae
2376 3538 2730 3615 prodierunt
2776 3542 2910 3613 post
2970 3534 3119 3593 alias

493 3626 867 3687 arborensem
898 3627 962 3685 in
995 3628 1265 3687 Sardinia
1299 3623 1547 3710 (1517),
1600 3648 1779 3704 quam
1837 3628 2124 3688 editiones
2156 3628 2420 3687 Venetiis
2448 3636 2615 3691 1536
2648 3628 2712 3685 in
2736 3635 2789 3690 8.
2828 3625 3121 3685 auctiores

494 3719 696 3775 tamen
717 3735 1022 3792 nunquam
1055 3717 1204 3776 adiit
1222 3718 1477 3794 negotiis
1497 3718 1559 3777 in
1576 3717 1780 3795 Belgio
1837 3717 2381 3794 castigatioresque.
2400 3750 2484 3761 —
2501 3719 2551 3775 A
2568 3736 2599 3775 e
2614 3736 2654 3793 g
2668 3717 2689 3774 i
2702 3715 2740 3774 d
2758 3716 2775 3773 i
2793 3736 2836 3773 u
2850 3733 2877 3773 s
2896 3715 2941 3772 F
2954 3714 3122 3773 aber

494 3803 771 3865 detentus
824 3803 887 3886 (†
925 3817 1021 3868 11.
1056 3805 1211 3882 Sept.
1256 3803 1466 3887 1520).
1499 3840 1585 3850 —
1636 3808 1778 3865 Ma·
1838 3806 1902 3867 0.
1956 3807 2137 3866 Carm.
2191 3804 2289 3888 (de
2338 3800 2568 3885 Smedt)
2615 3803 3018 3864 Bruxellensis
3063 3821 3121 3860 n.

490 3895 868 3953 thurinus
919 3895 1302 3972 Courtoys
1354 3893 1449 3974 (al.
1486 3893 1777 3978 Clemens)
1845 3905 2030 3966 1440,
2084 3896 2291 3955 doctor
2340 3894 2699 3955 lovaniensis
2733 3888 2979 3975 (1468),
3027 3891 3119 3949 in·

493 3982 556 4040 Ο.
610 3985 792 4042 Carm.
845 3984 1050 4043 doctor
1099 3985 1439 4059 parisiensis
1491 3988 1552 4043 et
1597 3986 1782 4045 lector
1838 3985 2024 4062 signis
2056 3985 2430 4045 ecclesiastes
2461 4003 2713 4062 magnae
2745 3981 3120 4043 auctoritatis

492 4071 899 4142 bituricensiS,
966 4071 1040 4131 ad
1089 4093 1137 4131 a.
1193 4083 1273 4135 40
1326 4074 1590 4148 praefuit
1639 4093 1779 4134 suae
1835 4073 1994 4152 apud
2041 4074 2510 4133 Maximilianum
2557 4075 2600 4132 I.
2653 4070 2714 4155 (†
2769 4069 2982 4153 1506).
3036 4102 3120 4113 --

489 4160 829 4236 provinciae
848 4156 909 4240 (†
931 4160 1163 4224 10.Ju1.
1184 4159 1778 4244 1509a.aetatis89).
1836 4165 1887 4223 A
1903 4166 1985 4222 nt
2002 4181 2034 4222 o
2050 4184 2092 4223 n
2108 4164 2129 4221 i
2145 4182 2229 4223 us
2273 4164 2346 4222 de
2393 4163 2440 4222 G
2458 4163 2577 4221 his
2596 4162 2856 4221 landis
2900 4158 3120 4243 (Ghlis-

490 4251 731 4308 Praeter
762 4251 1180 4310 commentaria
1210 4251 1487 4328 inplu1·es
1520 4271 1562 4311 s.
1582 4252 1777 4329 Scrip-
1835 4247 2053 4334 landis)
2090 4253 2155 4312 Ο.
2185 4252 2389 4312 Praed.
2422 4250 2635 4311 Javeni
2685 4252 2748 4309 in
2781 4248 3120 4326 Subalpinis

489 4343 661 4398 turae
684 4339 867 4398 libros
884 4343 946 4399 et
970 4341 1404 4399 sententiarum
1426 4342 1778 4419 magistrum
1836 4345 2019 4412 ortua,
2066 4342 2225 4418 apud
2271 4341 2556 4400 Taurinos
2601 4341 2738 4399 fidei
2777 4339 3118 4416 inquisitor,

489 4428 779 4487 lecturam
812 4429 1049 4506 scripsit
1093 4431 1166 4488 de
1199 4431 1251 4488 b.
1287 4431 1505 4490 Mariae
1537 4431 1603 4490 V.
1638 4450 1778 4491 con·
1837 4432 2007 4506 cujus
2068 4434 2163 4489 est
2211 4431 2373 4507 Opus
2422 4450 2670 4489 aureum
2718 4449 2895 4505 super
2955 4446 3119 4487 evan-

489 4518 776 4593 ceptione,
797 4537 975 4593 quam
993 4519 1435 4579 immaculatam
1448 4520 1778 4579 fuissetue-
1833 4521 1995 4596 yeliis
2024 4520 2213 4579 totius
2261 4521 2402 4579 anni
2447 4517 2772 4579 secundum
2814 4537 2992 4578 usum
3025 4537 3120 4576 ro·

489 4614 606 4676 tur,
632 4607 808 4666 fidem
841 4608 1219 4667 christianam
1246 4610 1648 4688 propugnavit
1675 4610 1779 4667 ad·
1834 4629 2042 4668 manae
2092 4609 2292 4669 curiae
2343 4613 2448 4668 etc.
2502 4629 2635 4669 cum
2682 4613 2813 4667 octo
2861 4608 3121 4667 millibus

1836 4699 2154 4758 dubiorum
2176 4699 2544 4757 exactissime
2562 4699 2873 4757 declaratis
2892 4716 2958 4756 ac
2973 4715 3118 4772 qua·

567 4820 602 4887 ι)
631 4815 714 4872 (js,
741 4816 911 4886 plum
937 4815 1007 4868 de
1035 4830 1099 4869 ρο
1121 4814 1184 4868 in
1206 4814 1399 4868 Reme
1420 4814 1631 4870 fflmgd·
1648 4815 1781 4870 XXI
1836 4788 2094 4863 druplici
2147 4806 2327 4847 sensu
2373 4808 2416 4848 s,
2461 4788 2821 4864 Scripturae,
2874 4785 3119 4845 Taurini

487 4890 667 4958 (1904)
696 4891 998 4943 134-141.
1844 4887 2005 4940 1507
2042 4878 2105 4935 in
2137 4877 2208 4947 f.;
2241 4877 2518 4954 Lugduni
2552 4877 2887 4947 15101n8;
2918 4884 3119 4953 1522;
