3475 5364
160 333 269 399 54]Δ
548 318 621 371 ln
653 319 770 375 ord.
798 338 840 371 s.
871 320 1195 389 Augustini.
1226 319 1511 374 Heuricus
1537 319 1606 372 de
1635 317 1929 380 Frimaria,
1959 317 2244 372 Gerardus
2270 333 2384 370 seu.
2658 333 2779 387 542

155 512 207 560 ut
224 502 471 561 videtur
487 505 729 575 Gallus,
746 507 1079 582 provinciae
1098 502 1444 588 (Provence)
1501 505 2044 566 exercitatissimus
2097 504 2291 579 Usque
2342 502 2416 563 ad
2447 507 2783 579 provectam

150 592 296 668 prior
324 595 746 669 praepositus,
789 597 1072 673 magister
1099 595 1446 670 parisiensis
1503 599 1761 655 aetatem
1792 595 2005 653 studiis
2049 597 2181 652 erat
2224 593 2482 662 deditus,
2531 592 2634 651 sed
2665 611 2785 651 non

149 683 539 763 (sta-1327).
565 719 660 727 —-
691 685 1101 743 Guilelmus
1134 684 1206 742 de
1241 686 1443 744 Sout-
1501 686 1704 744 minus
1766 684 2040 742 omnibus
2102 683 2347 757 pietatis
2393 682 2602 740 officiis
2664 682 2782 741 vir-

148 772 293 827 ham
313 775 559 845 ptoni
583 794 621 832 a
689 773 972 832 dioecesis
1035 774 1443 833 wintoniensis
1502 778 1823 849 tutumque
1884 772 2164 831 exercitio
2225 772 2514 830 intentus.
2581 772 2787 840 ,Inter

146 859 382 937 Anglus.
453 864 646 937 cujus
708 868 798 921 est
846 864 1024 921 etiam
1075 863 1322 938 postilla
1382 864 1445 920 in
1503 864 1809 931 orandum,
1843 861 2070 921 solebat
2100 860 2312 930 dicere,
2350 861 2467 920 Deo
2502 880 2564 918 se
2601 860 2782 935 loqui,

147 950 348 1007 Isaiatn
383 955 505 1009 etc.
550 948 637 1033 (fl'.
671 970 717 1011 c.
759 947 969 1031 1340).
1004 985 1089 994 —-
1134 952 1173 1010 J
1184 970 1446 1011 oannes
1502 953 1661 1011 inter
1677 951 2041 1011 studendum
2063 950 2246 1008 Deum
2275 949 2449 1008 sibi!
2485 951 2628 1008 Post
2657 968 2784 1008 sae-

146 1038 180 1095 C
195 1039 231 1095 h
246 1039 359 1097 ris
378 1042 408 1097 t
424 1056 463 1097 o
482 1060 530 1116 p
550 1042 594 1098 h
610 1060 641 1099 o
658 1041 726 1098 ri
788 1041 859 1099 de
906 1042 1237 1099 Meleberch
1301 1042 1441 1099 Ger·
1502 1042 1774 1100 vissimos
1805 1040 1999 1099 morbi
2022 1040 2254 1099 dolores
2273 1039 2529 1097 triennio
2550 1040 2784 1114 patien-

147 1146 349 1186 manus
406 1149 445 1186 a
501 1129 766 1205 capitulo
813 1131 1078 1207 generali
1123 1130 1446 1189 Lemovicis
1501 1131 1731 1189 tissime
1780 1130 2069 1188 toleratos
2133 1147 2311 1204 prope
2373 1129 2784 1204 octogenarius

155 1225 313 1279 1334
348 1218 580 1279 habito
627 1219 702 1277 ad
750 1219 1064 1296 legendum
1120 1220 1444 1278 sententias
1503 1214 2783 1299 decessita.1334(secundumaliosc.1340‚

150 1306 384 1365 Parisiis
473 1309 840 1377 destinatae,
918 1309 1013 1367 cui
1091 1308 1446 1367 tribuuntur
1503 1310 1600 1367 vel
1641 1318 1825 1378 1354,
1860 1309 1976 1366 imo
1996 1326 2041 1366 c.
2072 1302 2285 1387 1357).
2320 1306 2409 1364 Ob
2439 1306 2598 1365 vitae
2619 1324 2782 1365 sauc-

152 1394 321 1452 etiam
355 1398 657 1472 postillae
686 1398 750 1455 in
784 1407 820 1458 4
855 1397 1193 1475 Evangelia,
1227 1399 1447 1473 episto·
1502 1399 1740 1457 titatem
1773 1418 1806 1456 a
1838 1396 2143 1455 sodalibus
2160 1401 2220 1453 et
2237 1395 2374 1454 aliis
2396 1414 2631 1470 quoque
2652 1396 2786 1453 bea-

156 1484 233 1540 las
261 1485 443 1543 Pauli
499 1490 562 1545 et
606 1490 833 1562 septem
880 1506 969 1562 ep.
1004 1487 1328 1545 canonicas.
1360 1520 1448 1530 -—-
1501 1487 1598 1557 tis,
1632 1488 1752 1545 imo
1787 1486 2008 1545 sanctis
2039 1489 2381 1545 accensetur
2393 1480 2459 1564 ¹).
2495 1484 2652 1542 Haec
2683 1503 2785 1559 po-

164 1572 192 1628 J
209 1590 504 1633 oannes
556 1576 628 1634 de
673 1577 905 1635 Prato
956 1576 1160 1634 Gallus
1224 1576 1449 1651 pariter
1503 1577 1661 1634 tiora
1691 1576 1958 1650 ejusdem
1976 1593 2189 1649 opera:
2225 1574 2296 1636 L.
2327 1575 2398 1632 de
2426 1581 2677 1650 quatuor
2695 1575 2782 1630 in·

175 1660 517 1739 designatus
558 1685 607 1722 a.
663 1675 824 1727 1312
878 1664 949 1722 ad
1001 1665 1282 1742 legendas
1315 1684 1447 1723 sen·
1502 1666 1801 1724 stinctibus
1848 1665 2067 1734 divino,
2121 1663 2407 1740 angelico,
2471 1662 2783 1731 diabolicO,

181 1751 370 1809 ‘tenuas
406 1754 681 1823 Parisiis,
730 1754 1041 1830 episcopus
1090 1755 1447 1813 ebroicensis
1502 1754 1821 1824 mundano,
1885 1753 2150 1812 Venetiis
2211 1761 2409 1821 14983
2472 1752 2786 1828 Hagenoae

186 1835 407 1921 (1328).
462 1843 574 1918 qui
615 1847 816 1901 tamen
867 1845 1100 1901 muneri
1131 1843 1447 1919 episcopali
1515 1853 1709 1913 1513;
1746 1842 1991 1902 Parisiis
2029 1851 2193 1905 1514
2228 1841 2289 1900 in
2316 1850 2428 1910 12;
2460 1838 2535 1901 de
2564 1843 2786 1916 spiriti·

178 1931 542 1989 renunciavit
573 1929 803 2013 (13343
837 1930 873 1999 †
905 1950 949 1990 c.
993 1930 1202 2014 1338).
1504 1933 1606 1991 bus
1621 1950 1943 2008 eorumque
1957 1930 2314 1989 discretione
2332 1925 2510 2012 (forte
2526 1949 2594 1988 ex
2615 1949 2786 2004 prae-

1505 2022 1624 2080 ced.
1656 2016 1777 2103 op.)
1824 2020 2189 2096 Antverpiae
2231 2028 2393 2082 1652
2449 2016 2610 2102 (cum
2655 2019 2787 2077 aliis

259 2115 334 2169 27
346 2118 403 2169 8.
443 2110 539 2168 Ex
567 2111 769 2168 ordine
798 2130 844 2168 s.
878 2111 1197 2187 Auqustini
1226 2110 1446 2185 praeci·
1504 2111 1757 2169 aliorum
1790 2111 1848 2168 ll.
1882 2113 1944 2168 et
1975 2109 2220 2167 Henrici
2254 2104 2433 2187 vita);
2469 2109 2788 2167 additiones

181 2213 323 2268 puus
387 2197 543 2257 forte
604 2200 713 2258 hoc
772 2203 1036 2276 tempore
1084 2205 1178 2258 est
1232 2200 1448 2258 beatus
1504 2201 1586 2259 ad
1615 2201 1672 2261 ll.
1702 2201 2117 2259 sententiarum
2152 2193 2300 2279 (una
2327 2216 2461 2256 cum
2493 2215 2785 2255 commen-

184 2282 561 2346 Henricus
605 2289 676 2346 de
708 2289 900 2346 Frim
925 2284 1152 2369 ιιι-181)
1188 2284 1447 2371 (Vrima-
1504 2289 1656 2347 tario
1688 2288 1926 2365 Aegidii
1957 2282 2230 2368 romani),
2274 2287 2543 2345 Basileae
2582 2295 2743 2348 1497
2772 2308 2786 2356 ς

185 2371 278 2442 ria,
344 2375 631 2447 Vrimach,
694 2378 911 2435 Frimel
956 2382 1083 2448 etc.,
1147 2378 1305 2453 quod
1357 2381 1447 2436 est
1504 2378 1783 2437 Coloniae
1808 2390 1833 2439 1
1853 2387 1975 2440 513
1999 2377 2062 2435 in
2082 2376 2154 2445 f.;
2189 2382 2262 2434 tr.
2292 2395 2406 2451 pro
2435 2377 2789 2450 conceptione

189 2462 461 2537 oppidum
490 2484 665 2542 prope
698 2466 951 2525 Gotham
979 2467 1045 2525 in
1073 2462 1448 2545 Thuringia).
1504 2467 1553 2530 b
1601 2467 1661 2525 V.
1706 2468 1932 2526 Mariae
1965 2462 2126 2546 (cum
2155 2475 2228 2528 19
2254 2465 2388 2524 aliis
2409 2464 2666 2523 aliorum
2685 2467 2784 2543 tr.)

190 2548 476 2612 Lutetiam
503 2556 862 2614 Parisiorum
881 2556 1186 2657 profectus
1219 2574 1446 2614 summo
1505 2559 1754 2614 curante
1787 2557 1965 2614 Petro
1998 2555 2071 2613 de
2103 2555 2271 2623 Alva‚
2305 2554 2547 2613 Lovanii
2589 2562 2786 2621 1664·

196 2637 479 2703 inhonore
497 2644 599 2702 ob'
585 2660 880 2722 insignem
895 2664 1124 2723 ingenn
1144 2649 1448 2720 praestan·
1507 2645 1813 2724 Expositio
1830 2646 2104 2704 triviaria
2136 2645 2322 2703 decem
2352 2650 2788 2720 praeceptorum

197 2728 329 2786 tiam
350 2735 1008 2808 alquehonestissimam
1030 2736 1186 2794 vitae
1206 2754 1448 2795 conver·
1506 2736 1632 2795 sive
1664 2735 2140 2810 Praeceptorium
2189 2752 2295 2792 seu
2341 2732 2632 2808 expositio
2675 2731 2787 2790 tri—

204 2818 467 2880 sationem
479 2824 834 2883 abomnibus
848 2824 1195 2893 habebatur,
1208 2827 1450 2900 propter
1504 2824 1693 2883 viaria
1754 2824 1817 2882 in
1881 2824 2226 2900 decalogum
2290 2819 2467 2904 (quae
2518 2822 2590 2879 ab
2654 2822 2788 2881 aliis
2839 2861 2846 2870 ·

204 2904 691 2984 flagrantissimam
722 2932 867 2990 erga
901 2915 1087 2972 Deum
1119 2914 1447 2982 caritatem,
1505 2913 1750 2972 Nicolao
1801 2914 2029 2989 Lyrano
2080 2911 2387 2980 tribuitur,
2452 2909 2569 2969 sub
2616 2911 2787 2985 cujus

208 3013 311 3068 qua
340 3018 398 3056 se
425 3004 609 3060 {otum
640 3003 703 3060 in
738 3002 934 3061 verbis
966 3006 1026 3060 et
1058 3002 1295 3077 scriptis
1315 3020 1446 3060 suc·
1506 3003 1687 3061 etiam
1720 3002 1960 3059 nomine
1980 2996 2249 3082 prodiit),
2285 2999 2559 3060 Coloniae
2589 3008 2787 3069 1498;

214 3099 422 3145 censum
463 3091 824 3161 ostendebat,
877 3093 1072 3150 doctor
1114 3092 1452 3164 seraphicus
1513 3100 1710 3160 15o5;
1778 3090 1983 3149 Passio
2014 3090 2091 3148 D.
2123 3090 2196 3148 N.
2230 3089 2545 3148 literaliter
2575 3093 2636 3146 et
2665 3106 2788 3146 mo-

221 3178 526 3250 appellatus.
586 3181 818 3239 Laurea
865 3181 1154 3239 doctorali
1205 3181 1452 3240 obtenta
1504 3180 1710 3238 raliter
1741 3179 2073 3254 explanata,
2122 3179 2367 3237 Parisiis
2410 3188 2605 3246 15143
2668 3177 2788 3235 Ha-

220 3260 403 3323 ibidem
431 3267 529 3327 diu
559 3270 967 3345 philosophiae
1014 3274 1074 3327 et
1117 3270 1450 3345 theologiae
1506 3287 1729 3346 genoae
1769 3281 1794 3330 1
1813 3278 1970 3339 5173
2005 3286 2156 3345 opus
2177 3286 2516 3326 sermonum
2538 3266 2788 3325 exactis-

217 3354 510 3415 cathedram
541 3359 712 3416 rexit.
746 3360 814 3416 In
847 3359 1225 3417 Germaniam
1256 3378 1449 3417 rever·
1507 3359 1793 3416 simorum
1838 3358 1907 3416 de
1948 3359 2184 3428 sanctis,
2231 3357 2546 3433 Hagenoae
2587 3364 2787 3425 1513;

219 3456 302 3499 sus
330 3444 385 3501 in
411 3447 937 3521 praestantioribus
972 3447 1320 3506 civitatibus
1353 3466 1445 3505 ca·
1507 3447 1753 3506 Parisiis
1795 3456 1994 3514 1514;
2039 3448 2116 3503 tr.
2167 3448 2237 3504 de
2281 3447 2500 3522 oriyine
2525 3445 2790 3517 fratrum

219 3528 419 3591 thedras
463 3537 793 3596 illustravit
841 3537 1086 3613 egitque
1145 3539 1451 3613 regentem
1504 3537 1925 3612 Eremitarum,
1989 3535 2256 3594 Venetiis
2327 3543 2507 3597 1514.
2600 3533 2790 3591 Multa

229 3620 508 3682 studiorum
552 3626 778 3703 Pragae
823 3629 885 3683 et
930 3643 1072 3684 suae
1114 3625 1451 3702 provinciae
1502 3629 1854 3684 manserunt
1884 3624 2126 3693 inedita,
2179 3627 2249 3681 ut
2280 3622 2696 3682 commentaria
2726 3621 2790 3678 in

226 3713 593 3784 praepositum.
628 3714 883 3772 Arimini
918 3735 967 3773 a.
1008 3724 1173 3780 1318
1210 3715 1273 3772 in
1290 3716 1445 3791 capi·
1506 3733 1549 3773 s.
1585 3714 1970 3790 scripturam,
2021 3713 2086 3771 in
2136 3714 2197 3771 11.
2231 3713 2574 3771 Ethicorum
2622 3711 2788 3769 Aris-

224 3796 331 3855 tulo
370 3804 615 3877 generali
665 3804 1034 3862 examinator
1081 3804 1453 3862 studentium
1506 3804 1729 3872 totelis‚
1765 3802 2114 3878 quodlibeta
2144 3804 2252 3860 etc.

224 3892 707 3958 promovendorum
739 3911 845 3967 pro
865 3911 1219 3969 quocunque
1252 3892 1450 3951 studio

226 3972 519 4039 Germaniae
549 3982 913 4040 constitutus
944 3983 1090 4040 fuit:
1137 3985 1268 4040 erat
1298 3981 1452 4040 enim
1602 3990 1742 4044 279.
1777 3982 1859 4039 Ex
1893 3981 2096 4039 eadem
2141 3981 2251 4038 hac
2283 3998 2447 4039 sacra
2477 3979 2699 4037 familia
2728 3979 2786 4036 11.

226 4064 347 4123 teste
399 4068 539 4131 Guil.
601 4070 949 4146 Eisengrein
1025 4071 1117 4130 vir
1191 4071 1453 4129 moribus
1506 4071 1943 4129 sententiarum
1959 4072 2391 4144 exposuerunt:
2427 4068 2787 4127 Gerardus

227 4157 273 4208 et
309 4153 552 4218 doctriua
600 4160 876 4236 insignis,
929 4160 1088 4218 omni
1137 4161 1453 4218 literatura
1506 4160 1774 4218 senensis
1806 4160 1913 4233 qui
1945 4159 2168 4234 pariter
2196 4151 2496 4216 Lutetiam
2529 4156 2788 4216 Parisio-

228 4256 340 4301 suae
367 4249 1009 4318 aetatisnobilissimus,
1045 4249 1450 4326 philosophuS,
1504 4267 1640 4306 rum
1670 4248 1791 4306 fuit
1832 4249 2052 4308 missus
2096 4247 2435 4323 ibidemque
2480 4246 2787 4305 baccalau-

227 4335 387 4391 orator
415 4340 583 4411 atque
615 4340 791 4413 poeta
835 4338 1079 4408 celeber,
1118 4339 1277 4413 juris
1310 4357 1449 4396 con·
1505 4356 1644 4396 reus
1693 4338 1890 4397 factus
1938 4337 2312 4411 quaestiones
2358 4336 2790 4412 quodlibetales

227 4419 387 4480 nultus
414 4425 784 4496 clarissimus,
817 4427 1132 4504 theologus
1153 4446 1228 4485 sa.
1250 4427 1453 4504 legum
1506 4445 1798 4501 exponere
1838 4427 2041 4502 jussus
2088 4429 2198 4484 est.
2257 4425 2620 4502 Aegidianae
2653 4425 2788 4484 doc-

1507 4516 1702 4574 trinae
1764 4515 1883 4573 fuit
1944 4518 2201 4575 sectator
2260 4518 2440 4590 atque
2517 4513 2790 4572 defensor

291 4592 505 4660 ¹)N0tat
562 4595 779 4651 Denifle
841 4597 900 4649 in
967 4581 1327 4651 Charbularib
1380 4598 1447 4658 ΙΙ
1506 4607 1802 4675 strenuus,
1866 4623 2094 4663 necnon
2162 4607 2225 4662 et
2264 4604 2421 4678 juris
2472 4603 2787 4677 utriusque

234 4664 384 4733 lpag
405 4671 503 4724 536
540 4666 733 4736 plures
771 4667 1048 4738 distingui
1088 4669 1306 4730 debere,
1351 4670 1452 4737 qui

235 4731 312 4786 hoc
323 4739 526 4791 nomine
541 4738 924 4808 designentur,
951 4743 1009 4793 et
1022 4739 1247 4808 aliquos
1261 4739 1452 4803 libros,
2577 4807 2586 4811 q

238 4803 314 4869 qui
332 4812 502 4864 nostro
527 4811 600 4864 ab
625 4809 890 4882 Ossinger
915 4811 1264 4877 tribuuntur,
1306 4812 1451 4866 forte
1584 4817 1619 4877 ¹)
1648 4811 1729 4864 Of.
1782 4810 2081 4865 Lauterius
2131 4811 2171 4872 l,
2228 4814 2502 4868 115—19:
2566 4808 2789 4860 &treber

240 4889 325 4930 esse
346 4878 584 4935 aliorum.
1506 4882 1617 4936 KL.
1645 4883 1712 4948 V,
1743 4887 1910 4944 170&
1941 4881 2103 4936 Feret
2129 4883 2221 4945 111,
2249 4885 2514 4936 511—15.
