3475 5364
474 335 547 385 12
568 336 584 385 ι
613 337 630 385 1
1011 319 1380 371 1521-1540.
1408 313 1720 385 Theologia
1747 314 2084 370 scholastica
2110 316 2170 367 in
2199 315 2316 369 ord.
2343 315 2538 370 Praed.

2913 335 2936 386 1
2955 333 3024 388 21
3043 333 3078 389 2

465 502 591 561 bito
623 502 799 559 datus
831 505 923 560 est
940 501 1256 559 conventui
1278 501 1748 576 heidelbergensi
1803 520 1915 560 nus
1929 501 2381 560 accommodato:
2400 501 2709 561 undehaec
2721 502 2943 578 scripta
2960 521 3084 569 non

465 592 540 649 ad
575 591 894 667 legendum
916 590 1257 659 sententiaS,
1292 608 1427 649 mox
1445 590 1634 649 factus
1655 593 1749 648 est
1802 590 1957 648 tanti
1988 594 2132 648 sunt
2179 590 2346 649 facta.
2425 591 2672 652 Interim
2717 592 3082 652 constitutus

464 680 653 739 studii
671 698 879 755 regens
898 683 959 737 et
978 698 1026 736 a.
1056 688 1218 742 1507
1244 679 1544 738 facultatis
1577 680 1744 737 theo·
1801 683 1889 739 est
1937 698 2040 754 per
2086 679 2528 756 moguntinam,
2580 681 2966 739 trevirensem
3014 698 3082 739 ac

467 770 687 845 logicae
731 769 1005 828 decanus.
1086 769 1248 827 'l'unc
1292 768 1485 844 coepit
1531 768 1581 827 si
1626 787 1744 828 non
1801 768 2192 828 coloniensem
2225 769 2554 844 provincias
2588 769 2915 828 haereticae
2945 789 3086 845 pra-¹

465 858 713 934 primae,
737 859 947 918 saltem
966 876 1124 915 unus
1139 876 1206 916 ex
1227 858 1435 931 primis
1455 876 1745 933 exponere
1799 858 2005 917 vitatis
2035 857 2361 933 inquisitor
2379 852 2435 937 (l
2454 869 2484 919 5
2498 854 2624 939 27).
2656 859 2966 935 Augustae
2986 859 3080 919 in-

468 967 759 1007 summam
805 966 849 1005 s.
883 947 1135 1005 'rhomae
1183 949 1352 1005 tanto
1403 947 1744 1009 auditorum
1799 946 2009 1006 terfuit
2040 946 2274 1022 imperii
2319 947 2596 1017 comitiiS,
2645 951 2715 1006 ut
2746 950 2932 1006 staret
2973 966 3082 1023 pro

467 1037 700 1112 plausu,
747 1040 818 1094 ut
863 1036 1115 1094 facultas
1147 1036 1482 1112 theologica
1511 1036 1743 1095 iteratis
1799 1055 1975 1094 causa
2005 1035 2294 1096 catholica
2314 1037 2687 1112 selectusque
2706 1041 2797 1096 est
2817 1036 3081 1113 quicum

465 1126 695 1184 vicibus
742 1143 878 1183 eum
922 1124 994 1183 ad
1038 1124 1328 1183 edendum
1376 1144 1552 1183 suum
1593 1143 1743 1183 com-

466 1214 826 1273 mentarium
870 1218 1127 1289 urgeret,
1176 1214 1336 1289 quod
1369 1215 1603 1273 demum
1638 1216 1743 1274 00-

466 1305 656 1363 loniae
680 1305 804 1378 jam
846 1308 982 1362 ante
1013 1322 1062 1360 a.
1104 1313 1266 1365 1512
1318 1303 1619 1379 praestitit
1649 1321 1743 1362 ac-

462 1394 709 1452 cedente
741 1393 917 1450 etiam
937 1391 1183 1450 celebris
1205 1392 1465 1467 Cajetani
1483 1396 1629 1451 tunc
1650 1412 1742 1451 or-

464 1483 623 1540 dinis
655 1481 928 1558 magistri
946 1482 1236 1557 generalis
1267 1482 1566 1543 facultate.
1599 1483 1744 1540 Pro-

466 1572 584 1630 diit
631 1572 737 1628 hac
782 1571 1197 1645 inscriptione:
1244 1571 1549 1643 Expositio
1598 1589 1744 1629 com·

466 1662 753 1719 mentm-ia
786 1660 976 1735 prima
1018 1659 1415 1719 subtilissima
1456 1660 1636 1718 simul
1680 1678 1747 1717 ac

466 1744 830 1808 lucidis‘s'ima
874 1750 1222 1825 cunctisque
1266 1748 1628 1824 theologicae
1660 1749 1745 1808 fa-

464 1839 708 1897 cultatis
740 1838 1065 1896 secundum
1080 1857 1496 1913 quamcunque
1519 1838 1747 1913 opinio-

464 1948 601 1987 nem
635 1926 922 1985 studiosis
951 1927 1201 1986 maxime
1233 1928 1563 1986 necessaria
1590 1927 1655 1985 in
1691 1938 1746 1988 1.

470 2026 525 2078 2.
559 2036 692 2092 ang.
726 2016 983 2074 doctoris
1025 2035 1068 2073 s,
1103 2016 1356 2075 Thomas
1388 2018 1531 2090 Aq.,
1581 2016 1746 2075 Colo·

466 2107 600 2164 niae
642 2115 802 2168 1512
839 2106 901 2162 in
932 2106 1004 2175 f.;
1039 2105 1537 2177 Venetii315893
1578 2114 1742 2168 1602

463 2194 570 2275 (m.
614 2190 777 2275 120).
842 2194 1138 2253 Coloniam
1183 2196 1515 2253 translatus
1556 2194 1746 2252 studii

468 2302 681 2361 regens
713 2303 762 2341 a.
803 2292 968 2345 1512
1006 2284 1248 2358 scripsit
1278 2283 1582 2357 ediditque
1616 2302 1747 2358 pre-

467 2374 635 2431 cibus
668 2372 858 2431 enixis
890 2373 1088 2430 fratris
1124 2373 1218 2431 sui
1242 2373 1289 2429 U
1311 2373 1405 2430 lri
1425 2374 1490 2431 ci
1524 2372 1745 2448 pariter

466 2463 536 2537 Ο.
571 2461 790 2531 Praed‚
841 2462 1128 2520 ulmensis
1175 2465 1501 2520 conventus
1532 2461 1748 2537 prioris

470 2556 532 2609 et
548 2570 657 2626 pro
666 2550 914 2617 sessoris,
946 2550 1188 2608 tandem
1208 2551 1404 2608 victus
1421 2551 1749 2623 Quodlibeta

473 2643 557 2700 27
592 2659 699 2715 per
730 2638 972 2698 modum
1002 2638 1223 2716 dialogi
1255 2640 1621 2708 concinnata,
1644 2638 1747 2698 Co-

469 2731 659 2788 loniae
716 2737 875 2791 1523
925 2729 989 2786 in
1026 2740 1099 2796 4..
1146 2728 1209 2787 in
1255 2729 1475 2804 quibus
1520 2728 1750 2787 romani

470 2818 763 2893 pontilicis
783 2817 1274 2876 infallibilitatem
1296 2820 1518 2886 tuetur,
1542 2836 1748 2892 quam-

473 2908 559 2964 vis
592 2906 887 2977 concedat,
934 2925 1071 2964 eum
1116 2924 1288 2981 posse
1335 2924 1464 2964 esse
1495 2906 1749 2965 haereti-

468 3014 606 3053 cum
625 3014 821 3054 errore
841 2996 1138 3069 personali
1166 2995 1533 3053 adhaerendo
1553 2999 1749 3054 mente

470 3085 771 3143 obstinata
800 3084 1065 3159 opinioni
1096 3084 1157 3141 in
1189 3084 1302 3141 fide
1319 3103 1612 3152 erroneae,
1645 3103 1749 3143 ne-

464 3191 586 3248 que
633 3173 910 3231 concedat
951 3173 1391 3231 immunitatem
1434 3174 1508 3232 ab
1553 3193 1751 3233 errore

469 3263 533 3320 in
567 3265 908 3321 sanctorum
938 3263 1390 3325 canonizatione.
1448 3262 1531 3320 Ex
1563 3263 1748 3321 facul·

469 3352 612 3410 tatis
646 3352 1004 3428 theologicae
1049 3352 1325 3410 mandato
1366 3351 1748 3411 refutandum

470 3442 738 3516 suscepit
782 3441 1029 3499 Lutheri
1075 3441 1348 3500 libellum
1394 3442 1522 3499 Das
1565 3442 1751 3499 siebed

474 3531 693 3604 Capitel
725 3529 781 3589 S.
816 3527 993 3589 Pauli
1020 3550 1093 3588 zu
1135 3532 1244 3589 den
1279 3530 1581 3588 Corinther
1610 3549 1748 3588 aus-

462 3622 661 3697 yeleyt,
696 3621 1070 3696 Wittenberg
1110 3629 1292 3683 1523.
1355 3619 1622 3678 Prolixae
1653 3637 1746 3676 re-

470 3709 781 3768 futationis
814 3709 1037 3784 prodiit
1066 3728 1120 3784 p.
1168 3721 1186 3770 1
1216 3730 1228 3766 :
1264 3704 1508 3766 Eversio
1531 3709 1746 3766 Lutke·

469 3802 607 3856 rani
622 3800 978 3870 epithalamii
994 3793 1315 3876 (Coloniae)
1346 3809 1365 3858 l
1386 3806 1417 3857 5
1429 3806 1462 3858 2
1476 3807 1506 3859 7
1517 3841 1529 3865 ,
1551 3797 1615 3854 in
1630 3816 1749 3872 qua

470 3906 609 3966 prae
654 3887 862 3962 primis
909 3890 1117 3945 tuetur
1166 3887 1551 3956 coelibatum3
1604 3904 1657 3960 p.
1708 3895 1743 3948 2

467 3979 742 4035 adversus·
785 3978 1030 4034 caninas
1074 3976 1155 4033 M.
1207 3975 1451 4033 Lutheri
1510 3976 1750 4048 nuptias

468 4066 872 4138 adversusque
917 4063 1031 4121 alia
1074 4064 1338 4138 ejusdem
1379 4065 1473 4122 vel
1504 4064 1744 4139 gentili-

467 4156 582 4212 bus
615 4153 1035 4212 abominabilia
1082 4153 1392 4228 paradoxa,
1440 4153 1747 4228 Tubingae

480 4254 661 4311 1530,
697 4243 759 4300 in
794 4261 911 4317 qua
941 4260 1061 4300 non
1099 4246 1223 4299 tam
1256 4241 1504 4300 Lutheri
1535 4261 1745 4319 aggre-

442 4327 634 4390 'ditur
663 4332 927 4406 nuptias,
978 4350 1155 4407 quam
1204 4332 1333 4406 ejus
1369 4331 1745 4406 impudentes

469 4423 540 4480 de
573 4421 945 4479 matrimonio
967 4420 1292 4494 opiniones,
1327 4421 1462 4479 hinc
1480 4421 1748 4478 vindicat

469 4509 830 4569 matrimonii
851 4509 1157 4569 christiani
1177 4511 1553 4568 sanctitatem
1577 4514 1636 4568 et
1651 4510 1744 4567 in-

1798 1124 1931 1183 aliis
1963 1125 2254 1201 theologis
2302 1125 2589 1184 refutaret
2631 1125 3080 1195 consessionem,

1799 1234 1975 1289 quam
2039 1214 2264 1284 dicunt,
2328 1217 2738 1291 augustanam.
2817 1214 3084 1274 Decessit

1799 1303 2072 1362 Coloniae
2108 1313 2206 1364 26.
2229 1306 2379 1380 Aug.
2416 1313 2599 1373 1536,
2632 1307 2952 1380 postquam
2972 1303 3082 1364 diu

1801 1392 2014 1451 fuisset
2056 1393 2221 1451 illius
2254 1397 2582 1451 conventus
2625 1393 2789 1469 prior
2819 1397 2880 1452 et
2911 1413 2961 1451 a.
2997 1402 3076 1455 25

1801 1482 1987 1539 studii
2018 1498 2229 1559 regens
2244 1477 2309 1563 ¹).

1894 1666 2039 1722 570.
2116 1660 2465 1735 Angelus
2530 1660 2985 1719 Savilianus
3046 1678 3081 1718 a

1802 1749 1990 1824 patria
2021 1749 2084 1806 in
2099 1749 2454 1807 Insubribus
2485 1748 2698 1818 dictuS,
2719 1749 2784 1812 Ο.
2800 1750 2893 1810 Pr.
2913 1749 3079 1808 theo-

1802 1838 1993 1913 logiae
2037 1838 2337 1912 professor
2382 1838 2682 1897 Summam
2734 1856 2778 1913 s..
2824 1838 3079 1900 'rhomae

1802 1926 1875 1985 de
1907 1929 1973 1984 A..
2008 1930 2213 1985 contra
2256 1928 2512 2003 gentiles
2558 1947 2592 1984 a
2623 1946 2686 1986 se
2716 1927 3080 2003 recognitam

1801 2020 1861 2074 et
1892 2034 1926 2073 a
1957 2017 2323 2074 notariornm
2356 2015 2587 2074 mendis
2619 2020 2935 2092 purgatam
2952 2015 3079 2076 edi-

1802 2104 1892 2163 dit
1921 2105 2200 2182 Lugduni
2243 2115 2400 2168 1521
2439 2106 2504 2163 in
2539 2114 2594 2168 8.
2629 2140 2711 2148 —
2744 2105 2911 2164 Hanc
2939 2122 3080 2163 vero

1802 2194 2039 2253 classico
2083 2194 2415 2253 illustravit
2444 2194 2863 2252 commentario
2895 2193 3078 2255 Fran-

1802 2282 1991 2341 ciscus
2039 2283 2453 2354 Silvester,
2502 2302 2535 2340 a
2579 2284 2774 2358 patria
2818 2282 3077 2342 Ferra-

1802 2372 2095 2430 riensis
2129 2371 2344 2440 dictuS,
2377 2376 2556 2453 natus
2587 2391 2702 2431 c.a.
2734 2381 2913 2433 1474.
2946 2371 3077 2431 Col·

1802 2462 1937 2537 lega
1965 2461 2083 2518 fuit
2114 2461 2414 2520 Bononiae
2435 2461 2840 2537 chrysostomi
2863 2460 3082 2520 Javelli

1803 2554 1983 2625 atque
2029 2550 2354 2608 sententias
2386 2553 2481 2609 est
2523 2550 2952 2626 interpretatus
2973 2548 3080 2616 ,in-

1802 2639 1967 2716 genti
2011 2639 2348 2698 auditorum
2397 2657 2687 2699 concursu
2735 2642 2795 2699 et
2847 2639 3081 2715 plausu.

1811 2729 2072 2787 Priorem
2103 2729 2227 2804 egit
2256 2732 2462 2805 postea
2491 2729 2556 2787 in
2576 2729 2748 2788 domo
2767 2748 2874 2788 sua
2892 2728 3082 2787 natali

1803 2822 1933 2876 tum
1966 2818 2283 2886 Bononiae,
2329 2837 2399 2878 ex
2445 2837 2563 2893 qua
2607 2820 2952 2893 assumptus
2989 2820 3083 2877 est

1805 2927 1852 2964 a.
1875 2916 2037 2968 1519
2059 2906 2374 2965 Mediolani
2394 2908 2584 2965 totius
2607 2906 3079 2984 congregationis

1805 3014 1944 3053 suae
1962 2995 2222 3054 vicarius
2240 2996 2552 3072 generalis.
2585 2999 2635 3054 A
2651 2994 3082 3061 ClementeVII.

1806 3085 2169 3143 constitutus
2214 3087 2307 3143 est
2351 3085 2605 3143 vicarius
2650 3085 2942 3161 generalis
2986 3103 3080 3143 or-

1806 3173 1961 3232 dinis
2009 3179 2071 3232 et
2120 3193 2254 3232 mox
2297 3174 2363 3231 in
2406 3162 2661 3232 comitiis
2706 3173 3082 3250 generalibus

1806 3263 2104 3321 communi
2156 3263 2477 3321 electorum
2525 3262 2806 3339 suffragio
2856 3264 3080 3322 electus

1804 3352 1868 3409 in
1900 3351 2121 3410 ordinis
2155 3352 2506 3428 magistrum
2532 3362 2585 3414 3.
2607 3351 2646 3409 J
2651 3371 2749 3410 un.
2776 3361 2956 3415 1525.
2988 3351 3081 3410 Ad

1806 3440 2146 3499 lustrandas
2175 3440 2386 3499 exinde
2417 3440 2643 3499 ordinis
2663 3441 2997 3516 provincias
3018 3458 3081 3499 se

1803 3529 2059 3588 aacinxit
2087 3529 2269 3604 atque
2300 3530 2557 3600 Italiam,
2593 3530 2841 3589 Galliam
2872 3533 2933 3589 et
2946 3529 3082 3589 Bel·

1805 3618 1973 3695 gium
2005 3619 2358 3695 peragravit.
2409 3618 2728 3694 Hispanias
2760 3622 2891 3677 tum
2923 3618 3079 3695 cogi·

1803 3708 1996 3776 tabat,
2046 3707 2148 3766 secl
2196 3708 2257 3765 in
2303 3707 2515 3766 itinere
2548 3708 2846 3768 Rbedonis
2878 3708 3082 3768 morbo

1880 3954 1917 4016 ¹)
1947 3948 2027 4002 Cf.
2059 3947 2127 4001 N.
2157 3946 2372 4001 Paulus
2411 3946 2674 4002 Zeitschr.
2718 3949 2754 4003 f.
2796 3947 2850 4000 k.
2886 3947 3083 4002 Theol.

1802 4024 1943 4076 1896
1971 4037 2027 4088 p,
2053 4023 2298 4076 47--73:
2350 4020 2409 4072 et
2434 4018 2527 4072 die
2555 4019 2866 4073 deutschen
2894 4017 3084 4073 Domi·

1802 4092 2043 4144 nikaner
2082 4108 2136 4159 p.
2179 4095 2493 4150 111—134;
2544 4089 2769 4143 Streber
2809 4090 2921 4143 KL.
2963 4090 3081 4154 VII,

1801 4166 1936 4222 821:
1990 4161 2208 4215 Echard
2255 4162 2320 4223 ll,
2349 4167 2468 4218 100.
2520 4161 2719 4215 Petrus
2758 4162 2828 4215 de
2868 4162 3084 4215 Blome·

1803 4250 1988 4288 venna
2015 4234 2083 4285 de
2111 4250 2176 4288 eo
2204 4233 2388 4301 deque
2417 4232 2670 4287 Arnoldo
2692 4232 3003 4302 'song-renai
3023 4232 3084 4285 in

1801 4321 1891 4374 cp.
1918 4305 1990 4358 ad
2019 4304 2507 4373 archiepiscopum
2549 4305 2928 4359 coloniensem
2954 4303 3086 4357 scri-

1801 4377 1916 4430 bit:
1973 4375 2108 4434 ..flio
2136 4375 2464 4446 (Arnoldus)
2507 4379 2564 4428 et
2605 4375 2679 4431 M.
2721 4375 3015 4429 Conradus
3042 4392 3083 4434 s.

1801 4447 2118 4515 theologiae
2159 4448 2442 4515 professor
2481 4447 2736 4511 eximius,
2782 4464 2983 4516 regens
3022 4445 3081 4499 in

1801 4518 2142 4575 monasterio
2179 4519 2234 4569 ff.
2265 4518 2461 4572 Praed.
2487 4518 2547 4570 in
2575 4517 2826 4582 Colonia,
2855 4518 2998 4571 mihi
3023 4517 3083 4571 in

467 4598 1007 4661 dissolubilitgtem‚
1039 4600 1101 4662 P,
1128 4609 1181 4662 3,
1215 4618 1332 4658 non
1354 4599 1593 4657 videtur
1611 4617 1743 4674 pro.
1801 4590 2064 4644 omnibus
2093 4588 2283 4642 dubiis
2311 4588 2460 4643 oculi
2502 4593 2641 4643 eunt
2678 4593 2736 4643 et
2761 4590 3084 4644 directores.

464 4690 664 4753 diisse.
714 4690 1154 4765 Argumentum
1187 4707 1361 4746 suum
1395 4687 1578 4746 solide
1610 4688 1742 4761 qui·

1802 4661 1911 4725 Qui
1935 4660 2170 4730 insuper
2195 4662 2255 4714 in
2283 4660 2544 4714 districtu
2568 4659 2808 4715 dominii
2835 4660 2923 4714 tui
2951 4663 3087 4714 sunt

1802 4732 1967 4800 quasi
1980 4733 2093 4785 duo
2109 4732 2431 4796 luminaria,
2451 4737 2655 4787 terram
2673 4732 2808 4798 vita,
2826 4731 3083 4802 exemplo

466 4781 601 4837 dem
647 4781 990 4854 pertractat,
1042 4776 1141 4834 sed
1187 4777 1409 4851 prolixe
1453 4776 1633 4835 nimis
1686 4781 1748 4834 et
1801 4807 1975 4871 atque
2021 4804 2283 4857 doctrina
2335 4802 2710 4867 illustrantes,
2756 4807 2915 4871 quos,
2969 4819 3084 4867 oro,

470 4870 609 4926 stilo
644 4872 740 4926 sat
770 4866 908 4923 rudi
941 4871 999 4924 et
1032 4866 1105 4922 ad
1138 4869 1372 4940 captum
1396 4865 1600 4939 populi
1633 4865 1744 4922 mi·
1806 4891 2026 4943 semper
2055 4875 2305 4928 audia5.“
