3475 5364
301 383 423 435 901
953 366 1223 430 Hilarius,
1256 366 1646 434 Huntpichler‚
1675 365 1980 430 Kalteisem
2007 365 2260 434 Jaquier.

2788 385 2911 438 902

303 550 432 621 bus,
466 570 618 626 quae
651 551 711 608 in
744 550 848 610 illo
868 555 1238 628 peraguntur
1258 553 1320 614 ll.
1343 561 1399 621 6,
1433 570 1582 627 opus
1637 570 1680 612 s,
1701 550 2003 613 Dominici.
2027 551 2353 627 Quinquies
2369 552 2432 609 in
2451 552 2734 611 facultate
2751 553 2915 613 theo-

304 645 374 697 ut
405 639 643 698 videtur
686 639 994 699 ineditum.
1041 641 1134 698 Tr.
1180 642 1309 717 ejus
1354 643 1427 700 de
1459 642 1582 700 bre·
1637 640 1831 717 logica
1873 640 2162 699 decanum
2226 640 2349 717 egit
2400 638 2464 722 (†
2530 637 2736 723 1472),
2788 643 2916 718 ejus

301 731 494 786 viaria
525 727 613 787 ed.
649 729 780 787 Alb.
825 729 1239 789 Schoenfelder
1276 740 1461 793 1901.
1497 764 1581 773 —-
1637 731 1838 788 tamen
1852 748 2032 804 opera
2046 730 2205 787 haud
2218 748 2406 805 pauca
2420 750 2540 790 non
2563 732 2915 806 prodierunt

295 818 562 876 Joannes
625 817 1070 894 Papaussek
1149 814 1578 900 (Papouschek‚
1637 814 1731 898 (cf.
1766 818 2064 878 Fabricius
2109 818 2207 889 IV,
2261 816 2430 900 549).
2464 852 2551 863 ——-
2583 820 2778 896 Hujus
2822 840 2915 880 so·

301 903 784 988 Papauskonem)
833 907 1225 967 Sobieslaviae
1271 908 1578 978 oriundus,
1636 907 1785 966 dalis
1804 907 2610 968 HenricusKalteisen
2643 905 2740 989 (de
2762 912 2914 970 ferro

297 995 590 1054 carolinae
637 997 1046 1055 universitatis
1096 997 1394 1072 professor
1438 998 1579 1055 Pra-
1635 992 1878 1077 frigido)
1913 996 2105 1072 patria
2135 996 2584 1057 Confluentinus
2634 1019 2791 1057 unus
2844 1019 2912 1058 ex

297 1104 427 1161 gae,
473 1086 767 1161 parochus
814 1086 875 1144 in
922 1087 1103 1162 Teyn.
1152 1086 1389 1144 demum
1441 1085 1577 1145 lito-
1635 1085 1999 1145 doctioribus
2072 1086 2215 1144 viris
2287 1091 2416 1145 erat
2477 1106 2619 1146 suae
2645 1088 2648 1092 ’
2680 1089 2911 1148 aetatis.

302 1174 642 1232 mericensis
718 1176 1094 1251 praepositus
1172 1171 1232 1256 (†
1299 1186 1351 1237 2.
1412 1175 1577 1234 Febr.
1633 1175 1984 1251 Theologiae
2017 1193 2253 1251 operam
2285 1175 2529 1235 dederat
2560 1176 2822 1236 Viennae
2853 1180 2913 1236 et

311 1272 428 1326 145
440 1258 519 1342 5).
554 1282 713 1322 unus
756 1281 825 1321 ex
867 1264 1199 1340 praecipuis
1231 1264 1578 1340 Rokycanae
1634 1263 1918 1333 Coloniae,
1952 1269 2013 1324 et
2044 1265 2107 1323 in
2138 1265 2320 1340 hujus
2341 1265 2598 1325 civitatis
2619 1266 2914 1325 academia

300 1353 577 1411 factionis
600 1356 657 1411 et
681 1353 1162 1428 Utraquistarum
1200 1354 1577 1412 adversarius
1632 1372 1701 1412 ss.
1753 1353 1957 1412 literas
1989 1357 2080 1412 est
2141 1354 2565 1429 interpretatus
2614 1355 2911 1429 simulque

300 1445 458 1499 erat:
493 1441 632 1500 hinc
647 1441 920 1500 exsilium
939 1461 1048 1518 pro
1063 1442 1352 1519 religione
1366 1461 1578 1518 passus
1632 1443 2014 1502 concionibus
2049 1443 2337 1502 habendis
2370 1442 2595 1503 institit
2613 1444 2909 1503 ecclesias-

301 1530 455 1588 illud
469 1531 794 1589 fortissime
823 1531 985 1601 tulit,
1023 1531 1270 1607 ideoque
1288 1532 1362 1589 ab
1380 1534 1579 1590 Aenea
1630 1535 1721 1590 tes
1786 1532 2171 1590 clarissimus.
2235 1532 2563 1607 Inquisitor
2623 1533 2759 1591 fidei
2807 1553 2914 1609 per

302 1619 392 1694 Sy
411 1619 562 1679 lvio
608 1618 917 1679 laudatus:
963 1625 1093 1695 ejus
1124 1624 1321 1678 tamen
1356 1622 1577 1696 scripta
1633 1622 2009 1680 Germaniam
2040 1623 2407 1681 constitutus
2439 1625 2543 1680 est.
2595 1622 2686 1681 Ad
2719 1624 2910 1681 conci·

300 1708 584 1766 videntur
616 1709 905 1768 mansisse
938 1709 1178 1770 inedita.
1217 1744 1304 1752 —
1339 1710 1463 1769 Hoc
1482 1729 1574 1770 ce·
1631 1710 1781 1768 lium
1828 1710 2157 1770 basileense
2217 1730 2265 1768 a.
2322 1721 2475 1774 1431
2546 1715 2790 1770 vocatus
2836 1712 2910 1770 ad

301 1796 631 1856 lebriorest
667 1798 990 1857 Hilarius
1022 1797 1574 1858 Litomericen-
1630 1802 1740 1857 art.
1777 1810 1832 1862 3.
1865 1800 1939 1858 ab
1991 1800 2355 1859 Udalrico
2404 1800 2753 1876 presbytero
2802 1819 2908 1860 no—

301 1886 428 1956 eis,
476 1886 679 1946 doctor
721 1888 1054 1964 theologiae
1085 1888 1382 1947 Bononiae
1414 1907 1574 1947 crea·
1629 1888 1792 1947 mine
1826 1890 2216 1949 Bohemorum
2267 1889 2572 1966 proposito
2623 1891 2694 1948 de
2725 1889 2910 1949 libera

297 1979 401 2033 tus
432 1979 494 2033 et
511 1975 770 2035 decanus
791 1977 1064 2035 ecclesiae
1086 1978 1575 2052 metropolitanae
1628 1979 1797 2036 verbi
1833 1978 1940 2037 Dei
1969 1979 2406 2054 praedicatione
2457 1978 2723 2038 oratione
2770 1998 2906 2055 pro-

299 2065 628 2140 pragensis,
674 2068 735 2123 et
777 2067 1150 2141 temporibus
1197 2066 1318 2124 illis
1362 2068 1575 2125 turbu-
1633 2066 1748 2124 lixa
1778 2086 1885 2143 per
1915 2071 2035 2126 tres
2080 2068 2205 2126 dies
2255 2068 2570 2126 continuos
2602 2068 2909 2143 respondit

300 2153 481 2212 lentis
512 2153 795 2212 dioecesis
844 2154 1292 2214 administrator
1325 2151 1573 2238 (1461),
1632 2153 1816 2236 (apud
1848 2157 2146 2216 canisium
2178 2157 2334 2215 Lect.
2368 2160 2487 2215 ant.
2521 2157 2653 2227 1v2,
2692 2166 2906 2221 628——

299 2242 391 2300 vir
420 2261 691 2320 magnuS,
709 2243 814 2318 qui
827 2246 888 2302 et
902 2244 1245 2320 religionem
1266 2245 1379 2303 sub
1394 2245 1572 2304 Geor·
1635 2257 1757 2308 708
1793 2249 1854 2304 et
1885 2246 2103 2322 passim
2136 2246 2197 2304 in
2231 2246 2380 2306 actis
2401 2242 2584 2326 conc.)
2619 2247 2905 2306 ostendit-

295 2330 395 2407 gio
426 2350 563 2408 rege
586 2332 880 2391 labantem
903 2333 1196 2392 sustinuit
1212 2328 1275 2410 ¹).
1311 2333 1578 2393 Plurima
1630 2354 1763 2410 que,
1815 2356 1850 2393 a
1898 2335 2264 2410 simplicibus
2315 2335 2739 2412 sacerdotibus,
2793 2336 2907 2394 nisi

299 2419 636 2480 doctissima
696 2440 872 2497 opera
931 2422 1156 2497 publici
1199 2421 1355 2497 juris
1416 2422 1573 2492 fecit,
1631 2424 1970 2483 missionem
2005 2425 2313 2500 accipiant,
2359 2425 2703 2483 nullatenus
2737 2443 2905 2501 prae-

298 2527 548 2585 quorum
581 2511 867 2569 nonnulla
899 2511 1216 2569 Cochlaeus
1248 2511 1313 2569 in
1341 2511 1574 2571 Husiti·
1630 2512 1940 2573 dicationis
1982 2512 2241 2574 officium
2286 2532 2412 2572 esse
2464 2514 2905 2574 assumendum.

296 2598 382 2656 cis
412 2604 472 2657 et
503 2599 774 2657 Canisius
818 2600 882 2657 in
915 2601 1181 2676 antiquis
1215 2601 1575 2660 lectionibus
1631 2602 1723 2662 Ab
1775 2602 2045 2679 Eugenio
2094 2602 2192 2663 IV.
2244 2604 2432 2661 factus
2481 2606 2574 2661 est
2622 2602 2908 2680 magister

299 2689 582 2747 referunt.
631 2689 723 2748 Ita
770 2690 899 2765 ejus
946 2691 1266 2766 disputatio
1317 2711 1447 2750 cum
1481 2692 1573 2754 J0.
1631 2711 1673 2750 s,
1707 2693 1917 2768 palatii
1946 2713 1993 2751 a.
2042 2703 2234 2764 14433
2268 2712 2303 2751 a
2334 2693 2572 2751 Nicolao
2595 2692 2655 2754 V.
2688 2693 2907 2751 missus

297 2777 709 2854 Rokycana
753 2774 815 2859 (†
854 2775 1050 2861 1473)
1097 2799 1287 2839 coram
1323 2781 1573 2857 Georgio
1631 2783 1864 2858 legatus
1909 2782 1982 2840 ad
2026 2782 2479 2841 universitatem
2510 2782 2905 2841 lovaniensem

297 2885 435 2941 rege
485 2888 534 2928 a.
577 2877 738 2930 1465
792 2868 1058 2943 quinque
1104 2869 1418 2928 continuos
1450 2869 1574 2928 dies
1629 2875 1691 2929 et
1721 2871 2200 2946 archiepiscopus
2231 2871 2424 2930 dictus
2443 2870 2904 2930 nidrosiensisin

299 2955 533 3025 habita3
569 2957 884 3015 correctior
903 2958 1130 3031 prodiit
1147 2959 1304 3017 notis
1324 2962 1385 3017 et
1404 2978 1573 3034 prae·
1629 2960 1932 3038 Norvegia
1993 2956 2391 3041 (Drontheim)
2436 2980 2486 3018 a.
2550 2970 2730 3023 1452.
2793 2959 2904 3019 Sed

296 3043 517 3104 satione
550 3045 853 3105 illustrata
883 3046 957 3104 ab
974 3047 1241 3105 Adaucto
1263 3047 1440 3124 Voigt
1456 3049 1573 3110 sch.
1628 3068 1762 3108 cum
1813 3069 1933 3108 non
1981 3048 2164 3107 fuerit
2211 3050 2522 3119 admissus,
2573 3048 2768 3108 factus
2818 3053 2909 3109 est

298 3132 617 3211 pi.Pragae
644 3148 655 3194 1
679 3142 908 3204 775;t›·.
925 3144 1127 3194 contra
1138 3138 1448 3215 perfidiam
1462 3139 1571 3195 ali·
1629 3139 2110 3214 archiepiscopus
2172 3138 2574 3200 caesariensis.
2654 3138 2910 3198 Biennio*

296 3241 539 3298 quorum
567 3223 963 3295 Bohemorum,
998 3226 1358 3301 Argentinae
1389 3236 1571 3293 1485,
1629 3230 1768 3286 ante
1800 3232 2055 3286 mortem
2086 3246 2146 3286 se
2178 3229 2402 3303 recepit
2417 3228 2486 3286 ad
2511 3226 2739 3286 sodales
2771 3246 2906 3286 con-

297 3310 531 3388 aliaque
565 3313 854 3387 quaedam
887 3315 1109 3389 scripta
1141 3319 1349 3373 contra
1379 3316 1570 3390 Roky-
1626 3317 1947 3375 fluentinos
1978 3315 2186 3392 ibique
2221 3326 2273 3378 3.
2297 3316 2421 3378 Oct.
2456 3326 2613 3379 1465
2638 3315 2905 3377 decessit.

297 3419 535 3469 canam;
588 3402 919 3461 Sermonem
969 3405 1041 3461 ad
1077 3407 1350 3462 senatum
1381 3422 1571 3479 popu-

299 3490 545 3565 lumque
558 3490 897 3550 Plznensem
919 3489 1187 3573 (Pilsen),
1206 3492 1295 3553 ed.
1310 3491 1574 3550 Millauer

300 3578 519 3655 Pragae
565 3589 742 3643 1820.
798 3581 1118 3656 Postquam
1153 3582 1439 3658 Georgius
1473 3600 1572 3638 rex

298 3687 332 3723 a
365 3667 544 3726 Paulo
575 3668 649 3725 ΙΙ.
696 3668 812 3727 fuit
843 3670 1401 3739 excommunicatus,
1453 3670 1571 3728 for-

297 3756 440 3815 titer
472 3757 640 3816 stetit
674 3777 778 3832 pro
812 3777 985 3818 causa
1016 3760 1303 3818 catholica
1335 3779 1440 3835 per
1461 3760 1573 3818 Bo-

299 3845 552 3904 hemiam
571 3847 806 3905 tuenda.
834 3847 1064 3906 Obiisse
1081 3848 1305 3925 legitur
1323 3859 1357 3911 3
1371 3860 1422 3911 1.
1441 3849 1572 3906 Dec.

307 3943 468 3997 1468
522 3939 583 3993 et
630 3935 869 4010 quidem
909 3956 974 3995 ex
1009 3955 1248 3996 veneno.
1282 3972 1369 3982 —-
1403 3939 1571 3996 Leo·

296 4023 584 4082 nardus
634 4025 1164 4102 Huntpichler
1210 4028 1280 4085 de
1328 4027 1573 4085 Brixen-

298 4111 424 4170 thal
453 4113 517 4170 in
539 4114 722 4173 Tiroli
754 4117 1039 4192 magister
1069 4123 1152 4173 arl
1165 4116 1287 4174 ium
1306 4117 1369 4174 in
1385 4116 1574 4174 facul·

297 4203 424 4260 tate
457 4201 719 4261 Viennae
750 4200 979 4285 (1426)
1011 4204 1357 4263 Aristotelis
1390 4205 1449 4263 ll.
1476 4225 1574 4263 ex-

298 4287 513 4365 posuit.
575 4290 718 4350 Inde
750 4292 1044 4351 Coloniam
1078 4294 1323 4352 transiit
1353 4295 1573 4354 theolo-

293 4379 426 4456 giae
461 4384 775 4439 vacaturus
807 4385 867 4439 et
899 4383 1211 4441 canonicus
1241 4389 1328 4441 est
1363 4384 1573 4443 factus.

297 4470 467 4527 Anno
507 4479 585 4531 14
608 4489 618 4524 ι
639 4481 670 4533 5
724 4489 858 4529 eum
909 4472 1124 4530 iterum
1175 4472 1432 4530 Viennae
1482 4472 1574 4530 in·

298 4557 569 4616 venimus
648 4560 1080 4619 sententiarum
1171 4562 1572 4636 interpretem.

299 4646 441 4705 Post
490 4667 538 4708 a.
599 4658 759 4710 1447
827 4650 1132 4725 ingressus
1179 4655 1266 4709 est
1313 4650 1576 4708 ordinem

1630 3405 1891 3479 Reliquit
1920 3406 2093 3480 plura
2111 3423 2288 3479 opera
2305 3404 2735 3480 manuscripta:
2768 3424 2907 3479 pro-

1629 3493 1747 3551 diit
1774 3497 2010 3552 tantum
2066 3497 2300 3568 praeter
2349 3494 2511 3551 illam
2563 3494 2903 3553 orationem.

1629 3582 1701 3641 de
1764 3601 1886 3657 qua
1946 3600 2143 3657 supra,
2210 3581 2513 3656 Speculum
2590 3578 2908 3640 devotionis

1630 3672 1976 3747 rythmicum
1991 3690 2126 3729 cum
2146 3690 2325 3730 aurea
2345 3669 2566 3728 fabrica
2596 3674 2657 3729 et
2672 3670 2904 3746 gaudiis

1630 3762 1683 3818 b.
1715 3760 1981 3836 Virginis
2013 3760 2078 3817 in
2108 3759 2349 3834 Ephem.
2392 3758 2780 3817 dominicanis
2815 3759 2904 3817 Fr.

1631 3849 1887 3919 Steill,
1944 3848 2214 3925 Dilingae
2272 3857 2437 3911 1692
2491 3867 2544 3922 p.
2583 3856 2905 3910 524—46.

1632 3940 1713 3996 De
1746 3938 1967 3997 inedito
2012 3937 2276 4013 ejusdem
2320 3955 2605 4012 responso
2647 3958 2696 3997 a.
2739 3947 2901 4002 1448

1629 4029 1697 4085 de
1728 4029 2099 4105 indulyentiis
2145 4028 2503 4102 praedicatis
2537 4022 2792 4107 (Leodii)
2837 4028 2905 4085 cf.

1631 4117 1681 4174 N
1688 4162 1700 4173 .
1735 4117 1958 4176 Paulus
1991 4118 2054 4174 in
2086 4116 2305 4174 Ztschr.
2340 4117 2377 4174 f.
2400 4117 2455 4174 k.
2477 4116 2672 4174 Theol.
2695 4115 2905 4173 XXVII

1632 4201 1881 4289 (1903),
1938 4215 2304 4269 368—372.
2337 4240 2424 4250 —-
2456 4206 2693 4264 Tertius
2724 4206 2904 4281 hujus

1630 4296 1857 4355 ordinis
1891 4301 1981 4355 est
2015 4296 2386 4354 Nicolaus
2430 4295 2905 4370 Jacquerius

1629 4386 1824 4460 patria
1867 4386 2257 4453 Divionensis‚
2305 4385 2409 4459 qui
2452 4384 2725 4442 interfuit
2769 4400 2905 4445 con-

1630 4474 1767 4533 cilio
1812 4474 2123 4533 basileensi
2168 4478 2229 4531 et
2273 4493 2318 4530 c.
2372 4484 2533 4535 1450
2583 4472 2904 4548 inquisito-

1630 4581 1757 4621 rem
1789 4563 1925 4621 fidei
1955 4563 2095 4639 egit.
2144 4565 2316 4620 Anno
2362 4573 2518 4624 1466
2562 4562 2783 4621 missus
2816 4565 2908 4619 est

1629 4652 1690 4709 in
1722 4653 2064 4711 Bohemiam
2096 4650 2378 4709 adversus
2410 4651 2671 4719 Husitas‚
2708 4655 2775 4709 ut
2807 4668 2906 4708 eos

1630 4741 1807 4799 verbo
1840 4744 1902 4799 et
1933 4741 2167 4815 scriptis
2198 4739 2271 4797 ad
2304 4741 2518 4798 bonam
2552 4741 2781 4816 frugem
2815 4757 2908 4795 re·

321 4804 348 4887 A,
377 4860 412 4923 ι)
439 4852 522 4909 ος,
572 4853 795 4907 Balbini
835 4855 1108 4909 Bohemia
1148 4856 1314 4911 docta
1345 4857 1574 4920 11‚1,6·2:
1631 4834 1879 4888 vocaret.
1944 4829 2179 4887 Insulas
2230 4828 2411 4886 rediit
2463 4838 2627 4890 1468
2663 4828 2735 4885 ad
2769 4844 2904 4884 con-

296 4923 582 4979 Stauonik
609 4925 762 4995 Allg.
790 4926 844 4979 d.
873 4926 1063 4996 Biogr.
1094 4928 1210 4992 X11,
1239 4932 1361 4984 393.

1632 4920 1830 4978 ciones
1866 4918 2162 4977 habendas
2207 4920 2267 4975 et
2299 4917 2735 4993 poenitentium
2768 4934 2908 4973 con-

2484 5018 2585 5072 29*
