3475 5364
644 340 772 393 379

641 508 706 566 in
741 508 956 567 studiis
1002 507 1382 585 generalibus
1434 507 1752 589 servandas
1787 525 1923 566 con·

1408 324 1782 377 1276—1300.
1811 319 2126 390 Theologia
2152 320 2505 375 scholastica.

3191 334 3321 388 380

2072 516 2215 569 202.
2249 508 2570 566 Innumera
2587 506 2841 581 reliquit
2861 524 3069 583 opera
3097 499 3324 583 (394),

641 596 935 656 stitueret.
969 598 1039 655 In
1070 596 1275 656 eodem
1294 596 1553 672 capitulo
1586 596 1925 655 missionem
1980 599 2049 653 ut
2068 596 2339 655 Labbeus
2360 596 2424 654 in
2444 596 2638 673 elogio
2659 595 2835 665 dicat,
2861 635 2888 665 ,
2904 614 3068 655 eum
3090 592 3323 667 imple-

638 686 715 744 ab
747 705 923 745 onere
943 686 1424 762 provincialatu8‚
1458 685 1616 761 quod
1648 685 1702 744 ei
1734 685 1925 760 impo-

641 776 825 833 situm
857 776 975 834 fuit
994 794 1043 833 a.
1072 784 1258 844 1254,
1283 774 1561 843 obtinuit,
1596 773 1924 833 Coloniam-

643 883 759 939 que
770 866 1045 940 repetens
1066 865 1374 940 antiquam
1390 863 1651 940 regentis
1665 881 1732 921 ac
1748 863 1924 939 primi

641 953 877 1011 lectoris
911 972 1130 1012 munus
1161 952 1502 1029 resumpsit.
1536 953 1672 1011 Non
1704 950 1812 1011 diu
1833 955 1923 1010 ta-

637 1061 778 1100 men
811 1043 866 1100 ei
900 1042 1071 1101 licuit
1102 1042 1222 1099 frui
1253 1042 1487 1118 quiete:
1532 1061 1669 1100 nam
1713 1042 1839 1117 jam
1872 1061 1920 1099 a.

650 1140 813 1194 1260
842 1132 1022 1207 jussu
1054 1131 1373 1190 Alexandri
1404 1131 1500 1189 IV.
1552 1133 1788 1190 coactus
1835 1133 1925 1188 est

636 1220 736 1277 vel
780 1220 1008 1279 invitus
1058 1220 1356 1295 suscipere
1415 1220 1695 1278 ecclesiae
1745 1219 1924 1277 ratis-

638 1308 925 1369 bonensis
941 1309 1224 1385 regimen‚
1254 1309 1411 1384 quod
1428 1308 1737 1367 biennium
1754 1325 1921 1366 sanc-

634 1397 873 1456 tissime
905 1398 1125 1474 gessit3
1180 1398 1283 1456 sed
1328 1398 1702 1456 tumultuum
1748 1397 1921 1456 belli·

634 1504 859 1556 corum,
912 1487 1133 1564 quibus
1180 1490 1328 1545 tunc
1393 1487 1602 1545 aetatis
1665 1485 1921 1563 episcopi

636 1576 989 1635 Germaniae
1036 1574 1494 1634 involvebantur
1537 1579 1597 1633 et
1641 1579 1924 1652 ,propter

636 1665 836 1741 gentis
868 1665 1225 1741 proterviam
1249 1670 1311 1723 et
1325 1664 1530 1741 populi
1551 1665 1874 1722 vanitatem
1891 1672 1919 1701 ‘

641 1757 949 1828 pertaesus
983 1754 1199 1828 pedum
1220 1754 1513 1829 pastorale
1530 1753 1690 1811 inter
1708 1772 1921 1811 manus

643 1842 865 1901 Urbani
886 1842 981 1901 IV.
1018 1842 1362 1919 resignavit,
1398 1861 1679 1917 suamque
1712 1842 1922 1901 cellam

640 1932 879 2008 repetiit
914 1930 1414 2001 coloniensem‚ut
1429 1935 1623 1990 totum
1658 1949 1720 1989 se
1753 1931 1923 1989 daret

558 2039 565 2046 ·
640 2021 868 2079 scholae
901 2021 1193 2079 sodalium
1241 2020 1534 2094 librisque
1575 2020 1920 2078 scribendis.

635 2108 908 2177 Quietem
973 2118 1171 2168 tamen
1233 2109 1375 2167 adeo
1417 2113 1753 2185 exoptatam
1803 2128 1921 2167 non

634 2199 873 2274 reperit.
928 2198 1209 2257 Videmus
1241 2199 1397 2257 em'm
1430 2198 1608 2257 variis
1642 2217 1778 2256 eum
1810 2198 1921 2256 im-

640 2287 916 2362 plicitum
978 2287 1236 2364 negotiis
1299 2288 1599 2364 gravibus,
1653 2306 1920 2362 quaqua-

618 2394 853 2435 versus
870 2377 1142 2435 ecclesias
1158 2382 1220 2435 et
1234 2377 1314 2435 alt
1323 2377 1445 2435 aria
1460 2381 1916 2434 consecrantem:

637 2466 987 2529 nominatim
1020 2485 1157 2524 vero
1191 2466 1461 2524 Urbanus
1481 2465 1578 2533 IV,
1613 2466 1784 2539 cujus
1805 2465 1920 2523 sal-

637 2560 760 2612 tem
804 2563 876 2618 18
901 2552 1227 2613 exst-ant'ad
1250 2572 1386 2613 eum
1406 2554 1706 2629 epistolae,
1728 2554 1918 2611 eidem

638 2643 936 2722 commisit
950 2643 1264 2721 legationis
1281 2642 1536 2703 officium
1554 2661 1687 2703 cum
1704 2643 1921 2720 amplis

636 2732 1025 2791 facultatibus
1088 2733 1151 2790 in
1212 2733 1579 2802 Alemannis,
1643 2733 1923 2792 Bohemia

640 2821 966 2896 ceterisque
1031 2822 1194 2890 locis,
1258 2821 1322 2879 in
1371 2826 1663 2897 quantum
1715 2822 1922 2897 lingua

638 2911 942 2969 teutonica
972 2929 1034 2968 se
1054 2910 1337 2979 extendit,
1369 2911 1441 2968 ad
1472 2910 1921 2986 praedicandam

638 3018 875 3058 crucem
936 3018 1043 3076 pro
1106 3005 1296 3058 terrae
1346 3003 1583 3058 sanctae
1634 2999 1918 3072 subsidio.

641 3088 866 3147 Audita
897 3091 1084 3146 morte
1115 3088 1368 3147 Thomae
1402 3093 1508 3163 Aq.
1543 3088 1922 3147 dilectissimi

640 3179 738 3236 sui
755 3176 1048 3252 discipuli,
1068 3195 1245 3251 quem
1267 3180 1483 3236 summi
1505 3196 1735 3253 semper
1763 3177 1919 3246 fecit,

642 3265 901 3324 indoluit
920 3285 1096 3340 quam
1117 3267 1385 3336 maxime,
1404 3269 1465 3325 et
1478 3266 1685 3325 audito
1700 3266 1921 3324 nuncio

641 3355 880 3414 Parisiis
911 3357 1039 3430 ejus
1073 3355 1400 3414 doctrinam
1428 3356 1788 3431 impugnari,
1810 3356 1921 3413 etsi

638 3463 816 3503 senex
850 3445 994 3502 illuc
1025 3444 1321 3520 profectus
1353 3449 1448 3504 est
1478 3444 1552 3503 ad
1583 3463 1710 3503 eam
1742 3448 1919 3502 tuen-

640 3534 797 3592 dam.
849 3534 1065 3592 Tribus
1085 3534 1334 3591 >circiter
1362 3537 1498 3592 ante
1531 3527 1780 3592 niortem
1815 3552 1920 3591 an·

634 3623 733 3681 nis
767 3623 1083 3681 memoriae
1127 3623 1361 3698 lapsum
1411 3622 1731 3680 incurrisse
1778 3622 1920 3681 dici-

636 3719 741 3774 tur
773 3712 924 3770 circa
944 3711 1328 3788 scientiarum
1346 3712 1591 3786 objecta,
1617 3711 1701 3768 ita
1720 3714 1922 3770 tamen

639 3805 711 3859 ut
743 3802 803 3858 in
834 3801 1058 3859 divinis
1090 3819 1156 3859 ac
1186 3800 1562 3876 regularibus
1596 3799 1806 3859 officiis
1829 3801 1921 3858 sui

640 3909 869 3965 semper
901 3907 1137 3965 compos
1189 3891 1475 3948 manserit
1522 3892 1583 3948 et
1629 3888 1920 3947 sodalium

640 3979 970 4053 exemplum
1005 3979 1080 4037 ad
1112 3978 1395 4037 ultimum
1412 3997 1604 4053 usque
1638 3979 1920 4053 spiritum

631 4067 934 4126 exstiterit
952 4062 1012 4146 (†
1037 4068 1288 4130 15.Nov.
1317 4077 1476 4131 1280
1497 4087 1545 4125 a.
1563 4068 1774 4126 aetatis
1793 4063 1919 4147 87).

639 4157 729 4214 Ob
752 4156 1047 4215 virtutum
1064 4156 1440 4231 splendorem
1460 4158 1734 4232 vitaeque
1755 4174 1920 4214 sanc·

638 4246 872 4303 titatem
905 4246 1099 4321 coepit
1128 4245 1240 4304 coli
1272 4246 1628 4304 Ratisbonae
1660 4250 1722 4304 et
1754 4244 1920 4304 Colo-

637 4335 788 4393 niae.
837 4353 1014 4410 quem
1062 4335 1290 4393 cultum
1326 4335 1505 4394 Roma
1554 4335 1831 4410 probavit
1863 4337 1923 4392 et

640 4423 905 4482 Clemens
938 4424 1002 4483 X.
1035 4424 1150 4482 toti
1183 4423 1375 4483 ordini
1408 4425 1677 4501 permisit
1692 4420 1756 4504 ¹).

1978 686 2132 745 visse
2180 685 2379 744 orbem
2426 685 2788 761 octingentis
2835 682 3326 750 voluminibus,

1979 774 2121 833 satis
2151 793 2341 832 unum
2374 774 2652 833 omnibus
2683 773 3090 833 bibliothecis
3107 780 3165 828 ‘.
3238 770 3328 829 Ea

1979 862 2207 922 distant
2225 862 2466 938 quidem
2488 863 2648 939 quod
2672 863 3014 940 ingenium,
3044 860 3328 920 clarita-

1977 956 2116 1019 tem,
2153 952 2444 1011 concisam
2493 951 2840 1011 methodum
2890 954 3216 1027 spectant
3247 949 3326 1007 ab

1978 1041 2258 1116 operibus
2313 1041 2407 1099 sui
2452 1040 2732 1117 discipuli
2772 1059 2814 1099 s.
2851 1041 3228 1099 'rhomae
3261 1044 3328 1098 et

1979 1130 2410 1189 Alexandri
2450 1129 2734 1197 halensiS,
2770 1129 2872 1188 sed
2905 1128 3325 1188 eruditionis

1977 1218 2375 1294 amplitudine
2396 1219 2681 1278 Albertus
2716 1219 2818 1277 hos
2851 1219 3070 1277 vincit.
3117 1219 3323 1278 Prae-

1977 1309 2219 1383 cipuum
2251 1309 2379 1382 ejus
2425 1309 2707 1367 meritum
2751 1308 3038 1367 consistit
3099 1307 3182 1365 in
3219 1324 3321 1364 re·

1979 1397 2334 1474 purgatione
2409 1397 2815 1473 philosophiae
2872 1396 3318 1455 aristotelicae

1977 1487 2222 1561 ejusque
2254 1486 2630 1562 adaptatione
2677 1485 2751 1544 ad
2794 1504 2943 1544 usus
2981 1485 3314 1562 theologi-

1978 1593 2074 1634 cos
2092 1572 2154 1655 ¹).
2221 1575 2474 1634 Collecta
2504 1574 2857 1650 prodierunt
2896 1594 3092 1650 opera
3151 1594 3314 1632 cura

1976 1663 2214 1739 Jammy
2248 1664 2438 1723 multo
2458 1664 2700 1740 quidem
2720 1664 2938 1731 labore,
2978 1665 3090 1723 sed
3116 1662 3306 1722 nullo

1977 1752 2212 1812 criterio
2245 1753 2573 1812 secundum
2615 1754 2684 1812 N.
2719 1753 3076 1818 Alexander,
3117 1754 3303 1829 Lug·

1975 1842 2125 1901 duni
2155 1846 2391 1905 16511..
2418 1851 2491 1905 21
2533 1844 2597 1900 in
2619 1840 2675 1910 f„
2709 1861 2859 1917 quae
2892 1842 2985 1901 ed.
3021 1843 3302 1918 insuper

1977 1930 2292 1989 admodum
2339 1933 2428 1989 est
2477 1931 2758 1990 mendosa
2807 1935 2868 1989 et
2927 1930 3297 1989 arbitrariis

1978 2020 2443 2079 correctionibus
2462 2019 2711 2089 foedata,
2746 2038 2940 2095 neque
2961 2021 3098 2079 ulla
3119 2020 3196 2078 in
3219 2038 3294 2077 ea

1977 2109 2321 2168 instituitur
2335 2108 2676 2184 disquisitio
2699 2109 2902 2167 critica
2923 2108 3003 2168 de
3018 2128 3286 2185 operum

1976 2198 2367 2274 genuinitate.
2432 2197 2649 2273 Aliqua
2678 2198 2857 2256 etiam
2890 2217 3075 2274 opera
3109 2197 3286 2257 desi-

1977 2286 2280 2346 derantur.
2345 2287 2514 2345 Nova
2563 2287 2745 2347 editio
2794 2287 3039 2364 prodire
3071 2287 3280 2363 coepit

1979 2376 2135 2452 apud
2172 2375 2344 2435 Vives
2375 2375 2617 2435 Parisiis
2658 2385 2824 2440 1890
2857 2379 2900 2433 t.
2938 2386 3040 2439 38.
3085 2377 3276 2437 Prae·

1977 2669 2044 2722 de.
2090 2669 2131 2722 L
2150 2687 2226 2725 oe
2270 2667 2332 2724 Ο.
2378 2668 2575 2725 Praed.
2615 2669 2678 2724 in
2722 2669 2887 2724 Anal.
2941 2670 3081 2726 boll.
3139 2668 3266 2724 XIX

1977 2745 2176 2810 (1900),
2205 2747 2505 2806 257-284,
2535 2741 2637 2810 qui
2657 2743 2734 2796 ib.
2761 2742 2860 2795 XX
2886 2746 3088 2812 (1901),
3140 2746 3269 2799 273·

1977 2819 2080 2868 316
2108 2815 2329 2882 regesta
2355 2813 2586 2868 exhibet
2630 2815 2681 2873 b,
2710 2813 2934 2867 Alberti
2973 2815 3013 2869 i.
3041 2832 3087 2868 e.
3117 2813 3268 2867 indi·

1976 2900 2097 2936 cem
2118 2884 2589 2954 chronologicum
2604 2884 2863 2937 omnium
2881 2901 3098 2948 eorum,
3116 2901 3265 2953 quae

1976 2955 2048 3007 ad
2095 2957 2218 3023 ejus
2262 2955 2439 3009 vitam
2492 2959 2550 3009 et
2593 2959 2753 3026 gesta
2779 2959 3072 3024 spectant:
3118 2956 3266 3017 XXI,

1976 3031 2257 3083 361—371
2287 3043 2461 3097 opera
2485 3027 2740 3096 ejusdem
2768 3027 2941 3092 edita,
2968 3031 3029 3081 et
3046 3028 3264 3081 inedita

1976 3100 2041 3169 (c.
2069 3103 2212 3170 394),
2238 3097 2493 3166 genuina
2519 3102 2578 3151 et
2602 3098 2780 3152 dubia
2821 3102 3084 3152 recenset

1978 3173 2150 3223 eunte
2203 3168 2508 3223 Melchiore
2555 3168 2757 3233 Weiss,
2823 3169 2928 3238 qui
2990 3169 3265 3241 diligenti

1976 3257 2112 3293 cura
2163 3244 2220 3294 et
2270 3240 2460 3294 labore
2511 3240 2672 3294 dedit
2722 3240 3040 3323 primordia
3083 3258 3262 3296 novae

1979 3311 2436 3381 bibliographiae
2453 3312 2505 3366 b.
2520 3311 2740 3366 Alberti
2758 3312 2848 3376 M„
2875 3312 3109 3366 Parisiis
3127 3317 3263 3370 1898

1976 3385 2033 3434 et
2049 3383 2172 3451 jrim
2203 3384 2358 3451 prius
2375 3382 2644 3436 disseruit
2673 3385 2813 3439 Uber
2828 3384 3262 3454 mariologische

1974 3453 2258 3508 Schriften
2287 3454 2383 3508 des
2424 3472 2464 3509 s.
2491 3454 2776 3519 Alhertus,
2820 3455 3083 3524 Freising
3111 3460 3260 3513 1898

1976 3525 2220 3578 Michael
2247 3526 2447 3580 Gesch.
2488 3525 2586 3579 des
2627 3526 2683 3579 d.
2710 3525 2776 3578 V.
2803 3527 2901 3591 ΙΙΙ,
2927 3531 3186 3584 63-123
3211 3533 3260 3580 et

1975 3596 2184 3650 Ztschr.
2213 3597 2251 3651 f.
2281 3596 2334 3656 k,
2371 3596 2567 3651 Theol.
2595 3596 2750 3651 XXV
2780 3601 2979 3668 (1901),
3019 3603 3257 3656 37—68:

1979 3672 2290 3728 181—2083
2319 3671 2619 3724 735-738.

2057 3745 2091 3810 ¹)
2119 3740 2405 3793 Scheeben
2433 3739 2657 3793 Handb.
2686 3739 2721 3794 l.
2751 3746 2776 3796 1
2810 3759 2866 3793 n.
2897 3746 3070 3798 1055:
3100 3740 3259 3795 Scine

1977 3810 2412 3864 fundamentale
2464 3808 2807 3881 Bedeutung
2857 3811 3004 3882 liegt
3053 3811 3118 3865 in
3169 3812 3262 3864 der

1977 3882 2159 3935 durch
2187 3880 2290 3935 ihn
2319 3880 2697 3953 vollzogenen
2725 3882 3134 3940 Restauration
3169 3882 3261 3937 der

1976 3952 2434 4006 aristotelischen
2461 3951 2847 4022 Philosophie‚
2893 3955 3169 4009 wahrend
3207 3971 3260 4008 er

1976 4023 2061 4077 als
2088 4023 2393 4092 Theologe‚
2434 4025 2800 4086 namentlich
2831 4043 2946 4078 was
2988 4025 3258 4096 theologi·

1976 4096 2104 4149 sche
2133 4094 2454 4158 Erudition,
2482 4095 2830 4163 Systematik
2858 4097 2980 4150 und
3008 4095 3259 4151 Klarheit

1978 4166 2207 4233 betrifft,
2260 4166 2452 4220 hinter
2499 4167 2819 4221 Alexander
2868 4167 3260 4224 z'urilckbleibt

1976 4238 2095 4291 und
2127 4255 2237 4291 von
2264 4237 2510 4292 Thomas
2538 4238 2675 4293 weit
2699 4240 2965 4294 fiberholt
2993 4241 3158 4297 wird.
3184 4239 3259 4294 Cf.

1977 4309 2242 4379 Hertling
2270 4309 2408 4362 KLv.
2437 4311 2476 4374 1,
2504 4315 2640 4369 414:
2688 4310 2920 4379 bighart
2945 4313 3014 4367 A.
3045 4311 3118 4366 M.
3146 4311 3260 4365 sein

1977 4379 2165 4434 Leben
2206 4380 2326 4433 und
2368 4381 2522 4435 seine
2548 4380 2980 4444 Wissenschaffl
3025 4383 3261 4454 Regens·

1975 4451 2123 4520 burg
2141 4457 2276 4509 1857
2297 4475 2307 4512 ;
2329 4452 2478 4504 Bach
2498 4454 2564 4507 A.
2582 4453 2674 4518 M„
2693 4452 2986 4507 Monachii
3003 4458 3148 4511 1880
3162 4457 3259 4508 etc.

1977 4522 2162 4576 Ritter
2189 4524 2386 4578 Gesch.
2406 4524 2505 4576 der
2531 4524 2748 4578 christl.
2776 4523 2922 4580 Phil.
2951 4524 3050 4588 IV,
3080 4530 3181 4582 185
3202 4543 3257 4579 a:

1978 4593 2104 4647 wir
2131 4600 2356 4648 mflssen
2372 4612 2482 4648 uns
2495 4596 2787 4664 gestehen,
2806 4596 2939 4651 dass
2953 4597 3155 4652 Albert
3168 4596 3256 4651 der

720 4673 727 4702 ¹
747 4689 751 4700 «
773 4665 1138 4718 Abstinemus
1155 4681 1187 4716 a
1204 4665 1561 4719 recensendis
1577 4665 1919 4726 auctoribus,
1979 4666 2041 4719 G.
2071 4666 2195 4719 eine
2216 4667 2476 4735 Aufgabe
2492 4666 2677 4734 gelost
2700 4668 2818 4732 hat,
2846 4667 3023 4721 deren
3039 4668 3255 4737 Lcsuug

639 4737 739 4805 qui
781 4737 849 4789 (le
892 4737 941 4791 b.
971 4736 1202 4790 Alberto
1243 4735 1591 4805 scripserint,
1635 4753 1762 4790 cum
1808 4736 1925 4790 sint
1979 4753 2110 4790 man
2138 4737 2313 4790 kaum
2335 4753 2449 4790 von
2465 4735 2651 4791 einem
2668 4738 2973 4792 Menschen
2988 4743 3250 4793 erwarten

638 4808 922 4861 innumeri
970 4823 1178 4875 eosque
1237 4825 1304 4861 ex
1368 4808 1566 4861 ordine
1617 4808 1925 4876 diligenter
1979 4809 2218 4863 m'ochte.
2249 4809 2374 4861 Alle
2402 4811 2624 4878 spatere
2643 4808 3012 4879 philosophie
3028 4810 3248 4866 desMA.

638 4883 973 4933 enumerent
1002 4879 1041 4932 P
1059 4897 1089 4933 o
1109 4880 1223 4932 tth
1241 4897 1267 4932 a
1290 4883 1353 4932 st
1381 4896 1434 4947 p.
1466 4883 1603 4935 1148
1631 4883 1688 4932 et
1708 4880 1925 4934 Paulus
1979 4881 2118 4933 ruht
2142 4880 2248 4933 auf
2270 4880 2466 4934 seinen
2496 4881 2778 4950 Erfolgen.
