3475 5364
658 375 735 426 65
759 377 772 426 ι
936 361 1068 412 1351
1096 360 1302 411 -1375,
1332 353 1583 408 Historia
1610 353 1745 407 eccl.
1773 353 2101 407 Franciscus
2129 351 2311 422 prag..
2342 353 2634 406 :li-nestas,
2666 352 2861 404 Mutus
2891 357 3015 405 etc.
3175 367 3281 417 ⁰352

653 546 839 600 tatam
874 548 1181 617 tamquam
1213 543 1718 602 continuationem
1766 543 1934 601 chro·
2002 549 2181 604 1880.
2228 539 2374 608 LXI,
2435 548 2801 604 289—586.
2866 538 3285 598 collectionem

654 631 770 690 nici
802 631 1048 691 boemici
1080 632 1282 690 Cosm
1302 651 1378 689 ae
1409 633 1715 708 pragensis
1749 631 1844 710 (cf.
1879 650 1933 706 p.
1994 648 2232 705 quoque
2279 646 2576 688 canonum
2610 629 2998 688 concinnavit
3013 626 3067 705 ¹)
3120 633 3285 700 atquc

658 716 787 790 48),
839 720 931 780 Jo.
981 723 1133 796 Aug.
1184 722 1423 797 Kneysl‚
1476 721 1698 797 Pragae
1741 731 1934 788 17543
1993 719 2055 777 in
2087 718 2314 795 synodo
2346 719 2627 795 pragensi
2676 739 2724 776 a.
2770 728 2837 779 1³
2853 727 2937 779 49
2992 715 3288 793 promuls-

655 810 849 868 Pelzel
893 814 956 869 et
987 810 1347 886 Dobrowsky
1395 811 1553 868 inter
1582 811 1790 887 Script.
1825 829 1934 867 rer.
1993 808 2177 885 gavit,
2213 827 2393 883 quam
2429 808 2607 866 habes
2638 807 2704 865 in
2736 806 2932 865 Mansi
2966 805 3109 865 coll.
3144 822 3287 862 conc.

655 899 842 958 boem-
874 899 950 968 11,
993 909 1244 961 1-196
1280 898 1538 957 fideliter
1557 901 1625 958 ad
1651 899 1775 957 cod.
1798 918 1934 974 pra·
1993 897 2195 966 XXVI,
2235 906 2535 961 75—-106
2571 901 2631 954 et
2656 897 2877 954 iterum
2915 904 3287 958 382—412.

655 1007 893 1064 gensem
928 1007 1293 1064 expressam3
1328 988 1526 1046 Emler
1556 990 1715 1046 inter
1746 988 1937 1046 fontes
1992 1020 2080 1031 --
2156 986 2500 1063 Neplach
2591 985 2773 1044 abbas
2850 984 3290 1060 opatovicensis

655 1096 764 1134 rer.
798 1077 929 1136 boh.
962 1085 1141 1140 1884.
1172 1077 1268 1146 IV,
1306 1086 1653 1141 347—456
1687 1080 1797 1135 etc.
1832 1078 1932 1135 In·
1993 1074 2052 1156 (†
2094 1075 2287 1155 1368)
2342 1075 2676 1151 composuit
2718 1075 3067 1132 chronicam
3115 1073 3287 1132 Bolec-

655 1167 871 1225 nititnr
932 1167 1042 1225 hoc
1101 1166 1418 1226 chronicon
1478 1168 1695 1226 celebri
1775 1167 1936 1242 operi
1995 1167 2149 1223 miae
2180 1184 2287 1223 seu
2321 1164 2689 1224 Summulam
2712 1164 3032 1222 chronicae
3054 1167 3288 1221 tamre-

659 1255 982 1314 Chrom’con
1042 1257 1234 1314 Aulac
1293 1258 1486 1332 reqiae
1545 1256 1606 1314 ll.
1675 1267 1709 1318 3
1761 1257 1834 1314 ab
1886 1275 1936 1313 a.
1995 1273 2203 1313 manae
2253 1273 2433 1329 quam
2485 1253 2822 1312 bohemicae
2869 1274 2908 1311 a
2956 1252 3105 1311 chr.
3136 1270 3192 1310 11.
3226 1250 3288 1309 ad

664 1353 1096 1408 1253—1353
1131 1364 1235 1403 seu
1268 1345 1373 1403 Die
1407 1346 1795 1422 Konigsaaler
1826 1345 1935 1403 Ge·
1995 1363 2044 1402 a.
2088 1352 2273 1412 1348,
2327 1342 2483 1419 apud
2536 1343 2645 1401 Pez
2678 1342 2773 1400 SS.
2808 1360 2921 1399 rer.
2968 1346 3169 1399 austr.
3221 1338 3289 1397 ΙΙ.

657 1434 1171 1508 schichtsquellen,
1223 1433 1381 1509 quod
1412 1433 1595 1493 fontis
1627 1435 1817 1493 instar
1845 1436 1940 1492 est
2004 1443 2377 1496 1005—42:
2410 1432 2605 1491 Emler
2637 1431 2739 1498 ΙΙΙ,
2777 1439 3117 1493 451-84,

657 1541 762 1596 pro
794 1523 1037 1581 historia
1065 1523 1386 1592 bohemica,
1421 1523 1492 1580 de
1524 1543 1642 1598 quo
1665 1525 1734 1582 cf.
1760 1542 1939 1598 supra

655 1632 709 1687 p.
749 1621 889 1674 589.
951 1612 1034 1670 Ex
1085 1611 1364 1671 mandato
1408 1612 1658 1671 Joannis
1698 1613 1797 1675 IV.
1842 1631 1936 1671 ar·
2088 1620 2231 1673 332.
2264 1611 2334 1668 In
2372 1610 2547 1669 Italia
2597 1609 2974 1686 sagacius
3029 1608 3287 1666 Mutus

657 1701 1005 1776 chiepiscopi
1036 1701 1381 1759 Franciscus
1406 1704 1753 1761 retractavit
1784 1701 1937 1759 illud
1994 1700 2065 1758 de
2098 1700 2317 1759 Gazata
2350 1696 2528 1780 (Muti
2566 1698 2727 1757 della
2757 1695 3007 1773 Gazata)
3046 1716 3207 1755 unus
3223 1715 3283 1754 ex

656 1791 899 1866 ejusque
959 1790 1125 1848 labor
1184 1790 1369 1849 codici
1418 1791 1620 1849 illatus
1672 1795 1781 1860 est,
1833 1790 1937 1864 qui
1994 1788 2225 1847 civibus
2255 1788 2554 1864 primariis
2587 1787 2965 1864 regiensibus
3012 1785 3084 1866 (†
3128 1796 3283 1847 1353

655 1878 1156 1954 complectebatur
1203 1880 1446 1954 capituli
1495 1881 1831 1939 chronicam
1864 1879 1938 1937 ad
1993 1898 2041 1936 a.
2058 1878 2271 1937 aetatis
2290 1874 2657 1958 91)scripait
2688 1877 2999 1934 chronicon
3032 1877 3281 1952 reqicase

655 1988 703 2025 a.
729 1977 913 2036 1283,
945 1969 1104 2028 unde
1124 1968 1263 2027 haec
1284 1969 1719 2028 habeturvelut
1740 1987 1876 2045 pars
1892 1969 1935 2025 Ι.
1994 1967 2067 2026 ab
2100 1987 2151 2029 a.
2193 1979 2212 2029 1
2239 1975 2659 2033 167—1303;
2693 1965 2853 2041 quod
2885 1964 2963 2023 ab
2994 1985 3044 2023 a.
3095 1973 3281 2026 1303-

655 2057 961 2116 chronicae
993 2059 1316 2134 pragensiS,
1364 2058 1703 2134 compilatio
1749 2058 1936 2116 veluti
2003 2066 2168 2120 1353
2232 2056 2607 2114 continuavit
2667 2055 3106 2131 Sagacinus
3170 2053 3277 2112 Le·

656 2165 792 2221 pars
825 2142 1157 2226 secundal).
1207 2148 1447 2205 Prostat
1475 2148 1780 2206 chronicon
1812 2149 1938 2205 Au·
1995 2145 2314 2212 valossi‚
2362 2144 2580 2202 nobilis
2626 2144 2911 2220 regiensis
2958 2138 3022 2224 (†
3064 2141 3280 2216 1357):

655 2237 745 2293 lac
776 2238 964 2312 reyiac
992 2237 1292 2312 integrum
1326 2236 1387 2294 in
1419 2237 1656 2295 Dobner
1677 2238 1936 2295 Monum.
1993 2235 2222 2309 reliqua
2254 2234 2325 2292 ad
2371 2254 2421 2292 a.
2463 2243 2629 2298 1398
2679 2233 2897 2309 adjecit·
2941 2232 3111 2290 illius
3158 2249 3279 2306 pro·

654 2324 721 2392 V,
768 2335 1097 2394 19—5013
1138 2325 1252 2384 sub
1285 2325 1523 2384 nomine
1571 2326 1784 2384 Petri
1818 2325 1936 2383 Zit-
1993 2341 2177 2399 nepos
2241 2324 2519 2381 Petrus
2581 2323 2835 2381 Mutus
2907 2321 2985 2379 de
3047 2321 3279 2384 (ἔπεια,

652 2414 933 2472 taviensis
981 2415 1137 2472 inter
1181 2414 1304 2473 Jos.
1352 2415 1552 2472 Emler
1597 2415 1813 2473 Fontes
1843 2435 1936 2472 re·
1993 2417 2199 2488 postea
2230 2413 2555 2471 monachus
2585 2411 2744 2471 inter
2776 2410 3199 2470 Benedictinos
3227 2417 3279 2466 et

653 2522 786 2560 rum
819 2503 951 2562 boh.
996 2511 1176 2566 1884.
1199 2503 1296 2570 1v‚
1325 2513 1601 2566 3—337.
1635 2537 1721 2547 --
1756 2504 1936 2562 Aliud
1995 2521 2039 2559 s.
2072 2501 2344 2577 Prosperi
2362 2501 2650 2577 regiensis
2670 2501 2852 2559 abbas
2874 2497 3125 2582 (1363),
3148 2498 3279 2557 sub-

652 2592 956 2651 chrom'con
971 2592 1316 2651 bohemicum
1340 2592 1605 2651 condidit
1624 2594 1673 2651 Κ
1693 2593 1938 2651 rabice
1993 2591 2275 2650 collector
2333 2590 2694 2666 apostolicus
2763 2590 2839 2648 ab
2904 2588 3147 2647 Urbano
3212 2584 3277 2643 vl

652 2681 1068 2740 Benessius
1100 2681 1172 2739 de
1202 2681 1551 2742 Waitmuele
1582 2682 1936 2742 archidiaco-
1995 2681 2188 2740 factus
2220 2685 2283 2739 et
2314 2680 2555 2758 Ugolini
2585 2680 2844 2757 episcopi
2876 2678 3167 2755 regiensis
3197 2677 3273 2733 vi·

653 2789 767 2830 nus
817 2771 1137 2830 zatecensis
1182 2776 1242 2829 et
1304 2773 1609 2847 pragensis
1661 2773 1937 2831 ecclesiae
1994 2771 2189 2829 carius
2220 2770 2514 2847 generalis
2547 2765 2611 2852 (†
2657 2766 2863 2849 1414).
2926 2768 3071 2826 Cum
3106 2765 3275 2826 codex

652 2861 968 2918 canonicus
1020 2857 1081 2939 (†
1118 2869 1214 2921 27.
1247 2859 1370 2918 Jul.
1415 2858 1604 2941 1375)
1656 2861 1716 2918 ll.
1774 2872 1827 2922 4.
1862 2863 1937 2920 ab
1992 2862 2149 2919 esset
2223 2859 2537 2918 admodum
2615 2859 2931 2927 laceratus,
2997 2855 3273 2915 Muratori

652 2968 700 3005 a.
746 2956 1107 3018 1283—74‚
1154 2968 1275 3024 qua
1304 2950 1567 3018 historia,
1614 2954 1767 3009 teste
1800 2951 1936 3009 Bal·
1992 2952 2230 3007 tantum
2262 2948 2537 3023 publicae
2556 2947 2676 3007 luci
2698 2948 2863 3006 dedit
2892 2948 3025 3022 ejus
3054 2956 3273 3021 partem

652 3037 809 3105 bino,
842 3037 1326 3105 1111ιί1111αείτὶ113,
1353 3038 1500 3096 nihil
1524 3040 1703 3097 etiam
1734 3040 1937 3098 verius
1992 3038 2066 3096 ab
2100 3058 2149 3096 a.
2194 3045 2625 3101 1272—1388
2660 3036 2869 3106 XVIII,
2929 3046 3164 3099 5—98.
3198 3067 3271 3076 -

652 3144 778 3185 esse
810 3130 1020 3202 potest.
1054 3127 1137 3184 Ea
1168 3130 1404 3202 recepta
1435 3128 1551 3186 fuit
1582 3149 1616 3187 a
1646 3129 1842 3187 Pelzel
1874 3132 1937 3187 et
1992 3126 2031 3184 J
2048 3145 2333 3186 oannes
2377 3125 2449 3185 de
2482 3126 2920 3185 Cornazano
2968 3121 3271 3206 (Cot-naza·

652 3215 1014 3291 Dobrowsky
1073 3216 1232 3274 inter
1281 3216 1377 3274 SS.
1425 3236 1623 3276 rerum
1674 3218 1807 3277 boh.
1857 3219 1932 3287 ΙΙ,
1992 3214 2113 3294 nis)
2149 3215 2213 3274 Ο.
2247 3215 2451 3274 Praed.
2503 3216 2750 3291 reliquit
2797 3216 3133 3273 chronicam
3178 3212 3268 3270 ab·

659 3313 1021 3374 199—424,
1073 3308 1136 3363 et
1178 3305 1336 3363 inter
1384 3306 1577 3365 fontes
1640 3326 1749 3365 rer.
1802 3307 1932 3365 boh.
1991 3305 2306 3364 breviatam
2355 3301 2778 3387 (parmensem)
2826 3304 2901 3362 ab
2932 3324 2981 3361 a.
3027 3313 3271 3366 1085-

664 3394 968 3461 1884.1v‚
1021 3403 1385 3458 460-548,
1429 3429 1500 3439 -
1541 3399 1935 3456 Arnostus
2004 3404 2185 3464 1355,
2235 3412 2385 3469 quae
2431 3394 2656 3469 prodiit
2702 3388 3077 3475 (continuata
3122 3391 3195 3450 ad
3224 3410 3266 3447 a.

649 3483 1122 3559 archiepiscopus
1196 3485 1501 3559 pragensis
1581 3480 1644 3565 (†
1719 3480 1931 3565 1364),
2003 3479 2194 3564 1399)
2227 3485 2294 3541 in
2324 3483 2726 3542 Monumentis
2763 3483 2901 3541 hist.
2934 3482 3006 3541 ad
3041 3481 3268 3557 provin-

649 3574 820 3648 cujus
840 3576 1023 3632 vitam
1046 3573 1355 3649 descripsit
1387 3573 1724 3631 Guilelm
1746 3593 1831 3633 us
1861 3574 1933 3633 de
1990 3573 2135 3631 ciam
2214 3590 2586 3649 parmensem
2682 3571 3094 3647 spectantibus
3170 3569 3265 3627 111.

649 3663 1000 3722 Lestkow
1060 3662 1539 3738 wissegradensis
1591 3660 1930 3744 (1668111183),
1993 3671 2332 3732 355-99;
2378 3661 2575 3720 italice
2625 3660 2861 3720 reddita
2889 3659 3050 3737 apud
3080 3660 3265 3717 Mura-

648 3752 888 3829 collegit
967 3752 1423 3827 Cancellariam,
1522 3752 1931 3821 Formelbuch,
1988 3751 2103 3810 tori
2148 3751 2308 3809 inter
2358 3770 2467 3809 rer.
2518 3751 2581 3809 it.
2635 3749 2731 3809 SS.
2766 3750 2895 3819 XII,
2952 3759 3264 3812 729—54.

647 3860 797 3916 quae
829 3841 1243 3916 complectitur
1274 3860 1363 3917 ep.
1402 3851 1545 3905 345.
1579 3842 1932 3917 plerumque
1990 3840 2111 3899 scil.
2171 3842 2246 3899 ab
2296 3858 2346 3898 a.
2407 3850 2592 3909 1301,
2657 3842 2807 3898 cum'
2854 3837 3263 3898 additamentis

649 3950 716 3986 ex
749 3930 921 3988 anuis
964 3940 1324 3994 1350—60.
1360 3930 1587 3989 Prodiit
1607 3932 1929 3989 curaFerd.
1987 3947 2178 4006 usque
2212 3930 2283 3988 ad
2319 3949 2369 3988 a.
2405 3939 2584 3991 1479.
2619 3928 2750 3987 Affo
2780 3935 2984 3987 tamen
3015 3926 3262 3999 censetss}

647 4018 824 4077 Tatra
885 4018 995 4076 sub
1055 4019 1467 4094 inscriptione:
1567 4019 1931 4079 Cancellaria
1988 4038 2118 4078 eam
2138 4038 2264 4077 esse
2297 4018 2336 4075 J
2350 4019 2628 4077 oannis
2662 4017 2757 4077 del
2791 4017 3133 4085 Giudice,
3166 4015 3259 4091 qui

650 4109 904 4165 Arnesti.
937 4107 1323 4165 Formelbuch
1355 4108 1457 4166 des
1491 4113 1688 4167 ersten
1709 4110 1933 4186 Prager
1987 4108 2360 4166 abbreviavit
2408 4107 2641 4167 labores
2672 4107 2922 4167 Joannis
2974 4105 3160 4165 Oddi
3206 4110 3257 4161 et

647 4196 1011 4255 Erzbischols
1049 4198 1115 4254 A.
1157 4215 1207 4254 v.
1250 4197 1555 4265 Pardubic‚
1602 4199 1666 4256 in
1709 4200 1928 4257 Archiv
1986 4197 2078 4256 J0.
2112 4197 2184 4256 de
2218 4198 2676 4257 cornazano.

647 4287 744 4343 fiir
775 4286 1252 4345 osterreichische
1274 4287 1633 4356 Geschichte‚
1664 4287 1924 4346 Viennae

653 4430 658 4434 .
2080 4385 2222 4440 333.
2286 4375 2684 4434 Arnaldus
2745 4374 2819 4433 de
2872 4375 3151 4434 Sarano
3198 4373 3252 4429 0.

727 4496 760 4563 2)
789 4493 870 4546 Cf·
903 4492 1164 4545 potthagt
1192 4513 1243 4563 p·
1273 4498 1376 4547 bos
1405 4493 1509 4545 001·
1535 4498 1658 4549 466.
1987 4465 2125 4523 Min.
2153 4464 2356 4523 Gallus
2392 4460 2474 4545 (fl.
2493 4483 2539 4523 c.
2570 4459 2767 4546 1360)
2801 4464 3040 4524 videtur
3069 4468 3255 4522 auctor

716 4572 759 4625 η
815 4564 1029 4619 Prodiit
1085 4563 1185 4617 illa
1249 4563 1306 4616 in
1379 4564 1604 4617 Balbini
1677 4568 1929 4619 Boleemca
1985 4573 2111 4613 esse
2142 4555 2445 4613 chronicae
2490 4553 2706 4630 viginti
2752 4560 3014 4629 quatuor
3054 4552 3253 4629 primo·

641 4646 827 4691 sanem
867 4636 985 4689 dec.
1041 4640 1089 4691 1.
1150 4635 1381 4689 Miscell.
1442 4636 1570 4695 hist,
1593 4636 1781 4711 gregui
1827 4636 1927 4690 ΒΟ·
1985 4664 2118 4701 rum
2149 4645 2508 4721 ymeralium
2542 4644 2605 4701 0
2637 4642 2801 4714 Min„
2835 4661 2990 4719 quw
3018 4644 3249 4720 primum

644 4707 865 4761 hemiae
894 4708 929 4759 1.
960 4708 1051 4761 [V.
1082 4727 1134 4774 p.
1151 4711 1342 4764 80-88:
1373 4707 1923 4762 HdflerGesc-hichts-

644 4779 927 4834 schreiber
955 4779 1055 4831 der
1082 4778 1254 4838 husit‚
1285 4779 1611 4849 Bewegung
1640 4780 1705 4841 11,
1736 4784 1926 4839 1—11;

643 4851 886 4905 Truhlai·
915 4849 1116 4904 Fontes
1144 4866 1249 4903 rer.
1277 4851 1398 4905 boh.
1426 4857 1468 4909 1.
1492 4854 1594 4905 387
1615 4855 1777 4905 -400
1798 4868 1924 4903 oum
2065 4856 2101 4915 1)
2130 4848 2213 4902 Cf.
2241 4850 2310 4903 de
2338 4866 2403 4902 ea
2436 4848 2629 4903 Hefele
2664 4848 2781 4913 Vl’,
2807 4852 3106 4906 683—689.

645 4922 899 4976 versione
927 4921 1264 4975 tschechica.
2061 4930 2098 4979 2')
2119 4920 2388 4973 Memoria
2407 4919 2562 4987 degli
2588 4920 3033 4991 Scritt.parmig.
3060 4920 3119 4973 ll.
3143 4922 3195 4972 ‘e’l
3215 4934 3249 4968 s.
