3475 5364
653 396 774 449 535

651 564 786 622 buit
818 564 1223 622 occassionem.
1286 563 1378 620 Ita
1409 563 1654 639 negavit
1684 580 1931 620 concur-

652 672 786 710 sum
850 652 953 711 Dei
1015 671 1145 710 cum
1210 653 1402 710 causis
1466 653 1675 710 creatis
1724 652 1927 709 imme·

652 742 897 811 dietum,
962 741 1362 799 causalitatem
1412 745 1927 802 sacramentorum.

652 830 870 905 quibus
930 848 1050 889 non
1114 830 1275 888 inest
1338 831 1571 898 ,virtus
1634 829 1934 888 causativa

652 920 892 996 gratiae,
945 919 1297 977 characteris
1349 920 1443 978 vel
1523 921 1932 995 cujuscunque

652 1009 1057 1085 dispositionis
1091 1028 1198 1067 seu
1228 1014 1471 1067 ornatus
1493 1008 1838 1067 exsistentis
1870 1008 1931 1066 in

652 1098 907 1167 anima‚‘
959 1117 1091 1156 cum
1140 1098 1261 1155 sint
1306 1102 1541 1156 tantum
1578 1117 1772 1166 causa,
1808 1099 1932 1156 sine

652 1206 770 1261 qua
793 1206 909 1245 non
928 1186 1229 1245 confertur
1243 1188 1458 1263 gratia:
1482 1188 1930 1263 matrimonium

1109 382 1477 433 13:36—1350.
1508 375 1822 443 Theologia.
1849 374 2018 429 schol.
2050 374 2355 428 Durandua
2382 392 2415 427 a
2442 392 2481 433 s,
2515 375 2800 435 Porciano,

3178 392 3302 445 536

1987 562 2215 638 origine
2254 562 2748 637 jurisdictionum
2801 564 2929 622 sive
2979 564 3058 620 de
3101 564 3304 636 juris-

1987 652 2230 710 dictione
2260 649 2636 710 ecclesiastica
2676 660 2725 709 et
2757 654 2825 710 de
2855 653 3092 728 leqibus
3157 648 3305 731 (quo

1986 741 2047 798 in
2097 760 2187 815 op.
2239 741 2552 803 succincte,
2614 741 2767 799 clare
2817 746 2882 799 et
2942 740 3307 799 methodica

1989 830 2113 904 agit
2143 830 2215 888 de
2240 831 2377 906 jure
2397 834 2663 899 naturae,
2685 831 2961 907 gentium
2982 835 3054 888 et
3075 828 3306 909 civili).

1987 919 2228 977 Parisiis
2268 930 2429 981 1506
2467 937 2602 977 cum
2636 919 2768 978 aliis
2800 919 3101 994 operibus
3137 921 3305 995 ejus·

1988 1009 2120 1066 dem
2169 1008 2507 1084 argumenti
2558 1009 2720 1066 Petri
2771 1008 2844 1067 de
2892 1009 3159 1077 Palude‚
3215 1008 3308 1066 Jo.

1989 1096 2356 1163 Parisiensi8‚
2410 1097 2626 1155 Hervei
2678 1098 2931 1156 Natalia.
2976 1098 3307 1156 Adversus

1991 1186 2344 1261 opinionem,
2379 1187 2603 1244 animas
2621 1191 2760 1245 ante
2780 1188 3308 1246 resurrectionem

653 1295 779 1334 esse
812 1295 947 1334 vere
967 1276 1322 1351 proprieque
1342 1276 1571 1334 dictum
1604 1295 1929 1334 sacramen·
1987 1293 2106 1334 non
2140 1276 2339 1333 videre
2371 1276 2526 1334 clare
2557 1275 2819 1334 divinam
2845 1278 3212 1345 essentia-m,
3245 1276 3306 1333 in

652 1369 800 1433 tum,
836 1366 1226 1423 characterem
1262 1384 1391 1423 esse
1426 1365 1651 1440 aliquid
1682 1366 1841 1424 reale
1875 1368 1934 1423 et
1990 1383 2166 1438 quam
2244 1364 2502 1423 Joannes
2577 1364 2754 1422 XXII.
2848 1366 3304 1441 propendebat,

652 1454 981 1530 physicum,
1000 1455 1360 1512 contendens
1381 1474 1515 1512 eum
1538 1473 1663 1513 esse
1694 1460 1932 1513 tantum

1992 1454 2229 1529 scripsit
2259 1458 2332 1512 tr.
2386 1456 2454 1511 de
2484 1461 2640 1512 statu
2669 1457 3018 1512 animarum
3056 1462 3302 1513 sanda·

651 1543 997 1601 relationem
1017 1543 1266 1601 rationis
1299 1548 1359 1601 et
1390 1543 1936 1602 denominationem
1989 1562 2142 1618 rum,
2179 1546 2495 1617 postquam
2540 1544 2836 1601 resolutae
2883 1549 3037 1602 sunt
3088 1565 3128 1602 a
3172 1563 3302 1603 cor·

654 1651 810 1690 mere
842 1632 1121 1689 moralem
1154 1636 1262 1690 etc.
1298 1632 1507 1691 Noluit
1538 1632 1777 1707 quidem
1800 1632 1934 1691 fidei

653 1740 990 1779 mensuram
1054 1721 1345 1791 excedere,
1396 1721 1497 1779 sed
1540 1740 1731 1796 neque
1764 1722 1935 1780 attri-

654 1811 835 1869 buere
867 1809 1003 1868 fidei
1034 1810 1200 1879 illud,
1237 1810 1394 1884 quod
1427 1810 1498 1868 de
1531 1811 1642 1867 fide
1681 1830 1801 1870 non
1831 1815 1934 1869 est.

653 1900 785 1957 Non
801 1899 1127 1957 ducebatur
1139 1899 1550 1975 theologorum
1561 1901 1934 1970 auctoritate,

655 1988 757 2046 sed
819 1988 1228 2063 inquisitionis
1280 1988 1500 2047 liberae
1565 1990 1757 2048 voluit
1818 1990 1935 2049 frui

645 2079 811 2154 jure:
877 2096 1057 2152 quare
1118 2096 1333 2135 nomen
1398 2076 1619 2135 meruit
1669 2080 1938 2137 Doctoris

654 2168 1071 2224 resolutissimi.
1122 2167 1274 2224 Hinc
1306 2167 1543 2241 quidam
1575 2167 1798 2227 ironice
1831 2169 1938 2226 hoc

653 2257 861 2331 posuit
892 2256 1080 2313 eidem
1115 2255 1510 2331 epitaphium:

656 2346 853 2402 Durus
905 2344 1219 2403 Durandus
1257 2346 1416 2419 jacet
1462 2345 1556 2404 hic
1619 2347 1731 2404 sub
1784 2366 1934 2403 mar-

833 2452 991 2491 more
1024 2434 1190 2503 durn,

658 2524 747 2580 An
781 2522 862 2579 sit
894 2522 1213 2581 salvandus
1247 2542 1355 2599 ego
1387 2525 1606 2582 nescio,
1640 2544 1748 2583 nec
1788 2541 1934 2598 quo-

832 2630 948 2685 que
982 2630 1138 2670 curo.

745 2701 885 2758 Post
916 2706 1163 2760 mortem
1188 2702 1271 2760 ita
1291 2703 1586 2762 inclaruit.
1611 2707 1682 2761 ut
1703 2703 1767 2760 in
1788 2722 1935 2761 non-

656 2790 841 2847 nullis
891 2790 1202 2848 academiis
1255 2792 1553 2867 propriam
1605 2792 1937 2851 obtinuerit

656 2879 808 2936 sicut
854 2897 896 2934 a.
930 2879 1196 2948 Thoma8‚
1245 2882 1678 2942 Bonaventura.
1727 2882 1935 2940 Scotus

655 2967 1197 3026 cathedram.·Haec
1229 2970 1357 3042 ejus
1392 2988 1599 3044 opera:
1641 2971 1935 3028 Commen-

655 3058 812 3113 εανία
833 3058 893 3114 in
920 3059 954 3112 4
976 3058 1031 3118 ll.
1053 3061 1482 3133 sententiarum,
1518 3077 1668 3132 quae
1692 3060 1936 3134 juvenis

656 3146 972 3203 inchoavit.
1021 3164 1194 3204 senex
1237 3147 1567 3222 complevit.
1633 3149 1935 3222 Duplieem

656 3254 790 3292 eum
803 3234 1135 3293 elaborasse
1146 3235 1630 3294 commentarium
1651 3238 1934 3314 legimus:

655 3324 981 3381 breviorem
1001 3325 1182 3399 priua,
1202 3324 1305 3400 qui
1337 3329 1540 3383 contra
1560 3327 1818 3384 auctoris
1836 3346 1934 3386 vo-

657 3413 949 3470 luntatem
986 3414 1214 3488 publici
1236 3415 1426 3472 factus
1459 3418 1550 3472 est
1574 3415 1750 3490 juris,
1785 3417 1938 3473 Eum

655 3501 781 3576 ipse
814 3503 1154 3576 reprobavit
1188 3504 1493 3578 aliumque
1513 3504 1595 3561 illi
1618 3505 1939 3563 substituit

656 3591 1029 3665 prolixiorem
1077 3611 1111 3649 a
1157 3593 1343 3666 priori
1392 3592 1546 3650 haud
1580 3613 1790 3667 parum
1822 3594 1934 3651 dif-

655 3681 955 3739 ferentem.
990 3680 1217 3738 Prodiit
1248 3684 1443 3739 autem
1479 3683 1608 3755 ejus
1643 3701 1936 3741 commen-

654 3770 842 3827 tarius
876 3789 1049 3844 saepe
1079 3770 1426 3829 admodum:
1482 3771 1728 3829 Parisiis
1769 3782 1934 3836 1508

654 3858 715 3915 in
779 3860 849 3927 fi:
924 3867 1121 3926 1515:
1197 3868 1389 3927 1533:
1466 3869 1660 3926 1539;
1734 3871 1935 3928 15473

670 3957 860 4014 1550:
894 3947 1174 4023 Lugduni
1217 3958 1412 4016 1533:
1456 3959 1649 4019 1569:
1683 3952 1936 4008 Antver-

655 4036 785 4110 piae
824 4047 1019 4100 1567:
1058 4037 1318 4095 Venetiis
1359 4048 1554 4107 1571;
1607 4048 1792 4101 1586.
1856 4040 1940 4096 Ea

655 4145 793 4200 prae
827 4125 1033 4197 primis
1055 4126 1212 4184 inter
1227 4127 1344 4183 alia
1364 4128 1786 4186 commentaria
1802 4147 1936 4186 cum

656 4215 1090 4272 commentariis
1125 4234 1168 4272 s,
1205 4217 1652 4274 Bonaventurae
1702 4220 1764 4274 et
1795 4217 1937 4276 Gui-

660 4303 818 4360 lelmi
854 4304 1365 4363 antissiodorensis
1399 4305 1691 4382 theologis
1714 4306 1937 4363 Navar-

658 4392 811 4450 raeis
875 4394 1322 4451 commendabat
1384 4393 1782 4476 Gersoniusl).
1858 4396 1939 4453 De

910 4551 973 4558 ——.

738 4661 769 4708 'l
828 4654 863 4708 l.
916 4657 1035 4706 5815.
1094 4652 1275 4705 Etiam
1331 4654 1400 4706 ab
1452 4653 1580 4707 aliis
1639 4655 1939 4707 burandus

656 4725 1102 4777 commendatur.
1161 4726 1239 4776 lta
1293 4725 1611 4778 Guilelmus
1657 4724 1940 4778 Parvus

656 4797 725 4848 de
742 4813 805 4848 eo
825 4795 1049 4848 scribit:
1091 4839 1113 4852 ..
1126 4794 1429 4849 Durandus
1447 4800 1577 4865 post
1593 4797 1645 4850 d.
1663 4796 1939 4850 'rhomam

660 4872 761 4934 Aq.
792 4870 1008 4936 primus
1052 4870 1198 4936 petit
1238 4885 1519 4936 campum,
1560 4868 1659 4935 qui
1688 4885 1755 4920 ex
1785 4869 1941 4921 fonte

658 4943 770 4991 tam
816 4940 979 4992 beato
1024 4945 1253 5005 tamque
1295 4940 1452 5006 largo
1491 4939 1941 5007 praedicatorias?

1991 1651 2152 1706 pore,
2187 1633 2295 1707 qui
2327 1633 2852 1696 mansitineditus,
2887 1635 3072 1708 cujus
3092 1637 3298 1691 tamen

1991 1722 2393 1798 fragmentum
2414 1721 2875 1798 exhibetRayn
2891 1723 3020 1780 ald
3037 1742 3085 1780 u
3109 1742 3140 1780 s
3176 1724 3298 1780 An-

1990 1812 2108 1872 nal.
2139 1831 2186 1868 a.
2234 1819 2393 1873 1333
2428 1829 2484 1868 n.
2521 1820 2620 1871 49.
2687 1811 3094 1886 Displicuisse
3131 1812 3299 1869 vide-

1992 1904 2093 1958 tur
2126 1900 2218 1958 hic
2250 1904 2322 1957 tr.
2355 1899 2394 1957 J
2398 1899 2581 1957 oanni
2612 1894 2805 1965 Xx11;
2859 1901 2998 1959 hinc
3055 1901 3296 1959 theolo-

1991 2008 2203 2065 gorum
2251 1988 2506 2047 examini
2550 1988 2669 2046 suit
2712 1990 3045 2065 subjectae,
3084 1990 3202 2066 qni
3239 1994 3298 2047 et

1993 2078 2068 2135 XI
2122 2097 2190 2136 ex
2240 2097 2306 2136 eo
2357 2081 2643 2136 notarunt
2692 2079 2979 2137 articulos
3034 2097 3294 2138 censura

1993 2167 2204 2244 dignos
2222 2162 2286 2237 ²).
2351 2165 2586 2225 Inedita
2632 2173 2985 2227 manserunt
3039 2168 3295 2227 Summa

1992 2256 2290 2327 notabilis,
2338 2255 2686 2332 quodlibeta
2731 2253 2847 2337 (4),
2898 2258 3290 2331 quaestiones

1992 2346 2357 2421 theologicae
2393 2340 2527 2424 (16)
2562 2346 2708 2403 varii
2741 2347 3118 2423 argumenti,
3157 2365 3287 2422 pos·

1991 2436 2125 2492 tilla
2171 2435 2237 2492 in
2269 2434 2658 2510 Evangelium
2692 2437 2800 2493 etc.
2865 2436 3010 2511 Ejus
3047 2436 3287 2494 Statuta

1991 2524 2202 2601 synodi
2238 2523 2620 2583 dioecesanae
2651 2524 2967 2583 aniciensis
3017 2545 3076 2582 a.
3126 2532 3283 2587 132⁰

1992 2614 2319 2671 celebratae
2353 2614 2640 2689 leguntur
2669 2613 2829 2689 apud
2864 2614 2929 2672 Ο.
2951 2614 3177 2691 Gissey
3195 2612 3282 2672 SJ.

1996 2705 2270 2761 Discours
2317 2703 2676 2778 historiques
2727 2704 2798 2761 de
2833 2704 2889 2761 la
2934 2704 3226 2763 devotion
3255 2710 3282 2758 a

1992 2795 2060 2850 N.
2082 2793 2149 2850 D.
2183 2792 2266 2850 du
2285 2792 2751 2868 Puy-en·Velay.
2786 2793 3072 2869 Lugduni
3106 2802 3280 2855 1620.

1992 3083 2262 3137 videlicet
2277 3084 2573 3152 religionis
2590 3084 2766 3136 veluti
2779 3085 2938 3138 rivus
2957 3085 3284 3155 limpidissi-

1993 3173 2120 3207 mus
2148 3155 2317 3222 pleno
2356 3157 2478 3223 jam
2525 3157 2687 3210 alveo
2735 3154 2917 3209 fluens
2958 3159 3187 3224 proluit
3211 3172 3284 3208 sa·

1992 3227 2101 3279 cri-'z
2133 3229 2315 3280 totum
2345 3227 2712 3294 dogmatibus
2752 3228 2964 3281 orbem.
3023 3230 3111 3281 lta
3138 3228 3274 3280 enim

1993 3299 2405 3351 sententiarum
2450 3299 2707 3352 ubertate
2750 3297 3030 3351 fluviatur
3075 3314 3277 3370 presso-

1994 3386 2104 3436 que
2134 3369 2266 3422 stilo
2313 3369 2530 3435 gaudet
2566 3387 2630 3422 ac
2673 3370 2855 3423 divite
2884 3388 3052 3430 vena,
3099 3375 3162 3424 ut
3187 3387 3275 3422 un-

1992 3441 2168 3508 dique
2196 3441 2255 3492 in
2284 3457 2340 3493 se
2369 3442 2588 3494 animos
2616 3441 2786 3494 simul
2831 3445 2886 3494 et
2934 3441 3135 3496 oculos
3160 3458 3271 3494 con·

1993 3515 2228 3564 vertat*
2286 3511 2369 3566 Cf.
2417 3512 2588 3565 Mich.
2626 3528 2660 3564 a
2695 3530 2737 3565 s.
2765 3511 2979 3582 Joseph
3011 3513 3272 3580 Bibliogr.

1993 3583 2119 3636 crit.
2149 3584 2216 3646 11,
2245 3589 2348 3639 206
2378 3602 2477 3638 se.:
2531 3582 2681 3637 Fritz
2725 3583 2862 3636 KL&
2895 3584 2985 3644 lv,
3015 3590 3090 3642 43
3116 3609 3125 3638 ;
3176 3583 3272 3636 Der

1995 3655 2274 3718 Vorwuff,
2344 3655 2448 3707 dall
2502 3673 2561 3707 er
2613 3656 2705 3708 die
2757 3654 3132 3725 Philosophie
3182 3653 3271 3709 mit

1993 3726 2251 3778 dunkelu
2295 3726 2409 3778 und
2456 3726 2857 3795 spitzfindigen
2901 3727 3126 3796 Frngen
3165 3725 3264 3779 und

1992 3797 2408 3851 Distinctionen
2461 3798 2773 3852 verdorben
2821 3798 2982 3858 habe,
3025 3801 3102 3851 ist
3151 3814 3260 3851 zum

1995 3869 2308 3936 wenigsteu
2351 3869 2694 3938 ungerecht:
2737 3869 2890 3922 seine
2927 3869 3261 3939 philosophi·

1995 3941 2164 3992 sclien
2197 3940 2715 4004 Untersuchungen
2757 3945 2958 4010 tragen
3007 3942 3262 3996 vielmehr

1992 4011 2085 4065 boi
2113 4012 2255 4064 aller
2284 4011 2465 4064 Kiirze
2507 4012 2626 4065 und
2658 4011 2945 4066 Priicision
2986 4013 3100 4066 den
3141 4016 3258 4065 Aus-

1993 4083 2193 4143 druck,
2236 4083 2334 4134 das
2364 4085 2622 4152 Geprage
2663 4093 2779 4152 gro'
2803 4101 2860 4136 er
2891 4081 3261 4138 Deutlichkcit

1993 4154 2112 4207 und
2169 4154 2585 4208 liestimmtheit
2633 4171 2707 4207 an
2760 4155 2882 4207 sich
2910 4200 2923 4213 ,
2953 4199 2963 4209 .
2994 4197 3005 4208 .
3059 4155 3256 4224 ἲῗοςοῃ

1994 4226 2176 4278 dieser
2239 4226 2769 4280 nominalistischen
2823 4227 3132 4297 Richtung.
3178 4224 3257 4277 die

1992 4298 2194 4367 jedo‹·h
2225 4299 2378 4351 scine
2424 4297 2734 4366 Theologie
2781 4299 2928 4352 noch
2976 4300 3134 4352 nicht
3171 4295 3258 4349 mit

1995 4368 2144 4422 allen
2190 4368 2351 4421 ihren
2397 4373 2836 4435 Consequenzeu
2882 4368 3254 4436 durehdringt

1993 4441 2052 4492 la,
2077 4451 2104 4490 ‘t
2137 4458 2268 4491 man
2297 4441 2659 4509 gewohnlich
2677 4441 2785 4495 mit
2800 4440 3107 4494 Dux-andus
3121 4440 3201 4493 die
3214 4441 3253 4490 3.

1999 4511 2230 4565 Periode
2273 4512 2372 4564 der
2411 4512 2734 4565 Scholastik
2771 4512 3073 4582 beginnen.
3124 4513 3172 4565 S.
3195 4506 3255 4560 M.

2001 4583 2246 4636 Deutsch
2279 4583 2539 4637 Rcalenc.
2572 4582 2635 4646 V,
2663 4589 2944 4644 :is—lim
2998 4583 3154 4637 Feret
3179 4578 3252 4634 111,

1993 4659 2235 4716 401-8:
2277 4657 2397 4707 fuse
2439 4655 2506 4707 de
2548 4656 2670 4722 ejus
2696 4654 2958 4708 doctrina
2999 4659 3252 4723 quatenus

1995 4725 2186 4778 differt
2226 4728 2298 4779 ab
2326 4743 2391 4778 ea.
2418 4745 2458 4780 a.
2488 4726 2737 4779 Thomae
2778 4726 3009 4780 disserit
3046 4726 3254 4780 Werner

2002 4798 2094 4858 lli,
2127 4802 2226 4852 156
2254 4815 2321 4850 ss.

2079 4875 2110 4932 ¹]
2142 4868 2223 4921 Cf.
2254 4869 2660 4922 documentum
2704 4868 3100 4922 authenticum
3124 4861 3249 4936 apud

2003 4939 2221 4992 Denifle
2251 4940 2504 4994 Chartul.
2534 4956 2654 5009 par.
2686 4940 2750 5000 ΙΙ,
2780 4946 2828 4995 1.
2858 4957 2987 5010 pag.
3012 4945 3115 4996 418
3138 4955 3195 4991 ss,
