3475 5364
1155 334 1527 386 1276-1300.
1554 328 1586 382 J
1593 346 1659 383 us
1686 328 2044 382 canonicum.
2072 327 2393 383 Guilelmus
2420 326 2742 393 Durandus,

640 346 767 400 443
3160 344 3279 396 444

639 514 912 573 tualibus
959 514 1183 589 pariter
1213 514 1277 571 in
1306 511 1487 573 variis
1531 514 1797 590 ejusdem
1830 513 1922 571 di·
1978 513 2167 572 Verus
2199 517 2290 572 est
2324 514 2643 572 thesaurus
2687 532 2793 588 pro
2832 514 2983 588 jure
3020 517 3091 570 et
3123 512 3285 587 praxi

642 604 922 663 tionibus.
973 605 1145 661 Anno
1175 612 1339 666 1283
1374 604 1590 662 iterum
1623 605 1926 679 comparet
1979 602 2144 660 illius
2191 603 2478 678 temporis
2525 602 2922 662 inexhaustus
2969 601 3060 660 ob
3101 604 3286 659 mate·

636 711 834 752 comes
867 696 928 751 et
957 695 1150 751 rector
1180 693 1446 768 plurium
1481 692 1924 768 provinciarum
1977 691 2100 750 riae
2146 692 2377 766 copiam
2411 692 2476 749 in
2507 709 2575 751 eo
2620 692 2892 768 undique
2939 691 3285 751 collectam.

642 782 798 841 sedis
830 781 1217 858 apostolicae:
1250 781 1511 856 fortique
1543 799 1724 840 manu
1739 777 1784 861 ¹)
1821 781 1925 840 sed
1979 799 2162 855 quare
2207 779 2382 839 valde
2426 780 2549 839 fuit
2591 781 2892 857 vulgatus,
2946 797 3188 856 magno
3231 780 3289 835 in

640 874 705 930 et
724 871 1042 947 prudentia
1060 888 1171 929 sua
1190 871 1509 947 gliscentes
1530 870 1736 929 turbas
1770 870 1927 928 inter
1979 888 2115 937 usu,
2168 870 2306 929 hinc
2350 870 2530 928 etiam
2577 870 2651 927 ab
2681 870 2812 929 aliis
2860 874 3113 936 auctus,
3169 887 3289 926 sae·

641 959 886 1019 Guelfos
948 963 1008 1018 et
1059 959 1429 1018 Ghibellinos
1492 959 1925 1034 seditionesque
1980 958 2223 1034 pissime
2283 958 2483 1017 editus
2562 956 2797 1039 (saltem
2860 954 3289 1035 quadragies).

644 1049 932 1107 adversus
972 1049 1388 1107 auctoritatem
1434 1048 1799 1124 pontificiam
1833 1065 1924 1106 se·
1982 1047 2364 1124 Argentorati
2407 1057 2605 1119 14733
2637 1048 2945 1107 Bononiae
2989 1056 3182 1111 1474
3204 1045 3290 1105 ed.

647 1138 811 1196 davit
825 1141 1005 1213 atque
1020 1139 1385 1213 compressit.
1424 1138 1730 1196 Electusa.
1757 1146 1920 1199 1285
1981 1136 2299 1205 rarissima,
2345 1137 2560 1197 Romae
2615 1146 2782 1200 1474
2831 1155 2973 1196 cum
3020 1134 3295 1194 additio-

643 1227 708 1285 in
767 1227 1114 1302 episcopum
1175 1226 1589 1285 mimatensem
1642 1222 1923 1307 (Mende),
1980 1225 2159 1285 nibus
2190 1226 2282 1284 J0.
2317 1225 2585 1284 Andreae
2630 1230 2694 1285 et
2733 1225 2940 1295 Baldi3
2992 1224 3291 1302 Lugduni

616 1315 805 1374 unde
836 1320 897 1374 et
931 1316 1298 1373 Mimatensis
1329 1319 1422 1374 est
1453 1316 1666 1384 dictnS,
1707 1316 1928 1373 mansit
1990 1325 2189 1384 1516;
2224 1313 2486 1373 Basileae
2525 1325 2727 1382 1574:
2761 1314 3038 1374 Venetiis
3088 1324 3292 1381 15763

646 1405 890 1463 interim
908 1405 973 1463 in
991 1405 1166 1463 Italia
1183 1423 1290 1479 per
1308 1405 1593 1463 vicarium
1625 1422 1769 1463 suae
1790 1422 1926 1478 pro·
1985 1403 2358 1462 Francofurti
2413 1413 2609 1474 1592;
2670 1412 2868 1471 16123
2927 1412 3105 1467 1668
3159 1404 3226 1460 111
3257 1402 3292 1458 ἱ.

642 1494 851 1552 videns
898 1493 1195 1563 ecclesiae,
1247 1495 1453 1569 postea
1497 1512 1635 1552 vero
1668 1513 1716 1550 a.
1759 1502 1916 1556 1291
1982 1496 2090 1551 etc.
2151 1493 2527 1550 Breviorium
2559 1493 2685 1551 sive
2715 1492 3137 1569 repertorium
3171 1487 3292 1572 (ju-

640 1603 776 1642 eam
824 1583 973 1640 adiit
1016 1589 1196 1657 atque
1228 1601 1368 1641 cura
1412 1582 1697 1658 pastorali
1743 1582 1927 1640 refor-
1983 1583 2062 1639 ris
2110 1581 2375 1640 canonici
2422 1577 2719 1661 aureum),
2772 1582 3029 1641 minoris
3081 1579 3292 1659 pretii.

646 1672 847 1730 mavit.
912 1671 1497 1747 Archiepiscopatum
1535 1674 1927 1729 ravennaten-
1984 1670 2545 1749 saepissimetamen
2560 1671 2810 1739 editum,
2827 1671 3050 1730 Romae
3081 1679 3288 1733 1474:

647 1779 771 1819 sem
803 1780 837 1818 a
868 1760 1171 1819 Bonifacio
1202 1761 1354 1818 VIII.
1389 1760 1505 1819 sibi
1536 1760 1802 1818 oblatum
1835 1779 1927 1818 re·
1983 1758 2249 1819 Venetiis
2304 1769 2468 1823 1476
2505 1763 2648 1829 etc.;
2699 1760 3090 1819 Breviarium
3136 1760 3290 1836 yzos-

642 1850 909 1908 cusavit:
944 1849 1137 1907 factus
1168 1851 1368 1907 tamen
1399 1855 1493 1907 est
1512 1849 1585 1906 ab
1605 1868 1673 1907 eo
1698 1844 1925 1929 (1295)
1981 1868 2187 1907 aarum
2208 1853 2268 1907 et
2289 1852 2566 1907 textuum
2590 1848 2748 1923 juris
2781 1849 3074 1917 canonici,
3117 1847 3286 1906 Pari-

649 1938 1018 2016 gubernator
1063 1938 1504 2013 provinciarum
1548 1938 1928 1996 Romaniolae
1984 1937 2089 1995 siis
2130 1948 2328 2005 1519;
2375 1940 2442 1997 in
2485 1956 2701 2000 sacros.
2733 1939 3094 2015 luqdunense
3128 1955 3287 1995 cone.

645 2032 708 2086 et
739 2028 1140 2096 anconitanae,
1194 2047 1343 2102 quae
1394 2027 1537 2087 satis
1583 2031 1752 2085 erant
1796 2029 1924 2084 tur-

646 2118 849 2186 batae;
885 2135 1039 2174 anno
1071 2135 1211 2175 vero
1235 2118 1362 2191 jam
1394 2115 1669 2191 sequenti
1709 2128 1757 2178 1.
1781 2117 1925 2174 Nov.
1983 2107 2179 2188 holten
2218 2126 2285 2159 2¹1
2328 2108 2531 2188 haben.
2584 2108 2667 2188 ,CR
2709 2106 2913 2172 Quetif
2945 2109 2986 2173 l.
3020 2112 3153 2188 -ϋξῡ,
3195 2104 3287 2158 cui

644 2207 863 2264 Romae
895 2205 1162 2264 decessit·
1892 2194 1896 2197 ’
1984 2196 2098 2233 11011
2124 2180 2501 2249 improbabile
2543 2178 2786 2243 videtur,
2831 2196 2967 2232 eum
3015 2179 3200 2232 fuisse
3227 2176 3284 2230 Ο.

1982 2249 2180 2303 Praed.
2209 2251 2477 2313 sodalem,
2507 2251 2691 2318 deque
2727 2250 2834 2303 hoc
2872 2266 3048 2319 opere
3076 2250 3281 2302 refert:

1988 2322 2177 2390 ..Opus
2224 2322 2481 2374 omnium
2518 2322 2668 2390 juris
2714 2321 3025 2389 utriusque
3076 2321 3282 2393 perito·

1984 2410 2111 2445 rum
2139 2392 2404 2446 manibus
2443 2392 2645 2446 tritum
2686 2396 2744 2447 et
2786 2392 2932 2445 adeo
2960 2393 3279 2463 egregium,

1986 2466 2052 2517 ut
2076 2465 2148 2516 ab
2175 2462 2246 2533 iis
2278 2463 2478 2523 „Pater
2500 2464 2718 2533 praxis“
2749 2464 3035 2533 appellari
3066 2478 3278 2517 merue-

1983 2534 2062 2593 rit
2104 2537 2162 2587 et
2207 2534 2608 2603 „Speculator“
2655 2534 2940 2591 audierit:
2988 2538 3046 2588 et
3096 2536 3147 2587 si
3199 2533 3278 2585 vel

1985 2605 2397 2675 tota.periisset
2442 2605 2783 2659 bibliotheca
2815 2607 2985 2675 juris,
3028 2607 3138 2659 hoc
3171 2620 3275 2657 uno

742 2392 883 2445 233.
948 2381 1213 2442 Plurima
1253 2383 1493 2459 scripsit
1537 2401 1729 2457 opera,
1779 2400 1927 2457 quo—

640 2492 781 2530 rum
800 2472 1033 2548 potiora
1053 2476 1225 2531 sunt:
1260 2468 1567 2545 Speculum
1585 2473 1928 2550 leqatorum,

649 2565 949 2636 receptum
984 2560 1049 2619 in
1092 2579 1242 2635 opus
1289 2562 1482 2636 majus
1515 2565 1575 2619 et
1607 2560 1927 2619 celebrius:

650 2650 960 2724 Speculum
997 2650 1285 2725 judiciale
1329 2650 1419 2709 bis
1466 2650 1848 2719 elaboratum,
1897 2668 1931 2707 a

651 2758 770 2814 quo
805 2739 1191 2814 Speculatoris
1234 2739 1497 2798 encomio
1542 2739 1661 2798 fuit
1706 2739 1928 2798 saluta-

648 2833 768 2886 tus.
815 2829 885 2886 In
915 2846 983 2886 eo
1017 2828 1078 2886 ll.
1105 2838 1142 2890 4
1175 2828 1304 2887 fuse
1336 2829 1653 2887 admodum
1686 2828 1932 2902 exponit

653 2916 984 2976 secundum
1008 2918 1110 2992 jus
1143 2918 1494 2976 canonicum
1526 2920 1588 2976 et
1617 2935 1931 2976 romanum

650 3025 881 3065 omnem
917 3023 1227 3064 causarum
1258 3006 1618 3082 agendarum
1639 3007 1930 3065 rationem

653 3099 715 3154 et
734 3095 1016 3162 ordinem,
1039 3096 1176 3154 hinc
1195 3115 1440 3154 munera
1460 3098 1786 3171 pertractat
1806 3095 1929 3153 sin·

650 3184 928 3261 gularum
976 3203 1378 3259 personarum,
1430 3203 1581 3259 quae
1626 3184 1749 3242 illis
1783 3201 1932 3259 quo-

650 3272 1065 3347 modocunque
1126 3274 1365 3332 demum
1441 3268 1931 3353 interveniunt2).

1984 2694 2147 2747 posse
2169 2676 2420 2746 reparari
2449 2678 2737 2732 videretur
2776 2678 2896 2733 scil.
2925 2695 2994 2732 ex
3021 2677 3276 2732 omnium

1985 2752 2241 2802 veterum
2270 2749 2320 2803 J.
2349 2749 2406 2803 C.
2434 2750 2659 2820 scriptis
2685 2754 2950 2821 excerpto
2977 2753 3039 2804 et
3061 2764 3278 2803 coacer-

1986 2823 2167 2874 vato.‘·
2199 2821 2283 2876 Cf.
2310 2820 2380 2874 de
2407 2821 2512 2878 hoc
2532 2825 2591 2874 et
2609 2821 2740 2874 aliis
2760 2821 2935 2874 etiam
2952 2817 3276 2874 Tiraboschi

1987 2891 2175 2945 Storia
2213 2895 2316 2945 ete.
2345 2891 2438 2945 IV.
2467 2893 2503 2948 l.
2531 2897 2563 2949 2
2592 2909 2637 2946 c.
2671 2893 2733 2947 V.
2786 2891 3005 2947 Verum
3030 2892 3277 2945 Joannes

1987 2962 2242 3016 Andreas
2270 2963 2331 3014 in
2359 2962 2538 3017 addit.
2580 2964 2651 3016 ad
2682 2964 3041 3033 prooemium
3070 2963 3274 3032 Specu-

1988 3034 2201 3090 latoris.
2248 3051 2377 3087 eum
2423 3035 2603 3103 plagii
2647 3038 2895 3099 accusat,
2950 3035 3104 3104 quod
3161 3030 3275 3087 scil.

1989 3105 2213 3158 Alberti
2239 3105 2490 3159 Galeotti
2517 3107 2711 3174 legum
2739 3106 2992 3161 doctoris
3019 3120 3272 3174 parmen·

1989 3177 2064 3228 sis
2092 3176 2168 3240 ‹,fl.
2199 3195 2243 3230 c.
2272 3182 2432 3244 1272)
2461 3193 2605 3247 opus
2632 3182 2814 3231 Aurea
2857 3196 3075 3246 acpene
3098 3180 3275 3230 dicim

1987 3257 2034 3302 et
2060 3267 2176 3302 vere
2203 3250 2509 3317 Mar-yarita
2553 3264 2650 3301 seu
2698 3248 3106 3317 quaestionum
3133 3264 3274 3300 sum·

1991 3321 2162 3376 mula,
2191 3317 2250 3371 in
2279 3336 2394 3386 qua
2421 3335 2616 3373 omnes
2643 3319 2758 3373 fere
2787 3337 2882 3388 qq.
2909 3318 2972 3373 in
3001 3319 3137 3372 foris
3179 3320 3274 3372 sre-

1990 3394 2299 3457 quentatae
2329 3393 2733 3460 proponuntur
2771 3399 2827 3444 et
2872 3390 3275 3460 magian-aliter

731 3468 767 3532 ¹)
796 3461 943 3516 Hinc
986 3463 1045 3514 111
1092 3462 1310 3531 prolixo
1360 3462 1653 3532 epitaphio
1704 3461 1761 3513 in
1811 3461 1934 3530 ejus
1989 3462 2365 3515 enucleantur
2404 3462 2512 3528 (ed.
2553 3461 2614 3514 in
2643 3479 2734 3531 op.
2767 3466 3032 3517 Doctrina
3058 3467 3271 3517 advoca·

652 3535 880 3588 laudem
910 3533 1151 3588 dieitur:
1205 3532 1470 3597 „Exstitit
1495 3533 1737 3585 infestus
1765 3549 1936 3602 super
1989 3541 2165 3586 torum
2192 3532 2429 3586 ‚Ioannis
2446 3533 2517 3587 de
2535 3531 2666 3593 Deo,
2706 3533 2957 3587 Venetiis
2984 3539 3124 3590 1567
3143 3550 3269 3603 pag.

651 3607 840 3659 hostes
886 3621 1041 3659 more
1101 3604 1297 3658 leonis.
1348 3605 1660 3658 Indomitos
1711 3604 1938 3656 domuit
1992 3606 2095 3659 107
2121 3607 2210 3675 ss.)
2240 3621 2372 3657 vero
2400 3605 2786 3674 explicaverit,
2815 3603 2960 3658 adeo
2979 3608 3046 3658 ut
3063 3606 3151 3657 vix
3170 3605 3272 3658 siut

652 3680 911 3746 popu108,
959 3677 1218 3744 ferroque
1261 3674 1497 3729 rebelles
1540 3675 1790 3744 impulit,
1837 3674 1934 3727 Ec·
1992 3675 2184 3728 decem
2225 3692 2419 3729 versus
2459 3692 2524 3728 ex
2566 3678 2687 3729 toto
2717 3675 2972 3729 Galeotti
3001 3694 3110 3745 op..
3140 3691 3271 3743 quos

650 3749 853 3802 clesiae
885 3748 1061 3801 victos
1088 3747 1293 3802 servire
1334 3747 1538 3817 coegit.
1592 3747 1938 3814 Comprobat
1989 3745 2051 3798 in
2079 3747 2374 3815 speculum
2402 3763 2567 3799 suum
2610 3763 2726 3800 non
2768 3747 3148 3801 transtulerit.
3198 3744 3270 3800 cf.

652 3820 872 3883 officim,
900 3819 1096 3889 paruit
1124 3819 1399 3871 Romania
1420 3821 1639 3887 sceptro
1665 3817 1936 3886 Belligeri
1991 3817 2061 3870 de
2077 3818 2201 3871 Alb.
2220 3816 2467 3872 Galeotti
2486 3817 2614 3870 Atio
2632 3817 2903 3872 Memorie
2919 3818 3083 3889 degli
3095 3817 3270 3872 Scritt.

652 3891 873 3944 comitis
901 3891 1136 3943 Martini
1164 3892 1416 3958 tempore
1446 3890 1678 3953 Quarti*
1712 3891 1814 3942 etc.

1991 3905 2171 3958 parm.
2201 3890 2238 3950 1,
2269 3894 2568 3945 los-114.
2595 3888 2798 3957 Neque
2818 3891 3010 3945 solum
3032 3888 3270 3944 Galeotti

728 3966 768 4032 ²⁶)
797 3961 878 4016 Cf.
908 3962 1060 4015 Sarti
1088 3961 1126 4026 I,
1154 3966 1466 4018 465—479:
1496 3960 1728 4014 Schulte
1749 3960 1815 4022 ΙΙ,
1835 3965 1930 4015 151
1994 3960 2088 4012 sed
2117 3964 2174 4012 et
2200 3960 2453 4029 plurium
2479 3959 2725 4014 aliorum
2753 3960 2861 4014 utJ
2872 3963 3081 4014 oannis
3103 3959 3268 4014 Fasoli

652 4032 754 4101 qui
801 4033 1011 4086 notatis
1052 4030 1313 4103 pluribus
1355 4032 1668 4086 defectibus
1710 4031 1936 4085 subdit:
1991 4034 2053 4085 de
2077 4038 2374 4086 summaria
2403 4036 2710 4100 coquetione,
2739 4031 2905 4086 Mart.
2933 4031 3005 4086 de
3036 4032 3191 4090 Fauo
3215 4033 3266 4086 de

653 4104 857 4172 Bringt
897 4122 1029 4157 man
1071 4104 1180 4158 alle
1210 4104 1405 4156 Fchler
1444 4104 1591 4157 noch
1633 4120 1692 4156 so
1721 4102 1849 4155 sehr
1874 4102 1937 4155 in
1991 4106 2266 4170 homoque,
2312 4103 2566 4171 ejusdem
2606 4106 2669 4157 de
2707 4107 2973 4158 alimentis
3017 4108 3077 4157 et
3103 4122 3194 4173 qq.
3218 4104 3267 4156 de

649 4176 970 4244 Anschlag:
997 4193 1058 4228 so
1088 4175 1264 4229 bleibt
1289 4175 1388 4227 das
1414 4174 1480 4225 W
1486 4175 1585 4227 erk
1612 4175 1737 4227 eine
1767 4190 1938 4254 unge·
1979 4177 2112 4241 jure
2135 4177 2528 4242 emphyteutica,
2572 4173 2691 4228 Jac.
2720 4173 2994 4228 Balduini
3023 4178 3088 4230 de
3107 4180 3269 4245 primo

656 4246 941 4300 wohnlich
970 4247 1421 4316 hervorragende
1450 4246 1741 4314 Leistung.
1771 4245 1842 4297 Es
1864 4249 1939 4299 ist
1992 4255 2038 4299 et
2077 4247 2300 4299 secundo
2338 4248 2556 4314 decreta,
2594 4245 2865 4298 Odofredi
2905 4250 2971 4300 de
3001 4248 3268 4315 positioni·

651 4318 967 4442 allerdings
995 4319 1158 4372 nicht
1182 4319 1361 4371 durch
1383 4318 1771 4388 Orignmlitat,
1792 4333 1938 4370 neue
1994 4319 2104 4380 bus,
2128 4315 2158 4368 J
2167 4333 2215 4371 0.
2238 4316 2435 4370 Blanei
2461 4319 2524 4370 de
2547 4320 2940 4371 exsecutoribus
2964 4322 3265 4372 ultimarum

654 4391 857 4443 selbstii
869 4409 901 4441 n

946 4391 1036 4459 ige
1089 4389 1508 4458 Verarbeitung
1572 4388 1668 4441 des
1734 4387 1937 4441 Stoffes
1994 4391 2341 4448 voluntatum,
2373 4387 2624 4442 Thomae
2646 4387 2947 4458 Piperatae
2970 4391 3080 4443 etc.
3109 4386 3268 4460 operi·

653 4460 1102 4529 ausgezeichnet‚
1131 4478 1187 4514 es
1205 4462 1279 4514 ist
1295 4461 1419 4513 eine
1437 4463 1536 4513 der
1550 4462 1786 4528 grossten
1807 4459 1937 4512 Ver·
1996 4461 2100 4512 bus
2151 4459 2353 4514 utitur.
2413 4459 2727 4530 Dispuugit
2777 4460 2972 4512 tamen
3023 4459 3148 4530 ipse
3194 4461 3265 4514 J0.

651 4533 959 4600 arbeitung
974 4554 1032 4587 :n
1060 4533 1157 4585 des
1178 4532 1581 4585 vorhandenen
1600 4531 1938 4590 Materiales,
1995 4531 2251 4583 Andreas
2264 4531 2412 4583 hauc
2429 4529 2870 4594 accusationem,
2891 4531 2994 4598 qui
3015 4530 3265 4585 Durantis

652 4606 788 4658 aber
813 4605 936 4657 sein
964 4604 1123 4656 Wert
1156 4605 1232 4657 ist
1256 4621 1327 4656 an
1357 4603 1476 4656 sich
1504 4604 1633 4655 sehr
1656 4607 1791 4672 gros}
1820 4602 1938 4656 und
1994 4619 2137 4672 opus
2165 4606 2466 4671 propterea
2493 4601 2865 4655 utilissimum
2891 4607 3103 4666 censet,
3130 4599 3262 4670 quod

653 4677 928 4730 dauernd.
950 4671 961 4682 ’
982 4675 1413 4729 Unbestreitbar
1458 4674 1533 4727 ist
1559 4691 1614 4726 es
1642 4674 1735 4726 eiu
1761 4674 1938 4727 hohes
1995 4675 2272 4726 tractatus
2323 4674 2532 4727 multos
2583 4672 2652 4726 cl.
2715 4672 3015 4727 doctorum
3077 4687 3262 4743 magna

654 4747 955 4800 Verdienst
977 4749 1090 4800 fast
1108 4747 1199 4800 die
1219 4749 1529 4816 gesammte
1553 4745 1837 4798 Literatur
1853 4745 1939 4797 bis
1995 4760 2060 4796 ex
2089 4750 2249 4813 parte
2266 4744 2509 4806 exhibet,
2528 4743 2628 4811 qui
2647 4744 2915 4797 omnibus
2930 4743 2993 4797 in
3010 4747 3261 4814 promptu

652 4820 741 4872 ins
770 4819 958 4873 Detail
986 4819 1306 4888 eingehend
1345 4817 1792 4885 berlicksichtigt
1817 4816 1938 4869 und
1994 4832 2111 4869 esse
2139 4834 2252 4868 nou
2284 4817 2551 4885 poterant
2576 4831 2642 4868 ac
2667 4815 2905 4869 fortasse
2932 4816 3007 4870 eti
3019 4833 3112 4870 am
3139 4813 3261 4886 peri·

654 4909 759 4944 uns
788 4891 1036 4944 vielfach
1076 4891 1256 4944 durch
1298 4890 1451 4942 die-ze
1491 4889 1832 4959 Benutzung
1859 4905 1939 4941 er·
1995 4887 2184 4940 issent.
