3475 5364
411 360 440 410 7
455 359 486 411 2
500 361 534 409 9
1431 341 1628 396 Petrus
1655 339 1724 393 de
1754 339 1996 392 Alliaco.
2904 358 2932 408 7
2947 360 2979 410 3
2991 362 3024 408 (1

404 528 556 587 tiose
577 531 672 585 est
689 526 933 599 functus
953 526 1339 602 studiumque
1358 527 1689 604 theologiae
1744 524 1914 595 cedit,
1962 525 2088 584 fieri
2137 543 2321 600 posse,
2372 528 2441 583 ut
2491 525 2572 583 sit
2619 543 2821 600 pugna
2871 524 3031 583 inter

406 617 730 691 plurimum
778 615 1092 691 promovit.
1155 618 1206 673 A
1237 617 1440 675 Carolo
1475 616 1570 676 VI.
1615 616 1690 674 ad
1746 614 2055 673 veritatem
2107 615 2429 673 revelatam
2475 617 2536 672 et
2580 614 2888 672 veritatem
2936 633 3029 672 ra-

405 704 773 764 Bonifacium
822 702 920 762 IX.
985 705 1234 780 ejusque
1296 723 1687 764 successorem
1745 704 2057 773 tionalem3
2103 703 2458 780 astrologiae
2503 703 2755 761 nimium
2799 703 3029 761 tribuit.

406 793 752 872 Gregorium
800 794 925 852 XII.
971 798 1033 852 et
1094 794 1478 853 Benedictum
1531 795 1687 853 ΧΙΙΙ.
1746 793 2007 851 Docebat
2080 796 2150 851 ut
2243 811 2353 851 sua
2440 792 2685 852 consilia
2771 792 2842 850 de
2931 811 3027 850 ex·

405 884 624 942 missus
656 886 763 952 est,
798 887 870 941 ut
900 901 999 941 eos
1032 881 1341 942 induceret
1372 884 1446 942 ad
1466 901 1688 942 renun-
1745 881 2101 958 stinguendo
2122 882 2434 941 schismate
2450 885 2708 957 urgeret,
2729 881 3028 940 Christum

406 973 709 1032 ciationem
771 972 1021 1048 adeptae
1094 971 1424 1048 dignitatis,
1481 992 1689 1032 verum
1744 971 2085 1029 immediate
2116 971 2409 1031 Ecclesiae
2455 971 2781 1029 contulisse
2830 973 3030 1046 potes-

405 1062 555 1121 nihil
586 1061 846 1137 profecit.
909 1061 1135 1119 Exinde
1184 1061 1258 1119 ad
1289 1063 1559 1138 pisanam
1589 1081 1686 1138 sy·
1747 1062 1948 1128 tatem,
1997 1060 2131 1119 hinc
2181 1079 2308 1119 eam
2359 1060 2539 1118 etiam
2589 1059 3029 1136 refragantibus

405 1152 625 1211 nodum
672 1170 805 1209 cum
850 1150 941 1210 Jo.
989 1151 1248 1210 Gersone
1295 1151 1358 1208 in
1405 1152 1689 1210 comitatu
1746 1149 1838 1218 iis,
1858 1149 1963 1224 qui
1979 1168 2039 1208 se
2061 1149 2369 1225 pontifices
2390 1167 2521 1211 esse
2543 1149 3027 1223 praetendebant,

405 1240 687 1300 Ludovici
704 1239 1035 1310 cardinalis,
1054 1239 1222 1298 ducis
1238 1241 1537 1299 barrensis
1554 1258 1687 1315 pro·
1745 1256 1918 1314 posse
1969 1241 2315 1315 congregari
2361 1240 2425 1296 in
2470 1238 2786 1296 concilium
2833 1238 3029 1315 legiti-

404 1329 593 1388 fectus
624 1332 730 1399 est,
763 1329 828 1387 in
859 1348 978 1404 qua
1023 1333 1266 1387 auctum
1316 1332 1409 1387 est
1439 1330 1690 1388 schisma
1748 1347 1908 1386 mum
1958 1343 2065 1402 pro
2115 1328 2512 1386 conservanda
2544 1326 2789 1385 unitate.
2850 1329 3030 1402 atque

405 1419 589 1478 electo
650 1418 831 1477 tertio
892 1417 1168 1493 pontifice
1229 1419 1560 1477 Alexandro
1622 1419 1688 1476 V.
1746 1417 2061 1475 concilium
2097 1435 2225 1476 esse
2256 1436 2434 1493 supra
2483 1415 2818 1492 pontificem
2853 1416 3028 1474 alias-

408 1505 879 1586 (1409),acujus
892 1507 1687 1567 successoreJoanneXXIII.
1746 1507 1862 1580 que
1931 1505 2371 1565 Gallicanorum
2433 1505 2741 1581 opiniones
2805 1508 3027 1563 tuetur.

406 1599 637 1655 creatus
669 1599 763 1655 est
801 1606 985 1658 1411.
1019 1595 1351 1658 cardinalis,
1400 1598 1691 1656 Interfuit
1747 1595 1967 1654 Verum
2001 1595 2114 1653 sibi
2145 1595 2207 1652 in
2240 1595 2367 1654 suis
2402 1593 2785 1670 opinionibus
2818 1594 2889 1652 de
2922 1594 3030 1651 hoc

405 1704 562 1746 conc.
595 1704 837 1745 romano
870 1680 1097 1766 (1412)
1131 1689 1192 1743 et
1209 1686 1505 1759 pontificis
1526 1687 1687 1763 lega·
1746 1688 2098 1768 argumento
2144 1702 2266 1742 non
2317 1683 2461 1742 satis
2493 1684 2816 1741 constabat.
2880 1683 3031 1741 Hinc

405 1779 506 1834 tus
544 1774 891 1852 peragravit
937 1774 1307 1833 Germaniam
1352 1779 1412 1833 et
1444 1775 1686 1835 Hollan-
1746 1774 1875 1848 ejus
1925 1792 2103 1849 opera
2151 1774 2326 1833 utilia
2375 1791 2481 1848 pro
2531 1772 2813 1847 temporis
2865 1771 3031 1830 illius

405 1864 577 1923 diam.
613 1865 681 1922 In
712 1863 965 1923 concilio
996 1864 1423 1923 constantiensi
1459 1861 1686 1942 (1414—
1745 1862 2007 1933 historia,
2043 1866 2245 1921 carent
2275 1862 2464 1938 pretio
2499 1861 2849 1937 theologice.

414 1948 516 2034 17)
580 1971 823 2030 magnas
885 1953 1095 2011 habuit
1144 1957 1371 2028 partes;
1436 1953 1687 2012 sessioni
3030 2005 3033 2006 γ

403 2042 619 2101 tertiae
649 2043 777 2118 ipse
810 2042 1123 2118 praesedit,
1176 2043 1453 2102 omnibus
1505 2062 1685 2119 nego·
1800 2089 1803 2090 ν
1836 2050 1979 2105 368.
2015 2039 2204 2108 Quam
2223 2039 2486 2115 plurima
2512 2039 2760 2113 reliquit
2792 2034 3034 2117 (saltem

404 2132 756 2190 tiationibus
789 2129 999 2200 adfuit,
1035 2130 1243 2207 synodi
1288 2132 1486 2190 anima
1529 2151 1686 2190 nun·
1745 2146 1790 2187 c.
1834 2126 1983 2211 153)
2030 2130 2101 2188 de
2150 2130 2344 2189 omnis
2388 2128 2625 2205 generis
2661 2127 3033 2204 argumentis

405 2224 673 2296 cupatus.
705 2220 849 2297 Ejus
866 2219 1132 2295 impulsu
1137 2221 1242 2295 jus
1261 2221 1532 2298 suffragii
1549 2239 1687 2281 con·
1742 2218 1961 2294 scripta
1977 2215 2040 2300 ¹),
2077 2238 2329 2294 quorum
2362 2218 2561 2293 aliqua
2605 2217 2700 2275 hic
2744 2215 3028 2274 indicabi—

405 2327 635 2368 cessum
668 2314 762 2368 est
793 2309 1133 2368 doctoribus
1165 2310 1494 2386 theologiae
1513 2314 1575 2369 et
1585 2311 1684 2386 ju·
1745 2327 1893 2369 mus,
1922 2308 2015 2366 Ad
2045 2308 2353 2382 philoso
2373 2307 2628 2382 phiam
2662 2309 2897 2381 praeter
2916 2305 3031 2362 alia

405 2399 504 2469 ris,
537 2398 910 2474 principibus
941 2416 1265 2473 eorumque
1294 2399 1519 2475 legatis.
1549 2399 1686 2475 Ipso
1743 2401 1976 2472 spectat
2006 2401 2082 2455 tr.
2113 2398 2183 2455 de
2214 2398 2417 2455 anima
2449 2394 2709 2470 scriptus
2743 2414 2790 2455 a.
2837 2403 3028 2456 1372:

403 2493 616 2564 agente
649 2488 874 2545 statuta
894 2487 1127 2546 decreta
1159 2488 1230 2546 de
1251 2488 1681 2559 reformatione,
1741 2486 1975 2561 saepius
1997 2486 2214 2553 editus»,
2249 2488 2321 2543 ut
2341 2484 2586 2543 Parisiis
2615 2494 2810 2554 14943
2844 2493 3027 2545 1503.

405 2579 703 2635 statutum
734 2580 807 2634 ut
836 2594 1027 2634 novus
1058 2576 1384 2653 eligeretur
1414 2578 1682 2652 pontifex
1749 2586 1911 2637 1505
1979 2579 2087 2633 etc.
2157 2609 2246 2618 -—
2319 2573 2815 2632 Scholastica
2888 2577 3030 2631 sunt

404 2665 477 2724 ad
495 2664 999 2743 exstinguendum
1019 2665 1284 2735 schisma,
1320 2669 1380 2725 et
1399 2666 1685 2740 aliquam·
1749 2665 2119 2736 Quaestione-3
2147 2682 2329 2741 super
2356 2674 2401 2724 1.
2422 2672 2476 2726 3.
2493 2666 2555 2722 et
2574 2671 2612 2726 4
2629 2661 2689 2721 ll.
2707 2661 3030 2722 sententia—

404 2755 508 2813 diu
538 2774 749 2831 parum
781 2755 989 2825 absuit,
1026 2755 1169 2830 quin
1191 2756 1321 2831 ipse
1341 2756 1681 2832 eligeretur.
1744 2773 1873 2812 rum
1908 2751 1983 2835 (a.
2017 2751 2224 2834 1375),
2261 2752 2555 2811 Bruxellis
2583 2761 2769 2821 14783
2802 2754 3027 2827 Argen-

404 2844 599 2903 Electo
621 2843 874 2903 Martino
895 2843 958 2901 V.
981 2843 1055 2902 ab
1075 2844 1184 2903 hoc
1204 2845 1569 2904 constitutus
1588 2849 1685 2904 est
1741 2843 1922 2902 torati
2008 2852 2207 2914 149Ο;
2288 2841 2551 2901 Venetiis
2636 2852 2801 2904 1500
2882 2842 3030 2908 etc.;

403 2934 639 3010 legatus
670 2933 1085 2992 avenionensis
1118 2930 1178 3013 (†
1216 2944 1268 2996 9.
1302 2936 1454 3010 Aug.
1497 2944 1681 3005 1420;
1742 2931 2020 3000 Quaestio
2068 2933 2138 2990 de
2183 2933 2538 3008 Resumpta:
2618 2930 2822 2989 Utrum
2874 2929 3033 2986 Petri

405 3022 731 3082 secundum
765 3022 998 3098 aliquos
1029 3032 1191 3085 1419
1215 3023 1310 3081 vel
1338 3020 1549 3095 1425).
1581 3023 1688 3081 Vir
1744 3022 2000 3079 Ecclesia
2051 3041 2178 3099 reye
2218 3022 2587 3099 yubernetur,
2634 3020 2761 3095 lege
2793 3019 3028 3096 regule-

402 3116 533 3170 erat
565 3130 704 3170 sane
735 3111 1031 3181 eruditus,
1066 3112 1128 3170 in
1150 3110 1455 3170 dialectica
1487 3100 1683 3171 versa-
1742 3117 1860 3180 tur,
1893 3110 2007 3168 fide
2055 3111 2455 3179 confirmetur,
2493 3111 2631 3185 jure
2679 3109 3030 3175 dominetur,

400 3205 520 3270 tus,
538 3218 733 3277 sagax,
752 3200 851 3258 sed
884 3200 1081 3259 minus
1112 3199 1333 3259 solidae
1363 3201 1683 3271 doctrinae,
1743 3201 2127 3275 Argentorati
2156 3210 2340 3264 1490,
2360 3199 2520 3257 inter
2539 3198 2804 3256 Gersonii
2828 3216 2918 3273 op.
2940 3195 3029 3255 ed.

402 3293 474 3348 ut
514 3290 665 3348 illud
709 3289 965 3365 elogium
1015 3289 1276 3365 ,Aquila
1305 3290 1580 3349 Franciae
1627 3296 1687 3348 et
1744 3288 1941 3364 Dupin
1973 3290 2017 3357 1,
2057 3298 2180 3351 672
2218 3308 2322 3359 ss;
2370 3289 2576 3345 Utrum
2620 3288 2883 3344 Trinitas
2900 3305 3028 3365 per-

400 3378 809 3438 aberrantium
833 3397 867 3436 a
887 3378 1135 3436 veritate
1157 3379 1408 3438 malleus
1428 3379 1685 3437 indefes·
1742 3395 2022 3436 sonarum
2071 3379 2131 3435 in
2175 3396 2298 3436 una
2342 3384 2561 3434 natura
2606 3383 2911 3434 creaturae
2956 3378 3030 3432 sic

401 3476 542 3528 sus⁴t
576 3486 712 3528 vere
744 3467 825 3525 sit
856 3472 1276 3543 exaggeratum
1294 3466 1355 3549 ι).
1390 3469 1455 3526 In
1490 3468 1685 3543 philo·
1745 3464 2311 3535 incommunicabilis,
2376 3466 2452 3527 ib.
2506 3466 2550 3535 I,
2608 3475 2731 3527 617
2784 3482 2892 3532 ss,;
2956 3464 3029 3521 ad

404 3558 609 3634 sophia
628 3559 688 3615 et
706 3556 1003 3633 theologia
1022 3556 1303 3631 sequitur
1336 3557 1683 3616 nominalis·
1742 3555 1987 3613 eandem
2021 3576 2074 3631 q.
2110 3557 2424 3630 respon-«sic,
2458 3554 2537 3615 ib.
2571 3554 2615 3621 Ι,
2654 3562 2812 3623 625;
2860 3554 2928 3611 de
2959 3554 3027 3609 li-

403 3666 584 3717 mum,
619 3646 758 3705 hinc
786 3649 967 3722 negat
1013 3646 1272 3704 valorem
1305 3650 1684 3722 argumento·
1742 3645 1954 3703 ber-tate
1985 3649 2291 3703 creaturae
2323 3642 2633 3702 rationalis
2663 3647 2802 3700 ante
2821 3645 3031 3716 etpost

402 3756 534 3795 rum
556 3734 806 3796 rationis
825 3754 932 3810 pro
952 3735 1298 3794 exsistentia
1315 3730 1513 3818 Dei2);
1547 3754 1684 3795 con-
1743 3733 1994 3809 lapsum,
2042 3733 2121 3791 ib.
2154 3734 2200 3801 1,
2239 3743 2397 3802 630;
2442 3739 2639 3790 utrum
2685 3733 3029 3789 conscientia

1743 3841 1983 3880 erronea
2016 3829 2240 3880 excuset
2272 3842 2310 3879 a
2339 3822 2528 3896 culpa,
2563 3820 2640 3879 ib.
2677 3820 2719 3889 1,
2760 3830 2882 3882 636
2919 3838 3027 3888 sss

1744 3912 1921 3969 Liber
1952 3906 2249 3992 (libellus)
2284 3911 2752 3983 sacramentalis,
2802 3909 2895 3968 vel
2927 3910 3026 3968 Sa-

488 3984 518 4033 ’1
550 3976 849 4030 Denifle
899 3976 1106 4030 Introd.
1157 3976 1226 4028 ad
1269 3979 1308 4031 t.
1350 3981 1398 4032 3.
1452 3977 1682 4029 Chattu-

403 4047 527 4100 larii
557 4047 714 4102 univ.
743 4048 912 4116 paris.
941 4046 1216 4116 p.xv[11.
1248 4052 1407 4101 notat
1433 4064 1495 4101 ex
1518 4049 1686 4102 docu-

405 4118 608 4172 mentis
634 4136 665 4171 a
695 4136 750 4171 se
780 4119 838 4171 in
864 4119 970 4171 hoc
998 4122 1035 4172 t.
1079 4119 1245 4172 editis
1286 4120 1684 4189 corrigendum

404 4206 521 4242 esse
544 4193 801 4244 nostrum
847 4191 915 4243 de
943 4190 1066 4259 ipso
1100 4191 1419 4258 judicium:
1464 4208 1527 4245 ex
1567 4190 1683 4245 illis

404 4261 554 4314 enim
582 4278 856 4332 apparere
885 4261 942 4314 P.
972 4261 1040 4314 de
1071 4263 1287 4317 Alliuco
1328 4279 1475 4321 „uon
1504 4265 1685 4317 solum

405 4336 469 4385 ut
512 4333 896 4396 ambitiosum,
944 4336 1000 4385 et
1046 4333 1175 4400 plus
1222 4352 1388 4401 quam
1431 4332 1544 4388 alii.
1589 4334 1685 4386 sed

404 4404 573 4456 etiam
601 4405 888 4457 hominem
917 4405 1217 4472 ambiguae
1261 4405 1393 4459 fidei
1420 4409 1683 4473 reputan-

403 4474 479 4527 du
489 4494 556 4537 m,
580 4475 681 4544 qui
703 4479 1003 4544 propterea
1019 4492 1047 4529 e
1065 4480 1265 4529 senatu
1287 4477 1684 4545 magistrorum

1742 4052 1848 4102 :200
1892 4063 1960 4101 ss.
2008 4045 2210 4098 Varios
2257 4062 2400 4113 quos
2448 4047 2643 4097 tuetur
2682 4059 2895 4097 erroris
2938 4044 3028 4096 vel

1743 4117 2041 4242 gzinilonzgs
2088 4118 2399 4246 iligigesagias
2444 4115 2747 4243 οξὸζώεοὴιπ
2792 4115 2829 4169 t'.
2870 4115 3027 4167 kath.

1830 4205 1981 4243 ec..
2197 4193 2485 4251 7,·-57-;
2547 4202 2595 4241 ·.

1819 4264 1855 4330 ¹)
1899 4263 1980 4313 Cf.
2023 4192 2476 4330 iser-gedroether
2515 4258 2626 4311 KL.
2671 4259 2707 4319 Ι,
2750 4262 3027 4315 369-73z

1743 4332 2077 4402 praeprimis
2129 4331 2362 4384 bchwab
2390 4332 2620 4393 Ger-son,
2666 4328 3027 4397 Wirceburgi

1745 4408 1910 4459 1858:
1959 4403 2015 4456 P.
2045 4403 2354 4457 Tscha-kcrt
2383 4401 2438 4455 P.
2468 4418 2579 4454 von
2612 4400 2781 4467 Ailly.
2813 4401 3026 4453 Gothcc

1742 4479 1878 4530 1877
1900 4477 1997 4533 :et
2022 4475 2349 4542 Realeucyc.
2382 4474 2446 4535 1⁸,
2473 4478 2636 4529 :274---
2651 4476 2781 4528 280:
2810 4471 3025 4525 Ludov.

402 4548 670 4615 expulsus
697 4550 932 4601 t'uerat.⁴·
1742 4545 2051 4600 Salembier
2078 4546 2137 4601 P.
2166 4546 2234 4599 de
2262 4544 2498 4607 Anime,
2543 4543 2683 4596 Line
2714 4548 2852 4599 1886
2879 4547 2894 4611 (
2932 4543 3026 4596 oll.

477 4622 517 4681 ἰ1
547 4618 628 4671 Cf.
672 4618 930 4672 Stockl
981 4618 1180 4674 Gesch.
1224 4619 1323 4672 der
1365 4618 1568 4673 Philos.
1615 4619 1681 4673 11.
1743 4618 2130 4677 Rottmunner.
2178 4617 2347 4670 Liter.
2390 4615 2738 4669 Ruudschau
2789 4619 2926 4670 1888
2973 4633 3024 4683 p.

404 4695 542 4746 10:29
570 4709 669 4746 ss:
709 4690 777 4739 W
799 4708 827 4742 6
848 4707 1015 4743 rner
1055 4690 1146 4742 die
1181 4689 1682 4743 nominalisirende
1740 4695 1806 4745 17
1837 4692 1955 4747 ssjp:
1992 4691 2154 4742 Feret
2183 4690 2273 4751 IV.
2305 4692 2562 4745 ish-2232
2591 4686 2772 4740 Finke
2806 4685 3027 4738 Forsch.

405 4760 775 4831 Psychologie
799 4760 857 4813 in
882 4761 980 4815 der
1001 4761 1275 4814 Scholast.
1297 4762 1392 4814 des
1422 4764 1682 4829 spateren
1709 4744 1714 4805 1
1742 4760 1861 4813 und
1890 4752 2125 4823 Quellen
2170 4778 2268 4811 zur
2298 4761 2493 4813 ‹iesch.
2537 4758 2633 4810 des
2677 4757 3027 4811 Konstauzer

402 4831 763 4887 Mittelalters
807 4838 940 4888 1882
971 4851 1024 4901 p.
1053 4838 1121 4888 29
1148 4850 1247 4887 ss:
1291 4832 1380 4885 die
1409 4818 1990 4909 Scholast.}KonziIS,
2044 4832 2367 4884 Puderborn
2417 4836 2584 4886 1889:
2639 4830 2707 4882 de
2755 4828 2939 4880 Hurdt
2991 4831 3024 4880 1.

402 4902 500 4955 des
545 4907 808 4973 spateren
853 4902 1212 4959 Mittelnlters
1259 4904 1348 4965 IV,
1399 4910 1447 4967 1,
1487 4909 1555 4959 69
1584 4922 1682 4960 ssa
1737 4907 2002 4957 Ἀεὶ-88.
2029 4898 2058 4924 ⁶
3030 4942 3035 4950 -
