3475 5364
2793 345 2961 399 1534

347 346 510 400 1533
646 328 677 381 J
683 326 922 392 overius‚
950 326 1250 391 Pratanus‚
1280 324 1685 391 Curtenbosch,
1712 324 2049 392 Trivultius‚
2077 324 2292 397 Magni,
2327 325 2629 397 Vergilius.

337 513 501 572 auxit
531 515 574 570 t.
612 523 686 583 4.,
721 512 992 572 Coloniae
1031 521 1192 576 1567
1213 508 1278 588 ¹).
1328 511 1492 570 Obiit
1535 512 1628 569 vir
1678 511 1938 570 nuncius
1970 531 2019 575 a.
2060 521 2225 574 1522
2262 513 2324 571 in
2356 513 2574 572 Suecia.
2638 514 2848 572 Postea
2879 513 2963 572 fa-

338 602 837 680 diligentissimus
887 611 985 664 30.
1019 603 1172 677 Aug.
1225 610 1391 663 1554
1441 620 1489 663 a.
1528 618 1625 658 ae·
1680 604 1814 660 ctus
1891 606 1981 659 est
2070 601 2545 678 archiepiscopus
2635 603 2966 678 upsalensis

338 692 483 751 tatis
537 700 635 755 83.
698 724 783 735 --
846 691 1058 749 Merito
1121 690 1212 748 his
1274 690 1628 767 adjungitur
1682 684 1928 770 (1535).
1975 689 2180 749 Multis
2210 691 2432 750 chartis
2465 694 2526 749 et
2561 692 2965 751 monumentis

336 781 752 839 Franciscu
775 798 803 838 s
848 780 887 839 J
903 778 1213 839 overius
1252 778 1624 848 Valentinus,
1682 797 1881 837 secum
1913 780 2234 853 asportatis
2266 780 2509 838 Romam
2540 781 2718 855 petiit
2750 781 2965 840 Gusta-

338 870 685 947 parisiensis
714 868 935 937 doctor,
970 868 1076 944 qui
1105 867 1342 943 collegit
1372 870 1626 927 sanctio·
1681 887 1826 926 vum
1875 868 1920 929 1.
1972 886 2170 944 regem
2219 868 2568 946 religionem
2616 871 2780 929 cathc
2792 870 2963 929 licam

338 978 440 1018 nes
476 960 880 1017 ecclesiasticas
922 961 1046 1016 tam
1093 957 1401 1033 synodicas
1446 977 1622 1033 quam
1680 956 2064 1033 abrogantem
2101 976 2222 1016 non
2252 958 2464 1028 serena,
2498 958 2767 1034 obiitque
2798 959 2965 1018 exsul

337 1048 670 1125 pontificias
704 1048 769 1106 in
788 1056 821 1110 3
847 1047 1062 1105 classes
1082 1045 1456 1117 distributas,
1479 1066 1624 1122 qua·
1678 1046 1896 1104 Romae
1931 1055 2030 1109 22.
2064 1047 2233 1105 Mart.
2277 1056 2459 1109 1544.
2504 1047 2847 1124 Composuit
2876 1050 2963 1107 hi-

339 1156 473 1196 rum
516 1148 564 1198 1.
586 1136 950 1195 universales
970 1136 1247 1212 synodos,
1287 1144 1340 1197 2.
1363 1136 1624 1211 particu-
1678 1138 1922 1194 storiam
1973 1137 2230 1194 ecclesiae
2272 1137 2744 1210 metropolitanae
2786 1157 2964 1213 apsa-

338 1225 507 1297 lareS‚
546 1236 604 1290 3.
637 1225 941 1300 pontificia
972 1225 1205 1283 decreta
1238 1222 1298 1307 (a
1327 1226 1624 1284 Nicolao
1680 1226 1873 1301 lensis,
1911 1244 2088 1300 quam
2121 1225 2299 1284 frater
2344 1226 2474 1301 ejus
2508 1224 2743 1285 Olaus
2777 1232 2837 1284 et
2868 1245 2963 1285 co-

334 1311 410 1396 1.)
453 1315 867 1390 complectitur
913 1310 1002 1393 (in
1026 1309 1330 1393 epitome),
1379 1314 1623 1373 Parisiis
1678 1331 1804 1372 mes
1837 1314 1901 1372 in
1934 1314 2137 1372 exsilio
2171 1315 2387 1373 Romae
2407 1314 2594 1373 edidit
2624 1325 2783 1377 1577
2821 1315 2963 1374 sub-

344 1415 371 1467 1
388 1414 464 1468 55
477 1398 560 1487 5.)
592 1438 673 1447 -
710 1403 754 1461 L
770 1424 805 1462 a
819 1422 861 1462 u
876 1423 907 1461 r
921 1422 952 1462 e
966 1423 1006 1461 n
1027 1404 1088 1461 ti
1103 1423 1144 1461 u
1161 1422 1188 1462 s
1235 1404 1281 1461 P
1296 1422 1327 1460 r
1344 1406 1523 1462 a'tan
1540 1424 1584 1462 u
1598 1422 1624 1461 s
1670 1403 1899 1478 junctis
1959 1403 2315 1477 quibusdam
2365 1404 2620 1462 auctoris
2669 1404 2962 1480 epistolis;

337 1488 642 1575 (Despres)
705 1493 960 1552 Nervius
972 1537 985 1563 ,
1050 1493 1367 1551 canonicus
1431 1493 1626 1568 coepit
1678 1491 1867 1551 edidit
1896 1510 2134 1568 quoque
2166 1492 2297 1567 ejus
2328 1493 2635 1551 historiam
2662 1494 2962 1569 qothorum

337 1584 640 1641 historiam
688 1600 888 1640 rerum
938 1581 1003 1640 in
1049 1582 1270 1657 synodo
1331 1582 1623 1641 triden-

337 1672 505 1729 tina
534 1674 838 1748 gestarum
884 1671 957 1729 ad
992 1670 1273 1729 Ottonem
1304 1670 1620 1730 Truchses-

339 1761 493 1819 sium
525 1761 676 1820 card.
723 1763 784 1818 et
811 1760 1154 1835 episcopum
1199 1763 1620 1836 augustanum,

338 1868 489 1925 quae
521 1849 992 1908 consideratione
1039 1848 1223 1925 digna
1261 1852 1367 1907 est.
1428 1849 1622 1908 Inter-

336 1939 454 1998 fuit
508 1939 794 1998 nimirum
856 1938 1082 2014 synodo
1143 1956 1260 2012 qua
1307 1938 1622 2015 theologus

337 2046 472 2086 cum
504 2028 708 2094 Franc.
742 2028 962 2087 Sonnio
994 2030 1056 2086 et
1072 2027 1196 2085 Car.
1219 2028 1290 2085 de
1305 2027 1456 2103 Croy
1485 2047 1622 2085 nar-

336 2120 548 2192 ratque
579 2120 747 2193 gesta
779 2120 909 2175 octo
943 2115 1275 2175 sessionum
1307 2136 1341 2173 a
1370 2126 1464 2178 13.
1488 2117 1620 2176 Dec.

345 2215 508 2268 1545
556 2206 630 2263 ad
684 2217 777 2268 11.
825 2205 994 2263 Mart.
1057 2214 1241 2267 1547.
1302 2204 1505 2263 Edidit
1546 2205 1620 2263 il-

335 2293 454 2351 lam
486 2293 726 2352 demum
756 2293 850 2351 Le
882 2294 1057 2351 Plat
1100 2293 1165 2351 in
1209 2293 1620 2352 Monumento·

337 2401 471 2440 rum
503 2382 576 2439 ad
608 2381 916 2441 historiam
961 2399 1117 2440 conc.
1162 2381 1477 2441 tridentini
1515 2402 1621 2457 po-

332 2470 629 2529 tissimum
711 2470 1139 2529 illustrandum
1219 2472 1621 2546 spectantium

333 2559 510 2635 ampl.
559 2560 688 2619 coll.
722 2559 848 2618 VH.
895 2579 951 2635 p.
988 2569 1022 2621 2
1057 2579 1113 2635 p.
1157 2569 1382 2623 1—39.
1417 2594 1505 2603 —-
1536 2562 1619 2619 De

334 2649 542 2708 iisdem
586 2648 709 2709 fere
757 2649 1117 2708 sessionibus
1163 2650 1512 2709 relationem
1543 2650 1618 2708 li-

332 2740 478 2798 teris
510 2739 885 2815 consignavit
915 2739 1064 2797 alter
1094 2739 1275 2816 Belga
1302 2739 1345 2797 J
1356 2758 1618 2799 oannes

333 2828 405 2886 de
421 2829 805 2887 Curtenbo
822 2829 940 2888 sch
958 2827 1352 2904 gandavensis
1366 2848 1423 2888 n.
1453 2840 1617 2892 1494

335 2916 393 2996 (†
426 2935 470 2976 c.
498 2928 525 2980 1
540 2912 711 2998 550),
745 2917 851 2993 qui
871 2918 1209 2977 studiorum
1231 2936 1408 3000 causa
1429 2918 1619 2978 varias

330 3006 674 3082 peragravit
748 3006 1018 3083 Europae
1096 3007 1368 3084 regiones
1438 3026 1619 3083 seque

333 3094 512 3152 etiam
561 3094 909 3153 Tridentum
960 3096 1231 3154 contulit.
1301 3097 1620 3171 Reperitur

333 3200 403 3240 ea
451 3182 517 3240 in
565 3183 741 3256 ampl.
795 3182 921 3240 coll.
970 3184 1320 3244 Martene
1369 3189 1432 3244 et
1481 3186 1616 3244 Du-

333 3271 559 3329 ran'di
592 3270 749 3340 VIII,
792 3280 1243 3335 1022—1218.
1299 3307 1373 3318 —
1410 3277 1616 3350 Augu·

333 3360 528 3417 stinus
574 3359 1025 3418 Trivultius
1068 3360 1293 3419 illustri
1342 3363 1620 3438 prosapia

331 3448 649 3507 Mediolani
680 3468 737 3506 n.
772 3468 808 3508 a
833 3468 1019 3525 puero
1051 3449 1338 3509 virtutem
1378 3456 1617 3511 secutus

332 3538 407 3597 ob
438 3537 736 3613 egregiam
770 3537 1029 3597 indolem
1061 3537 1228 3597 brevi
1260 3540 1333 3598 ad
1355 3559 1618 3599 summos

331 3626 670 3686 conscendit
701 3627 1242 3698 honores3aLeone
1274 3629 1340 3690 X.
1386 3633 1618 3689 creatus

330 3719 420 3775 est
436 3715 749 3774 cardinalis
768 3712 828 3798 (†
860 3729 871 3776 1
895 3712 1064 3798 548).
1086 3717 1368 3793 Coeperat
1376 3719 1543 3793 gravi
1559 3722 1619 3777 et

330 3805 591 3881 eleganti
626 3805 764 3864 stilo
785 3805 1085 3864 historiam
1102 3823 1248 3864 rom.
1267 3808 1616 3882 pontificum

327 3898 388 3953 et
421 3894 824 3964 cardinalium,
871 3913 1051 3970 quam
1098 3898 1286 3954 morte
1332 3915 1615 3971 praeven-

327 3987 428 4042 tus
460 3984 620 4059 typis
638 3983 916 4042 mandare
930 4002 1053 4042 non
1072 3986 1298 4060 potuit:
1332 4005 1399 4043 ea
1416 3989 1617 4045 tamen

331 4073 427 4130 usi
460 4075 603 4131 sunt
649 4072 953 4131 Ciaconius
1000 4076 1065 4131 et
1095 4073 1436 4133 PanviniuS.
1471 4075 1613 4134 Plu·

329 4160 512 4219 rimae
556 4162 734 4219 etiam
778 4164 1012 4221 exstant
1054 4162 1318 4222 virorum
1351 4164 1613 4223 erudito·

330 4268 465 4308 rum
497 4249 572 4308 ad
605 4270 739 4308 eum
773 4251 996 4309 literae.

423 4435 455 4489 ’7
467 4437 566 4489 00.
598 4427 684 4485 De
716 4428 958 4486 ecclesiis
977 4429 1444 4503 particularibus
1477 4448 1613 4506 ege-

330 4518 502 4573 runt:
593 4515 933 4574 Joannes
1010 4518 1261 4594 Magni
1356 4514 1615 4598 (suevice

330 4603 367 4661 S
379 4607 408 4660 t
422 4622 455 4663 o
466 4599 521 4685 r)
538 4604 1141 4679 Lincopensis,Gothu
1148 4626 1191 4676 S,
1210 4606 1611 4677 HadrianiVI.,

327 4711 506 4766 quem
576 4694 822 4753 Lovanii
898 4694 1203 4754 docentem
1284 4696 1610 4766 audiverat,

1676 1600 2049 1657 sveonumque
2080 1600 2115 1639 a
2143 1581 2393 1658 Magogo
2439 1586 2500 1640 et
2544 1582 2752 1658 primis
2786 1583 2964 1659 origi-

1678 1670 1857 1728 nibus
1907 1689 2096 1745 usque
2144 1670 2218 1729 ad
2268 1689 2377 1730 sua
2425 1674 2694 1747 tempora
2743 1672 2807 1730 ll.
2863 1681 2961 1742 24,

1679 1759 1896 1818 Romae
1921 1769 2084 1822 1554
2119 1777 2253 1818 cum
2286 1760 2576 1832 iconibu8‚
2610 1765 2672 1819 et
2703 1761 2831 1819 sine
2851 1761 2963 1819 illis

1677 1847 1945 1907 Basileae
1984 1856 2185 1918 15583
2239 1859 2402 1911 1567
2453 1849 2518 1908 in
2554 1858 2617 1920 83
2668 1854 2961 1926 Argento-

1676 1937 1792 1995 rati
1833 1947 2015 2001 1607.
2065 1937 2218 1996 Hinc
2251 1937 2433 1997 Olaus
2480 1938 2827 2015 designatus
2875 1943 2965 1998 est

1676 2025 1740 2084 in
1772 2045 2164 2086 successorem
2196 2027 2399 2086 fratris
2432 2028 2526 2086 sui
2560 2023 2808 2108 (1544),
2860 2047 2960 2087 ve-

1676 2134 1810 2174 rum
1871 2116 1922 2174 ei
1989 2116 2188 2175 sedem
2248 2116 2624 2192 upsalensem
2679 2135 2963 2191 occupare

1675 2223 1985 2279 nunquam
2053 2205 2223 2263 licuit
2289 2200 2353 2287 (†
2409 2217 2456 2268 1.
2519 2207 2674 2282 Aug.
2748 2201 2961 2286 1558).

1678 2293 1929 2368 Scripsit
1942 2289 2001 2375 ¹)
2024 2295 2278 2352 tabulam
2300 2302 2594 2378 terraram
2625 2297 2961 2369 septentrio·

1675 2379 1899 2441 natium
1930 2393 1992 2441 et
2021 2402 2223 2441 rerum
2253 2383 2614 2443 mirabilium
2660 2385 2723 2441 in
2769 2384 2853 2443 eis
2902 2390 2963 2443 et

1675 2488 1889 2530 oceano
1933 2471 2127 2532 vicino
2144 2516 2157 2541 ,
2211 2490 2346 2532 cum
2389 2473 2567 2531 variis
2618 2474 2960 2532 animalium

1676 2560 1901 2637 figuris,
1954 2561 2219 2620 Venetiis
2271 2570 2471 2631 15:393
2519 2562 2713 2621 italice
2769 2561 2964 2636 Opera

1674 2649 1834 2708 breve
1878 2651 1939 2710 la
1985 2650 2162 2726 quale
2212 2650 2553 2710 demonstra
2597 2655 2658 2711 et
2707 2650 2964 2711 dichiara

1674 2758 1850 2800 overe
1881 2740 1955 2799 da
1984 2740 2028 2797 il
2058 2741 2231 2800 modo
2262 2740 2436 2800 facile
2468 2741 2528 2799 di
2573 2740 2881 2801 intendere
2903 2742 2962 2800 la

1673 2830 1876 2888 charta
1918 2848 2060 2889 over
2102 2829 2256 2888 delle
2300 2835 2456 2889 terre
2486 2830 2870 2906 frigidissime
2901 2831 2961 2888 di

1675 2920 2085 2988 settentrione,
2120 2918 2389 2977 Venetiis
2429 2928 2627 2989 1559,
2681 2938 2832 2994 opus
2865 2939 2957 2977 ra-

1672 3008 1975 3066 rissimum
2007 3003 2109 3089 (m.
2147 3003 2332 3088 500);
2379 3008 2650 3067 Historia
2680 3009 2749 3066 de
2774 3011 2959 3086 qouti-

1674 3092 1784 3155 bus
1819 3097 2357 3170 septentrionalibus
2400 3116 2724 3172 eorumque
2769 3097 2961 3156 diver-

1674 3186 1756 3244 sis
1789 3186 2045 3244 statibus
2093 3188 2154 3244 et
2198 3186 2464 3244 moribus
2511 3187 2571 3244 ll.
2617 3186 2796 3245 XXII.
2846 3188 2959 3245 Bo-

1672 3293 1805 3332 mae
1847 3284 2009 3336 1555
2048 3293 2184 3333 cum
2215 3274 2426 3350 figuris
2459 3276 2523 3333 in
2553 3274 2629 3346 f.;
2687 3275 2955 3335 Basileae

1680 3372 1842 3427 1567
1882 3359 1982 3445 (m.
2003 3358 2131 3442 80).
2177 3364 2372 3438 Hujus
2402 3366 2677 3440 epitomen
2709 3365 2960 3423 confecit

1673 3453 1980 3510 Cornelius
2044 3452 2503 3511 Scribonius
2557 3453 2957 3529 Grapheus

1672 3540 1944 3610 Flander‚
1992 3542 2353 3616 Antverpiae
2393 3551 2591 3612 15583
2648 3551 2810 3605 1562
2847 3546 2953 3601 etc.

1673 3663 1759 3671 —
1821 3629 2151 3706 Polydorus
2227 3629 2632 3708 Vergilius
2708 3631 2958 3690 Urbinas

1671 3718 1976 3778 Bononiae
2006 3719 2212 3777 literas
2244 3718 2452 3778 didicit
2495 3724 2557 3778 et
2601 3720 2818 3782 docuit.
2867 3721 2959 3779 Ab

1672 3807 2007 3867 Alexandro
2040 3808 2135 3866 VI.
2187 3807 2409 3867 missus
2443 3813 2531 3867 est
2563 3809 2624 3866 in
2657 3810 2955 3887 Angliam,

1672 3899 1745 3954 ut
1803 3899 2138 3972 questorem
2202 3914 2310 3955 seu
2366 3899 2735 3957 collectorem
2798 3898 2959 3958 oboli

1670 4004 1713 4047 s.
1747 3985 1910 4044 Petri
1947 3989 2164 4062 ageret.
2224 3986 2317 4043 Ab
2363 3987 2616 4046 Henrico
2649 3987 2774 4046 VH.
2820 4007 2958 4046 con-

1672 4074 1928 4133 stitutus
1961 4075 2407 4134 archidiaconus
2439 4076 2738 4135 wellensis
2756 4077 2819 4135 in
2837 4079 2956 4134 An·

1669 4163 1791 4239 glia
1819 4164 2028 4233 haesit,
2063 4165 2245 4224 donec
2276 4165 2341 4223 in
2361 4165 2590 4223 senium
2612 4169 2806 4224 aetate
2824 4185 2955 4224 ver-

1668 4257 1847 4328 gente
1894 4253 2180 4312 Urbinum
2245 4257 2338 4312 est
2399 4273 2672 4314 reversus
2722 4250 2956 4336 (15503

1667 4340 1703 4409 †
1743 4337 1955 4423 1555).
1990 4343 2241 4417 Scripsit
2271 4343 2554 4402 historiae
2592 4344 2856 4421 anglicae
2893 4344 2955 4401 ll.

1668 4430 1869 4501 XXIV,
1904 4431 2167 4490 Basileae
2205 4441 2405 4502 15343
2459 4442 2624 4496 1570
2659 4433 2722 4491 in
2752 4432 2790 4490 f.
2826 4433 2955 4491 Col-

1668 4519 1894 4596 legerat
1937 4539 2175 4597 quoque
2218 4522 2482 4579 omnium
2530 4523 2954 4598 episcoporum,

1667 4627 1817 4683 quos
1856 4609 2028 4667 annis
2075 4629 2224 4685 pene
2268 4610 2432 4669 mille
2464 4611 2682 4688 Anglia
2726 4610 2952 4680 habuit,

1747 4817 1784 4886 ¹)
1812 4813 1896 4870 cf.
1941 4814 2011 4867 de
2058 4817 2306 4883 utroque
2352 4815 2644 4870 Fabricius
2689 4816 2757 4880 V,
2802 4820 2836 4873 6
2879 4834 2952 4876 s.;

407 4885 442 4953 ¹)
470 4881 553 4937 Cf.
581 4882 817 4937 Salmon
855 4883 995 4939 ibid.
1036 4902 1092 4954 p.
1118 4889 1219 4941 291
1249 4901 1350 4942 sa:
1398 4888 1611 4942 728-40.
1669 4885 1939 4940 Archivio
1967 4886 2174 4941 storico
2201 4886 2324 4941 ital.
2354 4891 2509 4945 1891.
2539 4887 2658 4952 Vll,
2690 4891 2952 4944 117—28.
