3475 5364
536 365 655 415 799

530 531 905 607 discipulum,
973 530 1295 604 aequalem.
1355 529 1659 605 collegam,
1725 531 1809 589 la·

529 621 742 678 borum
832 619 1479 694 controversiarumque
1568 620 1807 694 partici-

529 728 680 784 pem,
730 708 1064 768 studiorum
1113 711 1466 767 consortem.
1532 708 1726 766 Natus
1759 709 1809 766 is

530 801 621 856 est
665 818 710 855 c.
769 807 925 859 1367
978 797 1327 872 parentibus
1375 798 1660 858 honestis,
1709 798 1811 856 sed

531 885 770 946 humilis
804 887 1089 946 fortunae.
1170 887 1325 944 Puer
1371 886 1701 945 duodennis
1747 888 1811 944 in

530 976 837 1052 collegium
882 994 1235 1034 navarreum
1284 975 1400 1034 fuit
1446 981 1718 1050 receptus
1752 984 1811 1033 et

529 1066 592 1123 in
624 1065 845 1124 artium
878 1066 1228 1141 magistrum
1263 1070 1587 1139 promotus.
1656 1066 1809 1123 Dum

529 1154 600 1213 de
621 1155 849 1212 artibus
883 1154 1230 1212 liberalibus
1251 1154 1676 1229 praelectiones
1706 1155 1807 1213 ha-

527 1245 711 1312 beret,
744 1243 1075 1318 theologiae
1097 1261 1331 1318 operam
1364 1243 1529 1302 dedit
1559 1242 1810 1302 ducibus

529 1334 704 1392 Petro
754 1332 825 1390 de
871 1332 1098 1391 Alliaco
1149 1336 1209 1389 et
1255 1333 1550 1398 Gersonio‚
1604 1351 1808 1391 verum

528 1423 692 1480 ultra
723 1422 1236 1480 baccalaureatum
1267 1440 1387 1479 non
1430 1422 1546 1480 fuit
1577 1440 1810 1496 promo·

527 1517 628 1570 tus
662 1511 812 1569 forte
843 1511 1125 1586 pecuniae
1157 1510 1406 1568 defectu.
1470 1509 1603 1570 Suis
1637 1530 1807 1585 prae·

529 1600 883 1658 lectionibus
899 1599 970 1657 de
987 1600 1345 1673 antiquitate
1356 1600 1601 1659 classica
1615 1600 1809 1674 splen-

530 1689 662 1748 duit
693 1694 754 1747 et
786 1709 834 1747 a.
875 1700 899 1749 1
917 1698 1039 1750 393
1088 1689 1496 1747 universitatis
1528 1695 1813 1748 rectorem

529 1779 682 1854 egit:
728 1778 865 1836 inde
899 1778 1217 1851 implicitus
1249 1778 1364 1835 fuit
1397 1779 1671 1837 omnibus
1703 1797 1806 1836 ne-

528 1867 724 1944 gotiis,
760 1866 1195 1934 controversiis,
1243 1867 1438 1925 turbis
1481 1867 1555 1926 ob
1587 1867 1810 1925 tristis·

529 1958 743 2015 simum
793 1957 1061 2015 schisma.
1142 1956 1229 2014 Ob
1275 1956 1587 2014 tullianam
1640 1975 1812 2015 suam

528 2045 866 2104 facundiam
916 2046 1214 2104 academia
1265 2045 1517 2102 libenter
1565 2064 1672 2104 usa
1720 2050 1814 2104 est

528 2137 655 2210 ejus
688 2134 930 2202 calamo,
970 2135 1139 2210 cujus
1172 2135 1410 2193 nomine
1443 2135 1808 2209 eloquentis-

528 2225 703 2282 simas
749 2223 1031 2298 epistolas
1079 2224 1314 2299 scripsit
1363 2243 1469 2298 pro
1515 2225 1811 2284 Ecclesiae

526 2333 668 2388 pace
700 2314 772 2371 ad
794 2312 1018 2370 Galliae
1041 2313 1275 2388 Regem.
1299 2313 1657 2371 Clementem
1678 2314 1805 2372 Vll.

529 2408 588 2460 et
623 2403 1005 2460 Benedictum
1040 2401 1195 2460 XIII.
1277 2402 1487 2461 Literis
1531 2403 1606 2461 ad
1653 2403 1812 2460 hunc

528 2491 763 2565 scriptis
798 2491 941 2549 adeo
974 2491 1155 2564 hujus
1177 2492 1502 2564 promeruit
1534 2492 1804 2567 gratiam,

463 2609 466 2612 “
529 2587 596 2637 ut
618 2580 972 2638 Benedictus
1002 2580 1201 2654 ipsum
1226 2579 1497 2654 selegerit
1531 2581 1590 2638 in
1624 2599 1810 2639 secre-

525 2669 783 2749 tarium(
801 2682 815 2731 1
837 2663 1017 2751 397):
1060 2669 1215 2744 quod
1247 2689 1465 2728 munus
1488 2669 1815 2729 amicorum

527 2760 768 2818 consilio
821 2760 949 2816 ideo
1001 2760 1343 2833 acceptavit,
1394 2764 1466 2817 ut
1515 2760 1808 2818 Ecclesiae

528 2850 682 2907 bono
731 2852 792 2906 et
845 2848 969 2922 paci
1021 2852 1218 2923 posset
1274 2849 1596 2906 consulere.
1678 2849 1809 2907 Mox

528 2946 728 2995 tamen
775 2955 909 2995 eum
945 2937 1235 2994 serviendi
1271 2938 1511 2995 tenebat
1543 2938 1808 3007 satietas,

529 3025 810 3085 taedebat
843 3026 1220 3083 vehementer
1270 3027 1483 3089 curiae.
1533 3027 1812 3085 taedebat

527 3114 758 3183 turbae,
822 3114 1094 3172 taedebat
1144 3116 1462 3183 tumultus,
1529 3116 1811 3174 taedebat

530 3203 868 3263 ambitionis
914 3210 974 3262 et
1004 3223 1234 3262 morum
1282 3204 1344 3261 in
1376 3205 1678 3280 plerisque
1725 3206 1810 3264 vi-

530 3294 848 3353 tiosorum:
872 3294 1089 3367 pietate
1116 3313 1246 3351 vero
1266 3312 1407 3369 erga
1425 3295 1810 3353 Benedictum

530 3390 726 3443 motus
776 3383 970 3440 noluit
1020 3401 1156 3440 eum
1208 3383 1270 3440 in
1315 3383 1498 3441 tantis
1544 3384 1809 3442 deserere

528 3473 819 3550 angustiis
866 3476 926 3529 et
973 3472 1182 3530 turbis.
1261 3472 1414 3530 Hinc
1448 3473 1568 3547 ipse
1602 3492 1662 3531 se
1696 3473 1804 3530 im-

529 3562 766 3621 miscuit
797 3562 1005 3620 multis
1029 3561 1320 3620 molestiis
1343 3580 1623 3637 acresque
1656 3564 1717 3619 in
1750 3581 1810 3619 se

528 3652 847 3711 concitavit
882 3652 1203 3710 amicorum
1224 3654 1286 3708 et
1303 3652 1628 3710 concivium
1665 3671 1809 3726 que-

528 3744 712 3801 relas:
749 3761 929 3817 quare
965 3741 1162 3799 aulam
1195 3741 1460 3798 deseruit
1493 3745 1568 3809 et,
1604 3744 1675 3798 ut
1705 3740 1808 3798 ad·

1059 350 1429 401 1426—1450.
1460 344 1652 397 Theol.
1682 344 1856 400 schol.
1884 344 2156 398 Nicolaus
2183 342 2251 396 de
2282 343 2621 412 Clemangis,

3024 361 3145 414 300

1865 530 2069 607 igitur,
2106 528 2311 588 scribit
2341 528 2414 587 ad
2450 528 2814 596 Monam-olet,
2865 546 2957 585 me
2990 529 3144 586 ulte·

1865 619 1992 678 rius
2027 619 2260 677 latitare
2280 618 2580 677 volentem
2615 621 2678 677 et
2710 623 2938 676 secreta
2969 617 3146 676 silen-

1865 709 1952 767 tia
1983 710 2302 783 quietaque
2352 709 2472 767 otia
2522 707 2681 766 cordi
2732 706 2970 781 quidem
3016 724 3148 781 per-

1865 801 2038 873 grata
2068 807 2129 855 et
2160 797 2393 872 corpori
2412 797 2782 856 accommoda
2801 796 3149 872 perquiren-

1866 894 1985 945 tem
2032 888 2093 945 in
2141 885 2361 944 medios
2408 887 2681 944 aularum
2722 886 3008 961 strepitus
3042 929 3052 939 .
3089 929 3100 940 .
3136 931 3149 944 .

1866 976 2144 1034 inducere
2175 975 2385 1033 velle.‘
2449 976 2518 1032 In
2552 975 2655 1033 hac
2700 993 2896 1033 eremo
2929 974 3150 1050 pretio-

1868 1066 2134 1124 sissimos
2153 1063 2421 1122 condidit
2442 1064 2676 1122 libellos
2694 1061 2761 1143 ¹),
2783 1068 2854 1122 ut
2868 1065 3149 1136 defructu

1865 1158 2045 1213 eremi
2077 1153 2149 1212 ad
2185 1154 2424 1212 Petrum
2461 1153 2532 1211 de
2562 1153 2822 1222 Alliac03
2856 1155 2924 1210 de
2954 1154 3149 1227 fructu

1865 1263 2064 1301 rerum
2116 1244 2497 1301 adversarum
2516 1263 2544 1312 ,·
2575 1241 2646 1303 de
2677 1244 2839 1302 novis
2865 1242 3145 1316 festivita·

1865 1334 2015 1390 tibus
2034 1351 2147 1390 non
2175 1333 2563 1407 institumdis,
2587 1331 2936 1389 Helmstadii
2969 1339 3148 1392 17113.

1865 1423 1928 1480 in
1990 1440 2107 1496 quo
2178 1420 2601 1497 obligationem
2664 1419 3148 1479 sanctificationis

1867 1512 2095 1570 dierum
2143 1510 2379 1569 Domini
2422 1510 2771 1584 eloquenter
2816 1515 2878 1568 et
2920 1509 3151 1568 fortiter

1866 1604 2059 1676 urget,
2108 1600 2210 1657 sed
2255 1598 2544 1657 festorum
2592 1599 3149 1674 multiplicationem

1866 1690 2068 1764 carpit:
2102 1689 2171 1745 de
2201 1689 2392 1746 studio
2433 1686 2752 1763 theoloqico,
2801 1706 2977 1762 quem
3023 1687 3149 1761 ejus

1866 1778 2057 1836 editor
2076 1776 2190 1835 d'A
2210 1778 2291 1835 ch
2309 1796 2340 1834 e
2357 1796 2441 1853 ry
2461 1777 2684 1852 (Spicil.
2704 1777 2784 1846 1²,
2811 1781 2963 1848 475)
3007 1795 3147 1842 ,au-

1866 1886 2031 1926 reum
2054 1867 2430 1940 opusculum,
2456 1866 2944 1926 eruditissimum.
2967 1863 3150 1924 solide

1866 1959 2031 2032 pium
2052 1975 2118 2015 ac
2136 1955 2463 2014 doctrinam
2496 1955 2879 2030 antiquorum
2911 1961 3150 2030 patrum

1868 2045 2229 2103 redolentem
2262 2045 2524 2103 librum‘
2549 2049 2764 2103 censet.
2818 2042 2949 2104 Non
2970 2050 3150 2101 mente

1866 2136 2049 2193 solum
2079 2154 2107 2191 a
2128 2134 2417 2209 Babylone
2447 2134 2852 2192 discedendum
2883 2152 3015 2202 esse,
3052 2133 3150 2190 sed

1867 2227 2038 2281 etiam
2069 2241 2308 2297 corpore
2320 2245 2345 2296 ;
2375 2224 2445 2280 de
2473 2224 2595 2294 filio
2612 2224 2875 2300 prodiq0‚
2908 2224 2979 2281 de
2998 2224 3146 2280 anti-

1866 2315 2098 2386 christe,
2146 2318 2255 2370 ete.
2334 2312 2703 2389 Congregata
2750 2311 2977 2387 synodo
3009 2328 3146 2369 con·

1867 2401 2177 2460 stantiensi
2226 2401 2406 2459 fortes
2454 2401 2529 2459 ad
2573 2401 2839 2476 ejusdem
2887 2401 3152 2458 membra

1867 2491 2031 2549 dedit
2065 2491 2367 2566 epistolaS,
2416 2490 2637 2564 quibus
2685 2509 2753 2548 ea
2798 2491 2886 2549 sui
2918 2489 3150 2549 monuit

1867 2580 2063 2646 officii,
2098 2583 2168 2638 ut
2199 2586 2437 2639 strenue
2473 2579 2704 2638 Domini
2738 2583 2979 2655 agerent
3012 2597 3146 2636 cau-

1867 2690 2003 2728 sam.
2070 2669 2220 2728 Hinc
2265 2668 2339 2728 ob
2387 2687 2561 2729 suum
2610 2669 2681 2728 de
2729 2668 2961 2730 concilii
2995 2668 3148 2727 bono

1867 2760 2032 2817 exitu
2067 2759 2333 2817 studium
2380 2758 2574 2817 dictus
2622 2764 2714 2817 est
2762 2760 2881 2825 ,lux
2915 2757 3147 2818 concilii

1866 2848 2367 2915 constantiensi3‚‘
2417 2848 2533 2907 etsi
2566 2848 2650 2905 illi
2705 2868 2824 2907 non
2858 2846 3146 2906 interfuit.

1867 2939 2074 3011 Neque
2138 2937 2436 3012 principes
2497 2938 2896 3012 praetermisit
2956 2936 3149 2994 verbis

1868 3045 2104 3086 monere
2124 3027 2427 3102 gravibus,
2463 3045 2538 3084 ne
2569 3027 2690 3085 suis
2711 3026 2984 3086 deessent
3014 3043 3145 3100 par-

1864 3117 2044 3183 tibus,
2081 3116 2232 3174 utin
2254 3119 2512 3174 oratione
2532 3115 2604 3173 ad
2627 3116 2949 3175 Galliarum
2980 3115 3146 3189 prin-

1867 3206 2057 3281 cipes;
2104 3207 2173 3261 ds
2202 3206 2373 3277 lapsu
2408 3212 2457 3262 et
2490 3208 2862 3277 reparatione
2880 3206 3149 3279 justitiae

1864 3297 1935 3352 acl
1956 3295 2296 3369 Philippum
2319 3293 2705 3370 Burgundiae
2727 3292 3147 3378 ducem,yien-

1867 3402 1976 3441 nae
2018 3394 2219 3449 1481;
2254 3383 2492 3441 Parisiis
2534 3393 2737 3449 15123
2800 3392 2959 3446 1519
2995 3382 3056 3439 in
3096 3391 3150 3444 4.

1867 3474 2155 3531 Abdicato
2175 3473 2522 3533 canonicatu
2540 3472 2911 3548 lingoniensi‚
2947 3475 3151 3531 cantor

1864 3562 2191 3638 bajocensis
2221 3561 2641 3631 constituit-un
2676 3562 2794 3620 alia
2811 3580 2952 3619 vero
2971 3561 3149 3618 bene-

1866 3651 2001 3710 ficia
2047 3651 2160 3710 sibi
2221 3650 2420 3709 oblata
2469 3652 2779 3719 recusavit,
2834 3668 2965 3709 cum
3012 3651 3150 3723 jure

1866 3741 2145 3799 canonico
2178 3758 2379 3798 eorum
2405 3741 2796 3815 prohibeatur
2817 3740 3150 3814 pluralitas.

527 3832 927 3889 versariorum
960 3837 1196 3888 caveret
1229 3831 1564 3889 vexationes
1605 3833 1666 3888 et
1696 3830 1807 3887 mi·
1865 3831 2037 3888 Anno
2081 3839 2238 3891 1425
2285 3848 2419 3887 eum
2453 3830 2672 3887 iterum
2709 3829 2949 3889 Parisiis
2984 3847 3147 3902 repe-

526 3940 648 3990 nse,
669 3920 741 3977 ad
764 3920 1181 3977 carthusianos
1205 3920 1263 3975 in
1285 3920 1462 3977 Vallis
1486 3920 1809 3993 profundae
1865 3920 2050 3978 rimus
2083 3919 2510 3993 praelectiones
2546 3919 2877 3976 habentem.
2943 3917 3149 3975 Mortis

527 4004 970 4090 (Valprofonds)
983 4007 1167 4073 dom0‚
1183 4008 1391 4065 deinde
1408 4009 1479 4066 ad
1495 4008 1731 4067 Fontem
1750 4009 1810 4067 in
1870 4062 1917 4066 „
1936 4062 2017 4067 ,ψ

529 4100 712 4157 Bosco
761 4097 1074 4175 (Fontaine
1122 4097 1205 4154 du
1237 4098 1406 4171 Bosc)
1457 4117 1516 4155 se
1566 4098 1805 4174 recepit,
1940 4133 1979 4185 ι)
2009 4123 2278 4193 Kngpfler
2328 4124 2441 4178 ΚΒ.
2496 4124 2613 4185 1x··,
2665 4129 2797 4181 302:
2864 4125 2923 4178 [n
2970 4123 3153 4175 dieser

529 4189 970 4259 calumniasque
1039 4186 1101 4242 in
1164 4205 1225 4244 se
1276 4187 1565 4261 conjectas
1625 4187 1809 4246 literis
1865 4192 2371 4265 liebgewonnenen
2427 4196 2783 4249 Einsamkeit
2822 4194 3041 4249 schrieb
3094 4209 3154 4246 er

528 4294 1004 4351 quaquaversum
1024 4276 1217 4333 missis
1238 4272 1430 4333 diluit.
1471 4276 1540 4333 In
1563 4277 1669 4334 hoc
1688 4277 1808 4334 otio
1864 4268 1956 4321 die
2001 4269 2303 4320 Ssshssustffll
2350 4267 2468 4321 und
2497 4267 2938 4336 gssmfltvollflten
2972 4266 3152 4319 Brieff'

528 4372 588 4423 et
638 4384 775 4441 pace
826 4365 1077 4423 lectione
1129 4385 1172 4422 s.
1226 4364 1577 4439 Scripturae,
1629 4385 1807 4442 quam
1862 4358 1937 4391 ³¹²
1979 4339 2132 4392 seine
2172 4340 2433 4393 Freundfl
2461 4340 2693 4423 Gerana,
2740 4337 3152 4425 ἀἈῘΠῩΩΜΟῺ·

529 4459 666 4514 ante
689 4474 886 4514 amore
918 4455 1225 4513 literarum
1246 4454 1623 4513 classicarum
1652 4454 1808 4514 haud
1861 4410 3155 4549 ἱξὲἶιθὲξέἓξξὲᾇὲξῇωξὴξὲῗρ1.νὲξέἰὲθῖ

527 4564 733 4620 parum
767 4545 1126 4619 neglexerat,
1178 4548 1239 4603 et
1286 4544 1483 4604 studio
1529 4544 1808 4621 diligenti
1863 4555 1956 4608 die
1985 4571 2096 4608 von
2141 4554 2360 4608 soleher
2388 4554 2679 4624 lnnigkeit
2721 4555 2819 4608 des
2847 4553 3152 4609 Glaubens.

529 4654 740 4712 magna
772 4632 1083 4691 fruebatur
1112 4633 1342 4691 animae
1387 4633 1587 4707 quiete
1620 4638 1680 4691 gt
1714 4654 1803 4693 SO-
1864 4625 2083 4679 solcher
2134 4626 2389 4680 Zarth‘eit
2438 4626 2538 4679 der
2594 4625 2981 4696 Etnpfindung
3033 4620 3152 4678 und

528 4724 684 4793 latio,
723 4727 790 4781 ut
822 4723 1007 4781 veluti
1053 4725 1466 4798 praegustaret
1497 4723 1808 4781 beatorum
1863 4696 2108 4821 Ξοιυὴθη)
2152 4697 2307 4750 Effer
2346 4697 2440 4750 mr
2464 4696 2557 4751 die
2586 4698 2763 4752 SstChfl
2792 4700 2988 4778 (ὶοῦωὲ
3034 4691 3152 4750 und

1904 4786 1965 4822 as
1994 4769 2122 4823 Heil
2148 4770 2246 4823 ‹ler
2273 4769 2468 4823 Seelen
2512 4786 2745 4839 mugen,
2787 4769 2891 4822 da‘l
2938 4784 3016 4821 sie
3045 4782 3154 4819 uns

526 4813 760 4891 gandia·
829 4812 980 4871 ffinc
1013 4812 1237 4871 frustm
1267 4813 1463 4872 conati
1505 4818 1648 4871 sunt
1679 4813 1808 4889 ejus
1866 4840 2299 4894 unwillkurlicb
2315 4842 2419 4895 mit
2438 4841 2709 4911 Achtung
2732 4841 2851 4894 und
2874 4839 3155 4908 Begeiste·

528 4906 696 4962 amici
732 4923 866 4962 eum
900 4903 1153 4962 Parisios
1187 4920 1473 4962 revocare.
1540 4903 1809 4971 ,Desiste
1864 4929 2014 4982 rung
2042 4914 2132 4964 fiir
2159 4912 2268 4965 den
2303 4914 2589 4966 Verfaaser
2616 4912 2879 4966 erfflllen.
