<?xml version="1.0" encoding="UTF-8"?>
<!DOCTYPE html PUBLIC "-//W3C//DTD XHTML 1.0 Transitional//EN"
    "http://www.w3.org/TR/xhtml1/DTD/xhtml1-transitional.dtd">
<html xmlns="http://www.w3.org/1999/xhtml" xml:lang="en" lang="en">
 <head>
  <title>
</title>
<meta http-equiv="Content-Type" content="text/html;charset=utf-8" />
  <meta name='ocr-system' content='tesseract 3.04.00' />
  <meta name='ocr-capabilities' content='ocr_page ocr_carea ocr_par ocr_line ocrx_word'/>
</head>
<body>
  <div class='ocr_page' id='page_1' title='image "./nomenclatorlite10hurtgoog_0090.png"; bbox 0 0 3475 5364; ppageno 0'>
   <div class='ocr_carea' id='block_1_1' title="bbox 614 335 3302 2033">
    <p class='ocr_par' dir='ltr' id='par_1_1' title="bbox 614 335 3302 2033">
     <span class='ocr_line' id='line_1_1' title="bbox 614 335 3288 415; baseline -0.004 -16"><span class='ocrx_word' id='word_1_1' title='bbox 614 360 651 415; x_wconf 86' lang='lat'><strong>·1</strong></span> <span class='ocrx_word' id='word_1_2' title='bbox 672 362 748 415; x_wconf 79' lang='lat'><strong>55</strong></span> <span class='ocrx_word' id='word_1_3' title='bbox 1007 346 1378 398; x_wconf 75' lang='lat'>1142-1170.</span> <span class='ocrx_word' id='word_1_4' title='bbox 1408 338 1673 408; x_wconf 87' lang='lat' dir='ltr'><strong>Liturgia</strong></span> <span class='ocrx_word' id='word_1_5' title='bbox 1700 343 1760 393; x_wconf 88' lang='lat' dir='ltr'><strong>et</strong></span> <span class='ocrx_word' id='word_1_6' title='bbox 1784 338 2022 392; x_wconf 83' lang='lat' dir='ltr'><strong>Ascesis.</strong></span> <span class='ocrx_word' id='word_1_7' title='bbox 2051 338 2224 401; x_wconf 73' lang='lat' dir='ltr'><strong>Isaac,</strong></span> <span class='ocrx_word' id='word_1_8' title='bbox 2252 337 2530 391; x_wconf 80' lang='lat' dir='ltr'><strong>Henricus</strong></span> <span class='ocrx_word' id='word_1_9' title='bbox 2557 335 2711 391; x_wconf 77' lang='lat' dir='ltr'><strong>Meu.</strong></span> <span class='ocrx_word' id='word_1_10' title='bbox 2740 339 2842 390; x_wconf 80' lang='lat' dir='ltr'><strong>etc.</strong></span> <span class='ocrx_word' id='word_1_11' title='bbox 3167 353 3191 402; x_wconf 70' lang='grc' dir='ltr'>ι</span> <span class='ocrx_word' id='word_1_12' title='bbox 3208 351 3288 403; x_wconf 71' lang='lat'><strong>55</strong></span> 
     </span>
     <span class='ocr_line' id='line_1_2' title="bbox 716 522 3296 607; baseline -0.005 -16"><span class='ocrx_word' id='word_1_13' title='bbox 716 538 815 593; x_wconf 89' lang='lat'><strong>88.</strong></span> <span class='ocrx_word' id='word_1_14' title='bbox 848 531 901 588; x_wconf 84' lang='lat' dir='ltr'>A</span> <span class='ocrx_word' id='word_1_15' title='bbox 932 528 1212 587; x_wconf 78' lang='lat' dir='ltr'><strong>Gratiano</strong></span> <span class='ocrx_word' id='word_1_16' title='bbox 1240 525 1642 604; x_wconf 87' lang='lat' dir='ltr'><strong>sejungendus</strong></span> <span class='ocrx_word' id='word_1_17' title='bbox 1660 542 1785 583; x_wconf 90' lang='lat' dir='ltr'><strong>non</strong></span> <span class='ocrx_word' id='word_1_18' title='bbox 1815 527 1907 607; x_wconf 73' lang='lat' dir='ltr'><strong>est</strong></span> <span class='ocrx_word' id='word_1_19' title='bbox 1959 524 2199 594; x_wconf 87' lang='lat' dir='ltr'><strong>inedita,</strong></span> <span class='ocrx_word' id='word_1_20' title='bbox 2231 523 2390 582; x_wconf 86' lang='lat' dir='ltr'><strong>inter</strong></span> <span class='ocrx_word' id='word_1_21' title='bbox 2420 542 2574 598; x_wconf 87' lang='lat' dir='ltr'><strong>quae</strong></span> <span class='ocrx_word' id='word_1_22' title='bbox 2604 528 2666 582; x_wconf 90' lang='lat' dir='ltr'><strong>et</strong></span> <span class='ocrx_word' id='word_1_23' title='bbox 2696 523 3208 583; x_wconf 82' lang='lat' dir='ltr'><strong>commentarius</strong></span> <span class='ocrx_word' id='word_1_24' title='bbox 3228 522 3296 578; x_wconf 74' lang='lat' dir='ltr'><strong>in</strong></span> 
     </span>
     <span class='ocr_line' id='line_1_3' title="bbox 627 610 2709 696; baseline -0.003 -19"><span class='ocrx_word' id='word_1_25' title='bbox 627 620 671 677; x_wconf 92' lang='lat' dir='ltr'>P</span> <span class='ocrx_word' id='word_1_26' title='bbox 688 638 777 677; x_wconf 89' lang='lat' dir='ltr'><strong>au</strong></span> <span class='ocrx_word' id='word_1_27' title='bbox 794 636 926 693; x_wconf 86' lang='lat' dir='ltr'><strong>cap</strong></span> <span class='ocrx_word' id='word_1_28' title='bbox 942 616 1110 676; x_wconf 85' lang='lat' dir='ltr'><strong>alea</strong></span> <span class='ocrx_word' id='word_1_29' title='bbox 1141 610 1550 696; x_wconf 90' lang='lat' dir='ltr'><strong>(Pocapaglia)</strong></span> <span class='ocrx_word' id='word_1_30' title='bbox 1582 616 1815 691; x_wconf 89' lang='lat' dir='ltr'><strong>primus</strong></span> <span class='ocrx_word' id='word_1_31' title='bbox 1845 617 1908 673; x_wconf 89' lang='lat' dir='ltr'><strong>et</strong></span> <span class='ocrx_word' id='word_1_32' title='bbox 1959 615 2248 675; x_wconf 80' lang='lat' dir='ltr'><strong>canticum</strong></span> <span class='ocrx_word' id='word_1_33' title='bbox 2275 615 2632 673; x_wconf 75' lang='lat' dir='ltr'><strong>canticorum</strong></span> <span class='ocrx_word' id='word_1_34' title='bbox 2645 612 2709 690; x_wconf 83' lang='lat'><strong>¹).</strong></span> 
     </span>
     <span class='ocr_line' id='line_1_4' title="bbox 625 703 1908 781; baseline -0.003 -15"><span class='ocrx_word' id='word_1_35' title='bbox 625 708 778 766; x_wconf 86' lang='lat' dir='ltr'><strong>fidus</strong></span> <span class='ocrx_word' id='word_1_36' title='bbox 810 706 1077 765; x_wconf 84' lang='lat' dir='ltr'><strong>Gratiani</strong></span> <span class='ocrx_word' id='word_1_37' title='bbox 1106 705 1451 781; x_wconf 71' lang='lat' dir='ltr'><strong>discipulae,</strong></span> <span class='ocrx_word' id='word_1_38' title='bbox 1482 705 1588 779; x_wconf 90' lang='lat' dir='ltr'><strong>qui</strong></span> <span class='ocrx_word' id='word_1_39' title='bbox 1618 704 1822 763; x_wconf 87' lang='lat' dir='ltr'><strong>floruit</strong></span> <span class='ocrx_word' id='word_1_40' title='bbox 1842 703 1908 761; x_wconf 88' lang='lat' dir='ltr'><strong>in</strong></span> 
     </span>
     <span class='ocr_line' id='line_1_5' title="bbox 625 792 3300 873; baseline -0.002 -18"><span class='ocrx_word' id='word_1_41' title='bbox 625 797 831 873; x_wconf 87' lang='lat' dir='ltr'><strong>primis</strong></span> <span class='ocrx_word' id='word_1_42' title='bbox 862 797 1020 854; x_wconf 86' lang='lat' dir='ltr'><strong>inter</strong></span> <span class='ocrx_word' id='word_1_43' title='bbox 1050 814 1100 853; x_wconf 90' lang='lat' dir='ltr'><strong>a.</strong></span> <span class='ocrx_word' id='word_1_44' title='bbox 1143 803 1427 857; x_wconf 78' lang='lat'>1144·50</span> <span class='ocrx_word' id='word_1_45' title='bbox 1461 797 1523 851; x_wconf 88' lang='lat' dir='ltr'><strong>et</strong></span> <span class='ocrx_word' id='word_1_46' title='bbox 1554 793 1706 852; x_wconf 87' lang='lat' dir='ltr'><strong>forte</strong></span> <span class='ocrx_word' id='word_1_47' title='bbox 1725 792 1908 852; x_wconf 85' lang='lat' dir='ltr'><strong>etiam</strong></span> <span class='ocrx_word' id='word_1_48' title='bbox 2055 803 2154 855; x_wconf 82' lang='grc'><strong>90.</strong></span> <span class='ocrx_word' id='word_1_49' title='bbox 2189 792 2497 851; x_wconf 79' lang='lat' dir='ltr'>Praeclara</span> <span class='ocrx_word' id='word_1_50' title='bbox 2539 792 2824 869; x_wconf 90' lang='lat' dir='ltr'><strong>opuscula</strong></span> <span class='ocrx_word' id='word_1_51' title='bbox 2870 792 3170 852; x_wconf 85' lang='lat' dir='ltr'><strong>ascetica</strong></span> <span class='ocrx_word' id='word_1_52' title='bbox 3201 809 3300 849; x_wconf 89' lang='lat' dir='ltr'><strong>re·</strong></span> 
     </span>
     <span class='ocr_line' id='line_1_6' title="bbox 619 880 3299 961; baseline -0.001 -17"><span class='ocrx_word' id='word_1_53' title='bbox 619 887 721 961; x_wconf 90' lang='lat' dir='ltr'><strong>jus</strong></span> <span class='ocrx_word' id='word_1_54' title='bbox 753 885 1099 944; x_wconf 90' lang='lat' dir='ltr'><strong>canonicum</strong></span> <span class='ocrx_word' id='word_1_55' title='bbox 1130 883 1348 943; x_wconf 77' lang='lat' dir='ltr'><strong>docuit</strong></span> <span class='ocrx_word' id='word_1_56' title='bbox 1394 882 1532 941; x_wconf 86' lang='lat' dir='ltr'><strong>Alia</strong></span> <span class='ocrx_word' id='word_1_57' title='bbox 1560 883 1720 941; x_wconf 85' lang='lat' dir='ltr'><strong>vitae</strong></span> <span class='ocrx_word' id='word_1_58' title='bbox 1751 882 1908 958; x_wconf 84' lang='lat' dir='ltr'><strong>ejus·</strong></span> <span class='ocrx_word' id='word_1_59' title='bbox 1962 881 2144 957; x_wconf 84' lang='lat' dir='ltr'><strong>liquit</strong></span> <span class='ocrx_word' id='word_1_60' title='bbox 2192 881 2573 940; x_wconf 84' lang='lat' dir='ltr'><strong>Henricus</strong></span> <span class='ocrx_word' id='word_1_61' title='bbox 2621 881 2808 940; x_wconf 85' lang='lat' dir='ltr'><strong>frater</strong></span> <span class='ocrx_word' id='word_1_62' title='bbox 2856 880 3067 941; x_wconf 83' lang='lat' dir='ltr'><strong>laicus</strong></span> <span class='ocrx_word' id='word_1_63' title='bbox 3122 880 3299 942; x_wconf 80' lang='lat'>0813.</span> 
     </span>
     <span class='ocr_line' id='line_1_7' title="bbox 625 969 3302 1049; baseline -0.002 -16"><span class='ocrx_word' id='word_1_64' title='bbox 625 975 758 1033; x_wconf 88' lang='lat' dir='ltr'><strong>dem</strong></span> <span class='ocrx_word' id='word_1_65' title='bbox 789 974 1073 1049; x_wconf 87' lang='lat' dir='ltr'><strong>adjuncta</strong></span> <span class='ocrx_word' id='word_1_66' title='bbox 1102 975 1246 1032; x_wconf 84' lang='lat' dir='ltr'><strong>sunt</strong></span> <span class='ocrx_word' id='word_1_67' title='bbox 1273 973 1452 1048; x_wconf 90' lang='lat' dir='ltr'><strong>plane</strong></span> <span class='ocrx_word' id='word_1_68' title='bbox 1481 972 1737 1031; x_wconf 83' lang='lat' dir='ltr'><strong>incerta:</strong></span> <span class='ocrx_word' id='word_1_69' title='bbox 1771 971 1908 1029; x_wconf 90' lang='lat' dir='ltr'><strong>reli·</strong></span> <span class='ocrx_word' id='word_1_70' title='bbox 1965 971 2334 1040; x_wconf 79' lang='lat' dir='ltr'><strong>MellicensiS‚</strong></span> <span class='ocrx_word' id='word_1_71' title='bbox 2356 971 2461 1046; x_wconf 90' lang='lat' dir='ltr'><strong>qui</strong></span> <span class='ocrx_word' id='word_1_72' title='bbox 2476 970 2678 1031; x_wconf 81' lang='lat' dir='ltr'><strong>floruit</strong></span> <span class='ocrx_word' id='word_1_73' title='bbox 2692 971 2847 1030; x_wconf 87' lang='lat' dir='ltr'><strong>circa</strong></span> <span class='ocrx_word' id='word_1_74' title='bbox 2860 971 3069 1047; x_wconf 82' lang='lat' dir='ltr'><strong>hujus</strong></span> <span class='ocrx_word' id='word_1_75' title='bbox 3094 969 3302 1029; x_wconf 83' lang='lat' dir='ltr'><strong>seculi</strong></span> 
     </span>
     <span class='ocr_line' id='line_1_8' title="bbox 627 1058 3302 1141; baseline -0.001 -18"><span class='ocrx_word' id='word_1_76' title='bbox 627 1064 829 1141; x_wconf 89' lang='lat' dir='ltr'><strong>giosus</strong></span> <span class='ocrx_word' id='word_1_77' title='bbox 861 1067 1064 1121; x_wconf 86' lang='lat' dir='ltr'><strong>tamen</strong></span> <span class='ocrx_word' id='word_1_78' title='bbox 1108 1061 1288 1120; x_wconf 83' lang='lat' dir='ltr'><strong>fuisse</strong></span> <span class='ocrx_word' id='word_1_79' title='bbox 1334 1060 1587 1122; x_wconf 84' lang='lat' dir='ltr'><strong>videtur.</strong></span> <span class='ocrx_word' id='word_1_80' title='bbox 1650 1061 1774 1137; x_wconf 91' lang='lat' dir='ltr'><strong>Ipsi</strong></span> <span class='ocrx_word' id='word_1_81' title='bbox 1800 1060 1909 1119; x_wconf 87' lang='lat' dir='ltr'><strong>tri·</strong></span> <span class='ocrx_word' id='word_1_82' title='bbox 1966 1058 2244 1129; x_wconf 88' lang='lat' dir='ltr'><strong>medium,</strong></span> <span class='ocrx_word' id='word_1_83' title='bbox 2308 1060 2430 1124; x_wconf 84' lang='lat' dir='ltr'><strong>scil.</strong></span> <span class='ocrx_word' id='word_1_84' title='bbox 2496 1059 2777 1119; x_wconf 77' lang='lat' dir='ltr'><strong><em>Memento</em></strong></span> <span class='ocrx_word' id='word_1_85' title='bbox 2810 1096 2814 1101; x_wconf 92' lang='lat'>-</span> <span class='ocrx_word' id='word_1_86' title='bbox 2838 1063 3005 1119; x_wconf 73' lang='lat' dir='ltr'><strong>mori</strong></span> <span class='ocrx_word' id='word_1_87' title='bbox 3064 1060 3302 1137; x_wconf 79' lang='lat' dir='ltr'><strong>lingua</strong></span> 
     </span>
     <span class='ocr_line' id='line_1_9' title="bbox 627 1147 3300 1226; baseline -0.002 -14"><span class='ocrx_word' id='word_1_88' title='bbox 627 1153 866 1212; x_wconf 88' lang='lat' dir='ltr'><strong>buenda</strong></span> <span class='ocrx_word' id='word_1_89' title='bbox 909 1156 1003 1211; x_wconf 87' lang='lat' dir='ltr'><strong>est</strong></span> <span class='ocrx_word' id='word_1_90' title='bbox 1051 1151 1259 1210; x_wconf 86' lang='lat' dir='ltr'><strong>divisio</strong></span> <span class='ocrx_word' id='word_1_91' title='bbox 1292 1170 1347 1226; x_wconf 86' lang='lat' dir='ltr'><strong>p.</strong></span> <span class='ocrx_word' id='word_1_92' title='bbox 1379 1149 1427 1216; x_wconf 81' lang='grc' dir='ltr'><strong>Ι,</strong></span> <span class='ocrx_word' id='word_1_93' title='bbox 1458 1153 1519 1208; x_wconf 85' lang='lat' dir='ltr'><strong>et</strong></span> <span class='ocrx_word' id='word_1_94' title='bbox 1549 1150 1655 1213; x_wconf 90' lang='lat' dir='ltr'><strong>III.</strong></span> <span class='ocrx_word' id='word_1_95' title='bbox 1685 1150 1911 1209; x_wconf 86' lang='lat' dir='ltr'><strong>decreti</strong></span> <span class='ocrx_word' id='word_1_96' title='bbox 1965 1151 2300 1225; x_wconf 86' lang='lat' dir='ltr'><strong>germanica</strong></span> <span class='ocrx_word' id='word_1_97' title='bbox 2328 1153 2391 1208; x_wconf 91' lang='lat' dir='ltr'><strong>et</strong></span> <span class='ocrx_word' id='word_1_98' title='bbox 2420 1147 2843 1220; x_wconf 56' lang='lat' dir='ltr'><strong>Praestet-leben,</strong></span> <span class='ocrx_word' id='word_1_99' title='bbox 2880 1168 3052 1225; x_wconf 81' lang='lat' dir='ltr'><strong>quae</strong></span> <span class='ocrx_word' id='word_1_100' title='bbox 3092 1150 3300 1207; x_wconf 79' lang='lat' dir='ltr'><strong>edidit</strong></span> 
     </span>
     <span class='ocr_line' id='line_1_10' title="bbox 628 1238 3299 1319; baseline -0.001 -19"><span class='ocrx_word' id='word_1_101' title='bbox 628 1246 691 1300; x_wconf 86' lang='lat' dir='ltr'><strong>et</strong></span> <span class='ocrx_word' id='word_1_102' title='bbox 721 1241 1112 1319; x_wconf 64' lang='lat' dir='ltr'><strong>probabiliter</strong></span> <span class='ocrx_word' id='word_1_103' title='bbox 1154 1243 1233 1301; x_wconf 91' lang='lat' dir='ltr'><strong>tr.</strong></span> <span class='ocrx_word' id='word_1_104' title='bbox 1278 1239 1350 1298; x_wconf 91' lang='lat' dir='ltr'><strong>de</strong></span> <span class='ocrx_word' id='word_1_105' title='bbox 1392 1239 1791 1316; x_wconf 86' lang='lat' dir='ltr'><strong>poenitentia;</strong></span> <span class='ocrx_word' id='word_1_106' title='bbox 1828 1249 1906 1303; x_wconf 82' lang='lat'><strong>59</strong></span> <span class='ocrx_word' id='word_1_107' title='bbox 1966 1238 2124 1298; x_wconf 84' lang='lat' dir='ltr'><strong>Rich.</strong></span> <span class='ocrx_word' id='word_1_108' title='bbox 2157 1238 2398 1298; x_wconf 84' lang='lat' dir='ltr'><strong>Heinzel</strong></span> <span class='ocrx_word' id='word_1_109' title='bbox 2428 1239 2492 1298; x_wconf 87' lang='lat' dir='ltr'><strong>in</strong></span> <span class='ocrx_word' id='word_1_110' title='bbox 2523 1258 2616 1315; x_wconf 89' lang='lat' dir='ltr'><strong>op.</strong></span> <span class='ocrx_word' id='word_1_111' title='bbox 2636 1238 2917 1298; x_wconf 80' lang='lat' dir='ltr'><strong>Heinrich</strong></span> <span class='ocrx_word' id='word_1_112' title='bbox 2936 1256 3080 1299; x_wconf 84' lang='lat' dir='ltr'><strong>von</strong></span> <span class='ocrx_word' id='word_1_113' title='bbox 3100 1238 3299 1307; x_wconf 69' lang='lat' dir='ltr'><strong>Melk,</strong></span> 
     </span>
     <span class='ocr_line' id='line_1_11' title="bbox 629 1327 3300 1411; baseline -0.001 -21"><span class='ocrx_word' id='word_1_114' title='bbox 629 1333 832 1407; x_wconf 84' lang='lat' dir='ltr'><strong>paleas</strong></span> <span class='ocrx_word' id='word_1_115' title='bbox 862 1329 1108 1401; x_wconf 75' lang='lat' dir='ltr'><strong>addidit,</strong></span> <span class='ocrx_word' id='word_1_116' title='bbox 1126 1348 1279 1404; x_wconf 87' lang='lat' dir='ltr'><strong>quae</strong></span> <span class='ocrx_word' id='word_1_117' title='bbox 1309 1328 1384 1387; x_wconf 89' lang='lat' dir='ltr'><strong>ab</strong></span> <span class='ocrx_word' id='word_1_118' title='bbox 1415 1329 1544 1405; x_wconf 88' lang='lat' dir='ltr'><strong>ipso</strong></span> <span class='ocrx_word' id='word_1_119' title='bbox 1575 1347 1793 1388; x_wconf 89' lang='lat' dir='ltr'><strong>nomen</strong></span> <span class='ocrx_word' id='word_1_120' title='bbox 1821 1329 1909 1386; x_wconf 83' lang='lat' dir='ltr'><strong>vi·</strong></span> <span class='ocrx_word' id='word_1_121' title='bbox 1967 1327 2171 1386; x_wconf 81' lang='lat' dir='ltr'><strong>Berlin</strong></span> <span class='ocrx_word' id='word_1_122' title='bbox 2209 1337 2395 1392; x_wconf 84' lang='grc'><strong>1867.</strong></span> <span class='ocrx_word' id='word_1_123' title='bbox 2426 1360 2515 1374; x_wconf 86' lang='lat'>—</span> <span class='ocrx_word' id='word_1_124' title='bbox 2547 1328 2979 1403; x_wconf 84' lang='lat' dir='ltr'><strong>Rainaldus</strong></span> <span class='ocrx_word' id='word_1_125' title='bbox 3023 1328 3300 1411; x_wconf 75' lang='lat' dir='ltr'><strong>(Baiae-</strong></span> 
     </span>
     <span class='ocr_line' id='line_1_12' title="bbox 628 1413 3297 1499; baseline -0.001 -20"><span class='ocrx_word' id='word_1_126' title='bbox 628 1421 849 1479; x_wconf 89' lang='lat' dir='ltr'><strong>dentur</strong></span> <span class='ocrx_word' id='word_1_127' title='bbox 881 1419 1191 1494; x_wconf 87' lang='lat' dir='ltr'><strong>accepisse,</strong></span> <span class='ocrx_word' id='word_1_128' title='bbox 1236 1435 1465 1478; x_wconf 82' lang='lat' dir='ltr'>necnon</span> <span class='ocrx_word' id='word_1_129' title='bbox 1498 1422 1559 1476; x_wconf 87' lang='lat' dir='ltr'><strong>et</strong></span> <span class='ocrx_word' id='word_1_130' title='bbox 1588 1417 1816 1495; x_wconf 78' lang='lat' dir='ltr'><strong>glossas</strong></span> <span class='ocrx_word' id='word_1_131' title='bbox 1829 1413 1908 1499; x_wconf 80' lang='grc'><strong>1);</strong></span> <span class='ocrx_word' id='word_1_132' title='bbox 1966 1414 2097 1496; x_wconf 90' lang='lat' dir='ltr'><strong>rus)</strong></span> <span class='ocrx_word' id='word_1_133' title='bbox 2114 1421 2367 1493; x_wconf 83' lang='lat' dir='ltr'><strong>quartus</strong></span> <span class='ocrx_word' id='word_1_134' title='bbox 2390 1417 2571 1476; x_wconf 87' lang='lat' dir='ltr'><strong>abbas</strong></span> <span class='ocrx_word' id='word_1_135' title='bbox 2587 1418 2865 1486; x_wconf 78' lang='lat' dir='ltr'><strong>cistercii,</strong></span> <span class='ocrx_word' id='word_1_136' title='bbox 2900 1421 3100 1495; x_wconf 86' lang='lat' dir='ltr'><strong>cujus</strong></span> <span class='ocrx_word' id='word_1_137' title='bbox 3123 1435 3297 1478; x_wconf 85' lang='lat' dir='ltr'><strong>mor-</strong></span> 
     </span>
     <span class='ocr_line' id='line_1_13' title="bbox 629 1502 3296 1589; baseline 0 -20"><span class='ocrx_word' id='word_1_138' title='bbox 629 1528 919 1569; x_wconf 81' lang='lat' dir='ltr'><strong>summam</strong></span> <span class='ocrx_word' id='word_1_139' title='bbox 948 1509 1011 1566; x_wconf 91' lang='lat' dir='ltr'><strong>in</strong></span> <span class='ocrx_word' id='word_1_140' title='bbox 1041 1507 1193 1565; x_wconf 89' lang='lat' dir='ltr'><strong>illud</strong></span> <span class='ocrx_word' id='word_1_141' title='bbox 1226 1507 1585 1582; x_wconf 76' lang='lat' dir='ltr'><strong>composuit:</strong></span> <span class='ocrx_word' id='word_1_142' title='bbox 1617 1507 1909 1583; x_wconf 82' lang='lat' dir='ltr'><strong>quaejam</strong></span> <span class='ocrx_word' id='word_1_143' title='bbox 1970 1510 2092 1565; x_wconf 87' lang='lat' dir='ltr'><strong>tem</strong></span> <span class='ocrx_word' id='word_1_144' title='bbox 2124 1502 2355 1589; x_wconf 85' lang='lat'>(1151)</span> <span class='ocrx_word' id='word_1_145' title='bbox 2388 1508 2542 1571; x_wconf 74' lang='lat' dir='ltr'><strong>luxit</strong></span> <span class='ocrx_word' id='word_1_146' title='bbox 2561 1525 2606 1566; x_wconf 84' lang='lat' dir='ltr'><strong>a.</strong></span> <span class='ocrx_word' id='word_1_147' title='bbox 2626 1507 2968 1567; x_wconf 87' lang='lat' dir='ltr'><strong>Bernardus</strong></span> <span class='ocrx_word' id='word_1_148' title='bbox 2987 1527 3103 1585; x_wconf 86' lang='lat' dir='ltr'><strong>ep.</strong></span> <span class='ocrx_word' id='word_1_149' title='bbox 3133 1516 3296 1577; x_wconf 78' lang='grc'><strong>270,</strong></span> 
     </span>
     <span class='ocr_line' id='line_1_14' title="bbox 632 1594 3296 1672; baseline 0 -14"><span class='ocrx_word' id='word_1_150' title='bbox 632 1599 707 1658; x_wconf 87' lang='lat' dir='ltr'><strong>ab</strong></span> <span class='ocrx_word' id='word_1_151' title='bbox 743 1599 873 1657; x_wconf 82' lang='lat' dir='ltr'><strong>aliis</strong></span> <span class='ocrx_word' id='word_1_152' title='bbox 904 1596 1170 1656; x_wconf 85' lang='lat' dir='ltr'><strong>adhibita</strong></span> <span class='ocrx_word' id='word_1_153' title='bbox 1199 1600 1404 1655; x_wconf 89' lang='lat' dir='ltr'><strong>nostra</strong></span> <span class='ocrx_word' id='word_1_154' title='bbox 1445 1595 1683 1655; x_wconf 87' lang='lat' dir='ltr'><strong>demum</strong></span> <span class='ocrx_word' id='word_1_155' title='bbox 1717 1600 1912 1656; x_wconf 85' lang='lat' dir='ltr'><strong>aetate</strong></span> <span class='ocrx_word' id='word_1_156' title='bbox 1968 1594 2204 1672; x_wconf 72' lang='lat' dir='ltr'><strong>collegit</strong></span> <span class='ocrx_word' id='word_1_157' title='bbox 2234 1598 2663 1655; x_wconf 67' lang='lat' dir='ltr'><strong>constitutiones</strong></span> <span class='ocrx_word' id='word_1_158' title='bbox 2681 1597 2906 1656; x_wconf 79' lang='lat' dir='ltr'><strong>ordinis</strong></span> <span class='ocrx_word' id='word_1_159' title='bbox 2925 1602 2988 1656; x_wconf 88' lang='lat' dir='ltr'><strong>et</strong></span> <span class='ocrx_word' id='word_1_160' title='bbox 3007 1617 3078 1662; x_wconf 80' lang='lat' dir='ltr'><strong>a.</strong></span> <span class='ocrx_word' id='word_1_161' title='bbox 3105 1608 3132 1658; x_wconf 92' lang='grc'><strong>1</strong></span> <span class='ocrx_word' id='word_1_162' title='bbox 3160 1608 3188 1658; x_wconf 91' lang='grc'><strong>1</strong></span> <span class='ocrx_word' id='word_1_163' title='bbox 3208 1603 3296 1658; x_wconf 77' lang='lat'><strong>34</strong></span> 
     </span>
     <span class='ocr_line' id='line_1_15' title="bbox 630 1684 3294 1764; baseline -0.001 -18"><span class='ocrx_word' id='word_1_164' title='bbox 630 1687 849 1764; x_wconf 88' lang='lat' dir='ltr'><strong>prodiit</strong></span> <span class='ocrx_word' id='word_1_165' title='bbox 880 1705 1058 1762; x_wconf 87' lang='lat' dir='ltr'><strong>opera</strong></span> <span class='ocrx_word' id='word_1_166' title='bbox 1091 1684 1414 1744; x_wconf 89' lang='lat' dir='ltr'><strong>Schulte</strong></span> <span class='ocrx_word' id='word_1_167' title='bbox 1447 1684 1688 1745; x_wconf 86' lang='lat' dir='ltr'><strong>Giessen</strong></span> <span class='ocrx_word' id='word_1_168' title='bbox 1721 1693 1909 1756; x_wconf 81' lang='grc'><strong>1890,</strong></span> <span class='ocrx_word' id='word_1_169' title='bbox 1971 1685 2247 1762; x_wconf 80' lang='lat' dir='ltr'><strong>vulgavit,</strong></span> <span class='ocrx_word' id='word_1_170' title='bbox 2309 1704 2456 1761; x_wconf 86' lang='lat' dir='ltr'><strong>quas</strong></span> <span class='ocrx_word' id='word_1_171' title='bbox 2505 1685 2684 1745; x_wconf 88' lang='lat' dir='ltr'><strong>habes</strong></span> <span class='ocrx_word' id='word_1_172' title='bbox 2732 1686 2891 1763; x_wconf 88' lang='lat' dir='ltr'><strong>apud</strong></span> <span class='ocrx_word' id='word_1_173' title='bbox 2942 1688 3294 1761; x_wconf 71' lang='lat' dir='ltr'><strong>Maurique</strong></span> 
     </span>
     <span class='ocr_line' id='line_1_16' title="bbox 633 1770 3294 1855; baseline -0.001 -19"><span class='ocrx_word' id='word_1_174' title='bbox 633 1776 735 1836; x_wconf 87' lang='lat' dir='ltr'><strong>sed</strong></span> <span class='ocrx_word' id='word_1_175' title='bbox 766 1794 885 1836; x_wconf 90' lang='lat' dir='ltr'><strong>non</strong></span> <span class='ocrx_word' id='word_1_176' title='bbox 917 1776 1062 1834; x_wconf 86' lang='lat' dir='ltr'><strong>satis</strong></span> <span class='ocrx_word' id='word_1_177' title='bbox 1094 1770 1447 1855; x_wconf 71' lang='lat' dir='ltr'><strong>accurate2).</strong></span> <span class='ocrx_word' id='word_1_178' title='bbox 1977 1774 2182 1836; x_wconf 66' lang='lat' dir='ltr'><strong>Annal.</strong></span> <span class='ocrx_word' id='word_1_179' title='bbox 2202 1776 2338 1834; x_wconf 78' lang='lat' dir='ltr'><strong>cist..</strong></span> <span class='ocrx_word' id='word_1_180' title='bbox 2353 1775 2429 1833; x_wconf 86' lang='lat' dir='ltr'><strong>ad</strong></span> <span class='ocrx_word' id='word_1_181' title='bbox 2444 1794 2498 1837; x_wconf 90' lang='lat' dir='ltr'><strong>a.</strong></span> <span class='ocrx_word' id='word_1_182' title='bbox 2521 1786 2542 1837; x_wconf 87' lang='lat'>1</span> <span class='ocrx_word' id='word_1_183' title='bbox 2566 1783 2705 1847; x_wconf 83' lang='grc'><strong>184,</strong></span> <span class='ocrx_word' id='word_1_184' title='bbox 2739 1780 2800 1834; x_wconf 88' lang='lat' dir='ltr'><strong>et</strong></span> <span class='ocrx_word' id='word_1_185' title='bbox 2829 1777 2900 1835; x_wconf 87' lang='lat' dir='ltr'><strong>in</strong></span> <span class='ocrx_word' id='word_1_186' title='bbox 2931 1773 3294 1836; x_wconf 69' lang='lat' dir='ltr'><strong>Honestior)</strong></span> 
     </span>
     <span class='ocr_line' id='line_1_17' title="bbox 1971 1864 3292 1941; baseline 0.002 -21"><span class='ocrx_word' id='word_1_187' title='bbox 1971 1864 2353 1932; x_wconf 77' lang='lat' dir='ltr'><strong>cisterciensi.</strong></span> <span class='ocrx_word' id='word_1_188' title='bbox 2387 1864 2624 1923; x_wconf 86' lang='lat' dir='ltr'><strong>Parisiis</strong></span> <span class='ocrx_word' id='word_1_189' title='bbox 2663 1873 2829 1929; x_wconf 82' lang='grc'><strong>1664</strong></span> <span class='ocrx_word' id='word_1_190' title='bbox 2846 1882 2905 1941; x_wconf 86' lang='lat' dir='ltr'><strong>p.</strong></span> <span class='ocrx_word' id='word_1_191' title='bbox 2925 1875 3058 1930; x_wconf 80' lang='lat'><strong>265</strong></span> <span class='ocrx_word' id='word_1_192' title='bbox 3085 1884 3175 1924; x_wconf 88' lang='lat' dir='ltr'><strong>ss.</strong></span> <span class='ocrx_word' id='word_1_193' title='bbox 3198 1897 3292 1911; x_wconf 86' lang='lat'><strong>-·</strong></span> 
     </span>
     <span class='ocr_line' id='line_1_18' title="bbox 1972 1952 3291 2033; baseline -0.001 -21"><span class='ocrx_word' id='word_1_194' title='bbox 1972 1953 2188 2013; x_wconf 90' lang='lat' dir='ltr'><strong>Serlo</strong></span> <span class='ocrx_word' id='word_1_195' title='bbox 2266 1952 2448 2012; x_wconf 86' lang='lat' dir='ltr'><strong>abbas</strong></span> <span class='ocrx_word' id='word_1_196' title='bbox 2492 1958 2743 2030; x_wconf 87' lang='lat' dir='ltr'><strong>quartus</strong></span> <span class='ocrx_word' id='word_1_197' title='bbox 2793 1954 3291 2033; x_wconf 71' lang='lat' dir='ltr'><strong>savigniacensia</strong></span> 
     </span>
    </p>
   </div>
   <div class='ocr_carea' id='block_1_2' title="bbox 636 2038 3286 2208">
    <p class='ocr_par' dir='ltr' id='par_1_2' title="bbox 636 2038 3286 2208">
     <span class='ocr_line' id='line_1_19' title="bbox 1972 2038 3286 2122; baseline -0.002 -20"><span class='ocrx_word' id='word_1_198' title='bbox 1972 2038 2218 2122; x_wconf 86' lang='grc'><strong>(1140),</strong></span> <span class='ocrx_word' id='word_1_199' title='bbox 2253 2061 2428 2101; x_wconf 89' lang='lat' dir='ltr'><strong>suum</strong></span> <span class='ocrx_word' id='word_1_200' title='bbox 2470 2044 2895 2102; x_wconf 85' lang='lat' dir='ltr'><strong>monasterium</strong></span> <span class='ocrx_word' id='word_1_201' title='bbox 2939 2062 3088 2104; x_wconf 86' lang='lat' dir='ltr'><strong>cum</strong></span> <span class='ocrx_word' id='word_1_202' title='bbox 3144 2043 3286 2103; x_wconf 85' lang='lat' dir='ltr'><strong>aliis</strong></span> 
     </span>
     <span class='ocr_line' id='line_1_20' title="bbox 636 2125 3286 2208; baseline 0 -17"><span class='ocrx_word' id='word_1_203' title='bbox 636 2132 772 2194; x_wconf 79' lang='lat' dir='ltr'><strong>cist.</strong></span> <span class='ocrx_word' id='word_1_204' title='bbox 803 2132 1044 2190; x_wconf 84' lang='lat' dir='ltr'><strong>natione</strong></span> <span class='ocrx_word' id='word_1_205' title='bbox 1074 2130 1325 2207; x_wconf 82' lang='lat' dir='ltr'><strong>Anglus‚</strong></span> <span class='ocrx_word' id='word_1_206' title='bbox 1351 2125 1538 2189; x_wconf 81' lang='lat' dir='ltr'><strong>abbas</strong></span> <span class='ocrx_word' id='word_1_207' title='bbox 1568 2129 1914 2189; x_wconf 85' lang='lat' dir='ltr'><strong>monasterii</strong></span> <span class='ocrx_word' id='word_1_208' title='bbox 1973 2131 2083 2190; x_wconf 89' lang='lat' dir='ltr'><strong>sibi</strong></span> <span class='ocrx_word' id='word_1_209' title='bbox 2115 2130 2398 2206; x_wconf 84' lang='lat' dir='ltr'><strong>subjectis</strong></span> <span class='ocrx_word' id='word_1_210' title='bbox 2440 2131 2712 2208; x_wconf 80' lang='lat' dir='ltr'><strong>adjunxit</strong></span> <span class='ocrx_word' id='word_1_211' title='bbox 2743 2132 3001 2193; x_wconf 84' lang='lat' dir='ltr'><strong>familiae</strong></span> <span class='ocrx_word' id='word_1_212' title='bbox 3033 2135 3286 2194; x_wconf 84' lang='lat' dir='ltr'><strong>clarae-</strong></span> 
     </span>
    </p>
   </div>
   <div class='ocr_carea' id='block_1_3' title="bbox 634 2214 3283 2926">
    <p class='ocr_par' dir='ltr' id='par_1_3' title="bbox 634 2214 3283 2926">
     <span class='ocr_line' id='line_1_21' title="bbox 634 2214 3283 2301; baseline 0 -22"><span class='ocrx_word' id='word_1_213' title='bbox 634 2221 708 2279; x_wconf 92' lang='lat' dir='ltr'><strong>de</strong></span> <span class='ocrx_word' id='word_1_214' title='bbox 724 2221 911 2282; x_wconf 80' lang='lat' dir='ltr'><strong>Stella</strong></span> <span class='ocrx_word' id='word_1_215' title='bbox 939 2222 1004 2279; x_wconf 91' lang='lat' dir='ltr'><strong>in</strong></span> <span class='ocrx_word' id='word_1_216' title='bbox 1035 2219 1286 2279; x_wconf 88' lang='lat' dir='ltr'><strong>dioecesi</strong></span> <span class='ocrx_word' id='word_1_217' title='bbox 1314 2219 1661 2296; x_wconf 77' lang='lat' dir='ltr'><strong>pictaviensi</strong></span> <span class='ocrx_word' id='word_1_218' title='bbox 1692 2214 1914 2300; x_wconf 69' lang='lat'>(11472</span> <span class='ocrx_word' id='word_1_219' title='bbox 1971 2220 2237 2297; x_wconf 79' lang='lat' dir='ltr'><strong>vallensi,</strong></span> <span class='ocrx_word' id='word_1_220' title='bbox 2267 2224 2330 2279; x_wconf 90' lang='lat' dir='ltr'><strong>et</strong></span> <span class='ocrx_word' id='word_1_221' title='bbox 2346 2222 2692 2281; x_wconf 87' lang='lat' dir='ltr'><strong>renunciato</strong></span> <span class='ocrx_word' id='word_1_222' title='bbox 2711 2222 2944 2282; x_wconf 85' lang='lat' dir='ltr'><strong>abbatis</strong></span> <span class='ocrx_word' id='word_1_223' title='bbox 2963 2223 3283 2301; x_wconf 71' lang='lat' dir='ltr'><strong>dignitate</strong></span> 
     </span>
     <span class='ocr_line' id='line_1_22' title="bbox 635 2305 3282 2392; baseline 0.002 -24"><span class='ocrx_word' id='word_1_224' title='bbox 635 2308 671 2377; x_wconf 86' lang='lat'><strong>†</strong></span> <span class='ocrx_word' id='word_1_225' title='bbox 701 2311 854 2369; x_wconf 89' lang='lat' dir='ltr'><strong>circa</strong></span> <span class='ocrx_word' id='word_1_226' title='bbox 886 2330 935 2370; x_wconf 85' lang='lat' dir='ltr'><strong>a.</strong></span> <span class='ocrx_word' id='word_1_227' title='bbox 978 2305 1171 2389; x_wconf 87' lang='grc'><strong>1169)</strong></span> <span class='ocrx_word' id='word_1_228' title='bbox 1221 2310 1310 2367; x_wconf 85' lang='lat' dir='ltr'><strong>vir</strong></span> <span class='ocrx_word' id='word_1_229' title='bbox 1355 2308 1644 2384; x_wconf 84' lang='lat' dir='ltr'><strong>sapientia</strong></span> <span class='ocrx_word' id='word_1_230' title='bbox 1689 2311 1752 2367; x_wconf 87' lang='lat' dir='ltr'><strong>et</strong></span> <span class='ocrx_word' id='word_1_231' title='bbox 1781 2326 1915 2367; x_wconf 86' lang='lat' dir='ltr'><strong>eru-</strong></span> <span class='ocrx_word' id='word_1_232' title='bbox 1976 2310 2213 2369; x_wconf 66' lang='lat' dir='ltr'><strong>secessit</strong></span> <span class='ocrx_word' id='word_1_233' title='bbox 2241 2310 2302 2368; x_wconf 89' lang='lat' dir='ltr'><strong>in</strong></span> <span class='ocrx_word' id='word_1_234' title='bbox 2333 2310 2484 2369; x_wconf 88' lang='lat' dir='ltr'><strong>illud</strong></span> <span class='ocrx_word' id='word_1_235' title='bbox 2507 2312 2932 2371; x_wconf 82' lang='lat' dir='ltr'><strong>monasterium</strong></span> <span class='ocrx_word' id='word_1_236' title='bbox 2953 2311 3013 2392; x_wconf 82' lang='lat'><strong>(†</strong></span> <span class='ocrx_word' id='word_1_237' title='bbox 3045 2324 3070 2375; x_wconf 89' lang='lat'><em>1</em></span> <span class='ocrx_word' id='word_1_238' title='bbox 3099 2324 3125 2375; x_wconf 94' lang='lat'>1</span> <span class='ocrx_word' id='word_1_239' title='bbox 3149 2306 3282 2391; x_wconf 85' lang='lat'><strong>58).</strong></span> 
     </span>
     <span class='ocr_line' id='line_1_23' title="bbox 636 2396 3277 2474; baseline 0 -16"><span class='ocrx_word' id='word_1_240' title='bbox 636 2399 857 2458; x_wconf 83' lang='lat' dir='ltr'><strong>ditione</strong></span> <span class='ocrx_word' id='word_1_241' title='bbox 888 2397 1258 2474; x_wconf 70' lang='lat' dir='ltr'><strong>compienne,</strong></span> <span class='ocrx_word' id='word_1_242' title='bbox 1271 2398 1524 2473; x_wconf 83' lang='lat' dir='ltr'><strong>epistola</strong></span> <span class='ocrx_word' id='word_1_243' title='bbox 1538 2396 1611 2455; x_wconf 88' lang='lat' dir='ltr'><strong>ad</strong></span> <span class='ocrx_word' id='word_1_244' title='bbox 1627 2396 1915 2456; x_wconf 82' lang='lat' dir='ltr'><strong>Joannem</strong></span> <span class='ocrx_word' id='word_1_245' title='bbox 1978 2399 2240 2474; x_wconf 83' lang='lat' dir='ltr'><strong>Reliquit</strong></span> <span class='ocrx_word' id='word_1_246' title='bbox 2269 2417 2561 2459; x_wconf 72' lang='lat' dir='ltr'><strong>sermones</strong></span> <span class='ocrx_word' id='word_1_247' title='bbox 2581 2398 2785 2459; x_wconf 87' lang='lat' dir='ltr'><em>XXII</em></span> <span class='ocrx_word' id='word_1_248' title='bbox 2807 2402 2873 2461; x_wconf 90' lang='lat' dir='ltr'><strong>in</strong></span> <span class='ocrx_word' id='word_1_249' title='bbox 2903 2403 3075 2461; x_wconf 83' lang='lat' dir='ltr'><strong>varia</strong></span> <span class='ocrx_word' id='word_1_250' title='bbox 3096 2402 3277 2469; x_wconf 77' lang='lat' dir='ltr'><strong>festa,</strong></span> 
     </span>
     <span class='ocr_line' id='line_1_24' title="bbox 634 2487 3280 2563; baseline 0.003 -18"><span class='ocrx_word' id='word_1_251' title='bbox 634 2507 723 2563; x_wconf 88' lang='lat' dir='ltr'><strong>ep.</strong></span> <span class='ocrx_word' id='word_1_252' title='bbox 756 2489 826 2547; x_wconf 78' lang='lat' dir='ltr'><strong>ds</strong></span> <span class='ocrx_word' id='word_1_253' title='bbox 857 2489 1046 2561; x_wconf 78' lang='lat' dir='ltr'><strong>officio</strong></span> <span class='ocrx_word' id='word_1_254' title='bbox 1078 2489 1308 2563; x_wconf 77' lang='lat' dir='ltr'><strong>missae,</strong></span> <span class='ocrx_word' id='word_1_255' title='bbox 1343 2505 1497 2561; x_wconf 89' lang='lat' dir='ltr'><strong>quae</strong></span> <span class='ocrx_word' id='word_1_256' title='bbox 1517 2490 1608 2545; x_wconf 87' lang='lat' dir='ltr'><strong>est</strong></span> <span class='ocrx_word' id='word_1_257' title='bbox 1623 2505 1917 2545; x_wconf 89' lang='lat' dir='ltr'><strong>commen·</strong></span> <span class='ocrx_word' id='word_1_258' title='bbox 1978 2507 2128 2563; x_wconf 89' lang='lat' dir='ltr'><strong>quos</strong></span> <span class='ocrx_word' id='word_1_259' title='bbox 2159 2487 2342 2548; x_wconf 87' lang='lat' dir='ltr'><strong>habes</strong></span> <span class='ocrx_word' id='word_1_260' title='bbox 2371 2490 2435 2547; x_wconf 89' lang='lat' dir='ltr'><strong>in</strong></span> <span class='ocrx_word' id='word_1_261' title='bbox 2470 2488 2612 2547; x_wconf 84' lang='lat' dir='ltr'><strong>bibl.</strong></span> <span class='ocrx_word' id='word_1_262' title='bbox 2646 2490 2754 2548; x_wconf 88' lang='lat' dir='ltr'><strong>PP.</strong></span> <span class='ocrx_word' id='word_1_263' title='bbox 2790 2491 2928 2554; x_wconf 82' lang='lat' dir='ltr'><strong>Cist.</strong></span> <span class='ocrx_word' id='word_1_264' title='bbox 2962 2492 3062 2563; x_wconf 82' lang='lat' dir='ltr'><strong>VI,</strong></span> <span class='ocrx_word' id='word_1_265' title='bbox 3113 2499 3280 2552; x_wconf 82' lang='grc'><strong>107·</strong></span> 
     </span>
     <span class='ocr_line' id='line_1_25' title="bbox 634 2575 3281 2652; baseline 0 -17"><span class='ocrx_word' id='word_1_266' title='bbox 634 2577 822 2635; x_wconf 88' lang='lat' dir='ltr'><strong>tarius</strong></span> <span class='ocrx_word' id='word_1_267' title='bbox 884 2576 1169 2652; x_wconf 76' lang='lat' dir='ltr'><strong>mysticus</strong></span> <span class='ocrx_word' id='word_1_268' title='bbox 1228 2575 1300 2633; x_wconf 90' lang='lat' dir='ltr'><strong>de</strong></span> <span class='ocrx_word' id='word_1_269' title='bbox 1363 2593 1600 2637; x_wconf 89' lang='lat' dir='ltr'><strong>canone.</strong></span> <span class='ocrx_word' id='word_1_270' title='bbox 1659 2575 1921 2649; x_wconf 80' lang='lat' dir='ltr'><strong>Reliquit</strong></span> <span class='ocrx_word' id='word_1_271' title='bbox 1986 2587 2124 2641; x_wconf 84' lang='grc'><strong>130.</strong></span> <span class='ocrx_word' id='word_1_272' title='bbox 2187 2577 2268 2640; x_wconf 84' lang='lat' dir='ltr'><strong>cf.</strong></span> <span class='ocrx_word' id='word_1_273' title='bbox 2299 2578 2452 2640; x_wconf 88' lang='lat' dir='ltr'><strong>Hist.</strong></span> <span class='ocrx_word' id='word_1_274' title='bbox 2483 2578 2571 2640; x_wconf 89' lang='lat' dir='ltr'><strong>lit.</strong></span> <span class='ocrx_word' id='word_1_275' title='bbox 2602 2579 2731 2650; x_wconf 81' lang='lat' dir='ltr'>XII,</span> <span class='ocrx_word' id='word_1_276' title='bbox 2772 2587 3150 2644; x_wconf 79' lang='lat'>521—524.</span> <span class='ocrx_word' id='word_1_277' title='bbox 3186 2610 3281 2622; x_wconf 87' lang='lat'><strong>--</strong></span> 
     </span>
     <span class='ocr_line' id='line_1_26' title="bbox 635 2660 3276 2747; baseline 0.001 -23"><span class='ocrx_word' id='word_1_278' title='bbox 635 2668 941 2742; x_wconf 86' lang='lat' dir='ltr'><strong>praeterea</strong></span> <span class='ocrx_word' id='word_1_279' title='bbox 970 2665 1173 2741; x_wconf 87' lang='lat' dir='ltr'><strong>plures</strong></span> <span class='ocrx_word' id='word_1_280' title='bbox 1205 2660 1339 2747; x_wconf 84' lang='lat'>(54)</span> <span class='ocrx_word' id='word_1_281' title='bbox 1371 2681 1662 2723; x_wconf 77' lang='lat' dir='ltr'><strong>sermones</strong></span> <span class='ocrx_word' id='word_1_282' title='bbox 1693 2664 1768 2723; x_wconf 89' lang='lat' dir='ltr'><strong>ad</strong></span> <span class='ocrx_word' id='word_1_283' title='bbox 1799 2663 1919 2724; x_wconf 82' lang='lat' dir='ltr'><strong>fra·</strong></span> <span class='ocrx_word' id='word_1_284' title='bbox 1983 2667 2231 2745; x_wconf 89' lang='lat' dir='ltr'><strong>[dung</strong></span> <span class='ocrx_word' id='word_1_285' title='bbox 2262 2667 2572 2727; x_wconf 79' lang='lat' dir='ltr'><strong>coenobita</strong></span> <span class='ocrx_word' id='word_1_286' title='bbox 2587 2668 3086 2730; x_wconf 85' lang='lat' dir='ltr'><strong>Emmeramensis</strong></span> <span class='ocrx_word' id='word_1_287' title='bbox 3107 2668 3276 2729; x_wconf 79' lang='lat'>0813.</span> 
     </span>
     <span class='ocr_line' id='line_1_27' title="bbox 637 2754 3277 2836; baseline 0.002 -24"><span class='ocrx_word' id='word_1_288' title='bbox 637 2759 792 2822; x_wconf 82' lang='lat' dir='ltr'><strong>tres3</strong></span> <span class='ocrx_word' id='word_1_289' title='bbox 826 2774 916 2830; x_wconf 87' lang='lat' dir='ltr'><strong>ep.</strong></span> <span class='ocrx_word' id='word_1_290' title='bbox 949 2755 1019 2812; x_wconf 77' lang='lat' dir='ltr'><strong>de</strong></span> <span class='ocrx_word' id='word_1_291' title='bbox 1049 2755 1268 2825; x_wconf 74' lang='lat' dir='ltr'><strong>anima,</strong></span> <span class='ocrx_word' id='word_1_292' title='bbox 1303 2772 1457 2828; x_wconf 89' lang='lat' dir='ltr'><strong>quae</strong></span> <span class='ocrx_word' id='word_1_293' title='bbox 1488 2754 1921 2828; x_wconf 89' lang='lat' dir='ltr'><strong>prodieruntin</strong></span> <span class='ocrx_word' id='word_1_294' title='bbox 1978 2755 2268 2832; x_wconf 85' lang='lat' dir='ltr'><strong>quaedam</strong></span> <span class='ocrx_word' id='word_1_295' title='bbox 2302 2757 2374 2817; x_wconf 88' lang='lat' dir='ltr'><strong>ad</strong></span> <span class='ocrx_word' id='word_1_296' title='bbox 2395 2759 2635 2817; x_wconf 83' lang='lat' dir='ltr'><strong>ascesim</strong></span> <span class='ocrx_word' id='word_1_297' title='bbox 2654 2761 2986 2835; x_wconf 79' lang='lat' dir='ltr'><strong>spectantia</strong></span> <span class='ocrx_word' id='word_1_298' title='bbox 3006 2759 3277 2836; x_wconf 77' lang='lat' dir='ltr'><strong>scripsit.</strong></span> 
     </span>
     <span class='ocr_line' id='line_1_28' title="bbox 638 2842 3274 2926; baseline 0 -22"><span class='ocrx_word' id='word_1_299' title='bbox 638 2845 854 2904; x_wconf 82' lang='lat' dir='ltr'><strong>Tissier</strong></span> <span class='ocrx_word' id='word_1_300' title='bbox 883 2843 1030 2907; x_wconf 86' lang='lat' dir='ltr'><strong>bibl.</strong></span> <span class='ocrx_word' id='word_1_301' title='bbox 1060 2860 1159 2919; x_wconf 90' lang='lat' dir='ltr'><strong>pp.</strong></span> <span class='ocrx_word' id='word_1_302' title='bbox 1193 2843 1323 2907; x_wconf 84' lang='lat' dir='ltr'><strong>cist,</strong></span> <span class='ocrx_word' id='word_1_303' title='bbox 1357 2847 1419 2901; x_wconf 92' lang='lat' dir='ltr'><strong>et</strong></span> <span class='ocrx_word' id='word_1_304' title='bbox 1450 2842 1648 2920; x_wconf 84' lang='lat' dir='ltr'><strong>Migne</strong></span> <span class='ocrx_word' id='word_1_305' title='bbox 1682 2843 1917 2912; x_wconf 83' lang='lat' dir='ltr'>CXCIV,</span> <span class='ocrx_word' id='word_1_306' title='bbox 1979 2847 2122 2922; x_wconf 57' lang='lat' dir='ltr'><strong>{ejus</strong></span> <span class='ocrx_word' id='word_1_307' title='bbox 2143 2845 2182 2904; x_wconf 90' lang='lat' dir='ltr'><strong>l.</strong></span> <span class='ocrx_word' id='word_1_308' title='bbox 2202 2847 2578 2923; x_wconf 86' lang='lat' dir='ltr'><strong>epistolarem</strong></span> <span class='ocrx_word' id='word_1_309' title='bbox 2612 2848 2682 2906; x_wconf 79' lang='lat' dir='ltr'><strong>de</strong></span> <span class='ocrx_word' id='word_1_310' title='bbox 2700 2846 2810 2907; x_wconf 84' lang='lat' dir='ltr'><strong>IV.</strong></span> <span class='ocrx_word' id='word_1_311' title='bbox 2828 2848 3274 2926; x_wconf 68' lang='lat' dir='ltr'><strong>quaestionibus</strong></span> 
     </span>
    </p>
   </div>
   <div class='ocr_carea' id='block_1_4' title="bbox 1922 745 1952 2084">
    <p class='ocr_par' dir='ltr' id='par_1_4' title="bbox 1922 745 1952 2084">
     <span class='ocr_line' id='line_1_29' title="bbox 1922 745 1943 840; baseline 0 4524"><span class='ocrx_word' id='word_1_312' title='bbox 1922 745 1943 840; x_wconf 95' lang='lat' dir='ltr'><strong> </strong></span> 
     </span>
     <span class='ocr_line' id='line_1_30' title="bbox 1926 1711 1952 1826; baseline 0 0"><span class='ocrx_word' id='word_1_313' title='bbox 1926 1711 1952 1826; x_wconf 95' lang='lat' dir='ltr'><strong>  </strong></span> 
     </span>
     <span class='ocr_line' id='line_1_31' title="bbox 1926 1826 1952 2084; baseline 0 -6"><span class='ocrx_word' id='word_1_314' title='bbox 1926 1826 1952 2084; x_wconf 95' lang='lat' dir='ltr'><strong>   </strong></span> 
     </span>
    </p>
   </div>
   <div class='ocr_carea' id='block_1_5' title="bbox 728 2040 1909 2119">
    <p class='ocr_par' dir='ltr' id='par_1_5' title="bbox 728 2040 1909 2119">
     <span class='ocr_line' id='line_1_32' title="bbox 728 2040 1909 2119; baseline -0.006 -14"><span class='ocrx_word' id='word_1_315' title='bbox 728 2051 827 2106; x_wconf 88' lang='lat'><strong>89.</strong></span> <span class='ocrx_word' id='word_1_316' title='bbox 862 2042 946 2100; x_wconf 90' lang='lat' dir='ltr'><strong>De</strong></span> <span class='ocrx_word' id='word_1_317' title='bbox 997 2042 1240 2119; x_wconf 72' lang='lat' dir='ltr'><strong>lituryia</strong></span> <span class='ocrx_word' id='word_1_318' title='bbox 1289 2041 1510 2100; x_wconf 86' lang='lat' dir='ltr'><strong>meruit</strong></span> <span class='ocrx_word' id='word_1_319' title='bbox 1571 2041 1798 2099; x_wconf 87' lang='lat' dir='ltr'><strong>Isaac</strong></span> <span class='ocrx_word' id='word_1_320' title='bbox 1847 2040 1909 2099; x_wconf 92' lang='grc' dir='ltr'><strong>Ο.</strong></span> 
     </span>
    </p>
   </div>
   <div class='ocr_carea' id='block_1_6' title="bbox 648 2931 1929 2997">
    <p class='ocr_par' dir='ltr' id='par_1_6' title="bbox 648 2931 1929 2997">
     <span class='ocr_line' id='line_1_33' title="bbox 648 2931 1929 2997; baseline -0.004 -2"><span class='ocrx_word' id='word_1_321' title='bbox 648 2941 1101 2997; x_wconf 85' lang='grc'><strong>1689-1896,</strong></span> <span class='ocrx_word' id='word_1_322' title='bbox 1192 2931 1500 2991; x_wconf 83' lang='lat' dir='ltr'><strong>Nonnulla</strong></span> <span class='ocrx_word' id='word_1_323' title='bbox 1573 2936 1929 2992; x_wconf 85' lang='lat' dir='ltr'><strong>manserunt·</strong></span> 
     </span>
    </p>
   </div>
   <div class='ocr_carea' id='block_1_7' title="bbox 694 3109 957 3117">
    <p class='ocr_par' dir='ltr' id='par_1_7' title="bbox 694 3109 957 3117">
     <span class='ocr_line' id='line_1_34' title="bbox 694 3109 957 3117; baseline 0 2247"><span class='ocrx_word' id='word_1_324' title='bbox 694 3109 957 3117; x_wconf 95' lang='lat' dir='ltr'><strong> </strong></span> 
     </span>
    </p>
   </div>
   <div class='ocr_carea' id='block_1_8' title="bbox 641 3224 1935 4866">
    <p class='ocr_par' dir='ltr' id='par_1_8' title="bbox 641 3224 1935 4866">
     <span class='ocr_line' id='line_1_35' title="bbox 721 3224 1924 3298; baseline 0.002 -18"><span class='ocrx_word' id='word_1_325' title='bbox 721 3230 755 3298; x_wconf 83' lang='lat'><strong>¹)</strong></span> <span class='ocrx_word' id='word_1_326' title='bbox 784 3224 865 3280; x_wconf 81' lang='lat' dir='ltr'><strong>Cf.</strong></span> <span class='ocrx_word' id='word_1_327' title='bbox 894 3226 1025 3280; x_wconf 88' lang='lat' dir='ltr'><strong>Sch</strong></span> <span class='ocrx_word' id='word_1_328' title='bbox 1043 3226 1204 3282; x_wconf 86' lang='lat' dir='ltr'><strong>ulte</strong></span> <span class='ocrx_word' id='word_1_329' title='bbox 1249 3227 1578 3282; x_wconf 82' lang='lat' dir='ltr'><strong>Geschichte</strong></span> <span class='ocrx_word' id='word_1_330' title='bbox 1621 3229 1718 3283; x_wconf 88' lang='lat' dir='ltr'><strong>der</strong></span> <span class='ocrx_word' id='word_1_331' title='bbox 1760 3229 1924 3294; x_wconf 84' lang='lat' dir='ltr'><strong>Quel-</strong></span> 
     </span>
     <span class='ocr_line' id='line_1_36' title="bbox 642 3296 1920 3358; baseline 0.005 -7"><span class='ocrx_word' id='word_1_332' title='bbox 642 3298 735 3351; x_wconf 87' lang='lat' dir='ltr'><strong>len</strong></span> <span class='ocrx_word' id='word_1_333' title='bbox 785 3299 906 3352; x_wconf 85' lang='lat' dir='ltr'><strong>und</strong></span> <span class='ocrx_word' id='word_1_334' title='bbox 959 3296 1243 3352; x_wconf 84' lang='lat' dir='ltr'><strong>Literatur</strong></span> <span class='ocrx_word' id='word_1_335' title='bbox 1293 3300 1391 3353; x_wconf 89' lang='lat' dir='ltr'><strong>des</strong></span> <span class='ocrx_word' id='word_1_336' title='bbox 1433 3317 1556 3353; x_wconf 79' lang='lat' dir='ltr'><strong>can.</strong></span> <span class='ocrx_word' id='word_1_337' title='bbox 1604 3299 1841 3354; x_wconf 79' lang='lat' dir='ltr'><strong>Rechtes</strong></span> <span class='ocrx_word' id='word_1_338' title='bbox 1885 3301 1920 3358; x_wconf 88' lang='lat' dir='ltr'><strong>l.</strong></span> 
     </span>
     <span class='ocr_line' id='line_1_37' title="bbox 643 3369 1925 3439; baseline 0.001 -13"><span class='ocrx_word' id='word_1_339' title='bbox 643 3374 747 3426; x_wconf 80' lang='lat'><strong>109</strong></span> <span class='ocrx_word' id='word_1_340' title='bbox 772 3387 859 3433; x_wconf 68' lang='lat' dir='ltr'><strong>ss„</strong></span> <span class='ocrx_word' id='word_1_341' title='bbox 903 3369 1001 3437; x_wconf 89' lang='lat' dir='ltr'><strong>qui</strong></span> <span class='ocrx_word' id='word_1_342' title='bbox 1044 3388 1099 3439; x_wconf 88' lang='lat' dir='ltr'><strong>p.</strong></span> <span class='ocrx_word' id='word_1_343' title='bbox 1140 3375 1240 3427; x_wconf 80' lang='lat'><strong>221</strong></span> <span class='ocrx_word' id='word_1_344' title='bbox 1285 3371 1475 3424; x_wconf 85' lang='lat' dir='ltr'><strong>addit:</strong></span> <span class='ocrx_word' id='word_1_345' title='bbox 1526 3372 1691 3425; x_wconf 70' lang='lat' dir='ltr'><strong>Scine</strong></span> <span class='ocrx_word' id='word_1_346' title='bbox 1734 3373 1925 3427; x_wconf 84' lang='lat' dir='ltr'><strong>Noten</strong></span> 
     </span>
     <span class='ocr_line' id='line_1_38' title="bbox 643 3440 1926 3508; baseline 0.003 -15"><span class='ocrx_word' id='word_1_347' title='bbox 643 3457 832 3494; x_wconf 82' lang='lat' dir='ltr'><strong>waren</strong></span> <span class='ocrx_word' id='word_1_348' title='bbox 879 3440 992 3494; x_wconf 86' lang='lat' dir='ltr'><strong>ledi</strong></span> <span class='ocrx_word' id='word_1_349' title='bbox 1034 3440 1148 3495; x_wconf 89' lang='lat' dir='ltr'><strong>lich</strong></span> <span class='ocrx_word' id='word_1_350' title='bbox 1194 3441 1764 3508; x_wconf 66' lang='lat' dir='ltr'><strong>worterklerunqen,</strong></span> <span class='ocrx_word' id='word_1_351' title='bbox 1816 3445 1926 3497; x_wconf 87' lang='lat' dir='ltr'><strong>An-</strong></span> 
     </span>
     <span class='ocr_line' id='line_1_39' title="bbox 683 3459 1926 3570; baseline 0.002 -5"><span class='ocrx_word' id='word_1_352' title='bbox 683 3513 826 3565; x_wconf 85' lang='lat' dir='ltr'><strong>aben</strong></span> <span class='ocrx_word' id='word_1_353' title='bbox 855 3529 968 3566; x_wconf 84' lang='lat' dir='ltr'><strong>von</strong></span> <span class='ocrx_word' id='word_1_354' title='bbox 991 3459 1440 3568; x_wconf 55' lang='lat' dir='ltr'><strong>garallelstellen</strong></span> <span class='ocrx_word' id='word_1_355' title='bbox 1471 3514 1589 3568; x_wconf 83' lang='lat' dir='ltr'><strong>und</strong></span> <span class='ocrx_word' id='word_1_356' title='bbox 1613 3513 1795 3570; x_wconf 80' lang='lat' dir='ltr'><strong>Citate</strong></span> <span class='ocrx_word' id='word_1_357' title='bbox 1823 3532 1926 3569; x_wconf 80' lang='lat' dir='ltr'><strong>aus</strong></span> 
     </span>
     <span class='ocr_line' id='line_1_40' title="bbox 697 3583 1926 3650; baseline 0.001 -12"><span class='ocrx_word' id='word_1_358' title='bbox 697 3588 873 3648; x_wconf 66' lang='lat' dir='ltr'><strong>atera,</strong></span> <span class='ocrx_word' id='word_1_359' title='bbox 891 3583 1199 3650; x_wconf 85' lang='lat' dir='ltr'><strong>Burchard‚</strong></span> <span class='ocrx_word' id='word_1_360' title='bbox 1227 3586 1339 3639; x_wconf 87' lang='lat' dir='ltr'><strong>den</strong></span> <span class='ocrx_word' id='word_1_361' title='bbox 1367 3585 1683 3640; x_wconf 73' lang='lat' dir='ltr'><strong>romischen</strong></span> <span class='ocrx_word' id='word_1_362' title='bbox 1700 3584 1926 3640; x_wconf 82' lang='lat' dir='ltr'><strong>Rechts·</strong></span> 
     </span>
     <span class='ocr_line' id='line_1_41' title="bbox 644 3655 1924 3726; baseline 0.002 -18"><span class='ocrx_word' id='word_1_363' title='bbox 644 3655 875 3723; x_wconf 87' lang='lat' dir='ltr'><strong>quellen</strong></span> <span class='ocrx_word' id='word_1_364' title='bbox 891 3656 1010 3708; x_wconf 90' lang='lat' dir='ltr'><strong>und</strong></span> <span class='ocrx_word' id='word_1_365' title='bbox 1028 3656 1155 3711; x_wconf 88' lang='lat' dir='ltr'><strong>dem</strong></span> <span class='ocrx_word' id='word_1_366' title='bbox 1174 3657 1682 3726; x_wconf 81' lang='lat' dir='ltr'><strong>longobardischen</strong></span> <span class='ocrx_word' id='word_1_367' title='bbox 1699 3657 1924 3720; x_wconf 76' lang='lat' dir='ltr'><strong>Rechts,</strong></span> 
     </span>
     <span class='ocr_line' id='line_1_42' title="bbox 646 3727 1366 3782; baseline 0.001 -1"><span class='ocrx_word' id='word_1_368' title='bbox 646 3727 790 3781; x_wconf 90' lang='lat' dir='ltr'><strong>liber</strong></span> <span class='ocrx_word' id='word_1_369' title='bbox 812 3727 1114 3781; x_wconf 85' lang='lat' dir='ltr'><strong>teudorum</strong></span> <span class='ocrx_word' id='word_1_370' title='bbox 1143 3747 1198 3782; x_wconf 89' lang='lat' dir='ltr'><strong>u.</strong></span> <span class='ocrx_word' id='word_1_371' title='bbox 1227 3747 1269 3781; x_wconf 88' lang='lat' dir='ltr'><strong>s.</strong></span> <span class='ocrx_word' id='word_1_372' title='bbox 1297 3745 1366 3782; x_wconf 82' lang='lat' dir='ltr'><strong>w.</strong></span> 
     </span>
     <span class='ocr_line' id='line_1_43' title="bbox 720 3799 1909 3871; baseline 0.004 -20"><span class='ocrx_word' id='word_1_373' title='bbox 720 3807 757 3860; x_wconf 68' lang='lat'><strong>²)</strong></span> <span class='ocrx_word' id='word_1_374' title='bbox 788 3799 868 3851; x_wconf 77' lang='lat' dir='ltr'><strong>Cf.</strong></span> <span class='ocrx_word' id='word_1_375' title='bbox 924 3799 1075 3851; x_wconf 79' lang='lat' dir='ltr'><strong>Gietl</strong></span> <span class='ocrx_word' id='word_1_376' title='bbox 1127 3799 1211 3853; x_wconf 87' lang='lat' dir='ltr'><strong>lit.</strong></span> <span class='ocrx_word' id='word_1_377' title='bbox 1265 3799 1634 3854; x_wconf 79' lang='lat' dir='ltr'><strong>Handweiser</strong></span> <span class='ocrx_word' id='word_1_378' title='bbox 1687 3805 1820 3858; x_wconf 87' lang='grc'><strong>1891</strong></span> <span class='ocrx_word' id='word_1_379' title='bbox 1872 3818 1909 3871; x_wconf 88' lang='lat' dir='ltr'><strong>p</strong></span> 
     </span>
     <span class='ocr_line' id='line_1_44' title="bbox 644 3868 1928 3940; baseline 0 -15"><span class='ocrx_word' id='word_1_380' title='bbox 644 3872 748 3925; x_wconf 73' lang='lat'><strong>382</strong></span> <span class='ocrx_word' id='word_1_381' title='bbox 778 3886 845 3923; x_wconf 86' lang='lat' dir='ltr'><strong>ss.</strong></span> <span class='ocrx_word' id='word_1_382' title='bbox 874 3902 940 3908; x_wconf 92' lang='lat'><strong>—-</strong></span> <span class='ocrx_word' id='word_1_383' title='bbox 983 3868 1195 3924; x_wconf 86' lang='lat' dir='ltr'><strong>Eodem</strong></span> <span class='ocrx_word' id='word_1_384' title='bbox 1239 3870 1355 3924; x_wconf 83' lang='lat' dir='ltr'><strong>fere</strong></span> <span class='ocrx_word' id='word_1_385' title='bbox 1400 3873 1654 3940; x_wconf 87' lang='lat' dir='ltr'><strong>tempore</strong></span> <span class='ocrx_word' id='word_1_386' title='bbox 1699 3872 1928 3925; x_wconf 84' lang='lat' dir='ltr'><strong>Alexius</strong></span> 
     </span>
     <span class='ocr_line' id='line_1_45' title="bbox 646 3939 1932 4012; baseline 0.002 -18"><span class='ocrx_word' id='word_1_387' title='bbox 646 3942 691 3994; x_wconf 90' lang='lat' dir='ltr'>A</span> <span class='ocrx_word' id='word_1_388' title='bbox 708 3939 809 3992; x_wconf 84' lang='lat' dir='ltr'><strong>ris</strong></span> <span class='ocrx_word' id='word_1_389' title='bbox 827 3943 851 3992; x_wconf 88' lang='lat' dir='ltr'><strong>t</strong></span> <span class='ocrx_word' id='word_1_390' title='bbox 866 3957 894 3991; x_wconf 88' lang='lat' dir='ltr'><strong>e</strong></span> <span class='ocrx_word' id='word_1_391' title='bbox 912 3958 950 3992; x_wconf 90' lang='lat' dir='ltr'><strong>n</strong></span> <span class='ocrx_word' id='word_1_392' title='bbox 967 3958 1003 3992; x_wconf 87' lang='lat' dir='ltr'><strong>u</strong></span> <span class='ocrx_word' id='word_1_393' title='bbox 1022 3959 1044 3991; x_wconf 81' lang='lat' dir='ltr'><strong>s</strong></span> <span class='ocrx_word' id='word_1_394' title='bbox 1097 3940 1375 4010; x_wconf 82' lang='lat' dir='ltr'><strong>dignitate</strong></span> <span class='ocrx_word' id='word_1_395' title='bbox 1438 3944 1821 4012; x_wconf 71' lang='lat' dir='ltr'><strong>nomophylax</strong></span> <span class='ocrx_word' id='word_1_396' title='bbox 1874 3946 1932 3997; x_wconf 88' lang='lat' dir='ltr'><strong>et</strong></span> 
     </span>
     <span class='ocr_line' id='line_1_46' title="bbox 648 4012 1933 4079; baseline 0.004 -17"><span class='ocrx_word' id='word_1_397' title='bbox 648 4027 887 4079; x_wconf 78' lang='lat' dir='ltr'><strong>magnae</strong></span> <span class='ocrx_word' id='word_1_398' title='bbox 914 4012 1177 4066; x_wconf 84' lang='lat' dir='ltr'><strong>ecclesiae</strong></span> <span class='ocrx_word' id='word_1_399' title='bbox 1206 4013 1308 4067; x_wconf 77' lang='grc' dir='ltr'><strong>ΟΡ.</strong></span> <span class='ocrx_word' id='word_1_400' title='bbox 1355 4030 1696 4067; x_wconf 85' lang='lat' dir='ltr'><strong>oeconomus</strong></span> <span class='ocrx_word' id='word_1_401' title='bbox 1722 4014 1933 4068; x_wconf 82' lang='lat' dir='ltr'><strong>claruit</strong></span> 
     </span>
     <span class='ocr_line' id='line_1_47' title="bbox 647 4084 1930 4150; baseline 0.006 -17"><span class='ocrx_word' id='word_1_402' title='bbox 647 4099 697 4134; x_wconf 88' lang='lat' dir='ltr'><strong>a.</strong></span> <span class='ocrx_word' id='word_1_403' title='bbox 728 4087 881 4144; x_wconf 77' lang='grc'><strong>1166,</strong></span> <span class='ocrx_word' id='word_1_404' title='bbox 924 4099 1040 4149; x_wconf 88' lang='lat' dir='ltr'><strong>quo</strong></span> <span class='ocrx_word' id='word_1_405' title='bbox 1082 4085 1298 4150; x_wconf 86' lang='lat' dir='ltr'><strong>synodo</strong></span> <span class='ocrx_word' id='word_1_406' title='bbox 1328 4084 1434 4141; x_wconf 80' lang='lat' dir='ltr'><strong>GP.</strong></span> <span class='ocrx_word' id='word_1_407' title='bbox 1460 4086 1726 4141; x_wconf 82' lang='lat' dir='ltr'><strong>interfuit</strong></span> <span class='ocrx_word' id='word_1_408' title='bbox 1766 4089 1824 4141; x_wconf 84' lang='lat' dir='ltr'><strong>et</strong></span> <span class='ocrx_word' id='word_1_409' title='bbox 1861 4086 1930 4141; x_wconf 89' lang='lat' dir='ltr'><strong>de</strong></span> 
     </span>
     <span class='ocr_line' id='line_1_48' title="bbox 656 4153 1929 4212; baseline 0.004 -7"><span class='ocrx_word' id='word_1_410' title='bbox 656 4153 771 4207; x_wconf 85' lang='lat' dir='ltr'><strong>&#39;ure</strong></span> <span class='ocrx_word' id='word_1_411' title='bbox 799 4154 1071 4208; x_wconf 77' lang='lat' dir='ltr'><strong>canonico</strong></span> <span class='ocrx_word' id='word_1_412' title='bbox 1098 4155 1309 4209; x_wconf 88' lang='lat' dir='ltr'><strong>ibidem</strong></span> <span class='ocrx_word' id='word_1_413' title='bbox 1336 4157 1631 4210; x_wconf 82' lang='lat' dir='ltr'><strong>consultus</strong></span> <span class='ocrx_word' id='word_1_414' title='bbox 1658 4158 1929 4212; x_wconf 84' lang='lat' dir='ltr'><strong>adversus</strong></span> 
     </span>
     <span class='ocr_line' id='line_1_49' title="bbox 641 4171 1929 4297; baseline 0.005 -22"><span class='ocrx_word' id='word_1_415' title='bbox 641 4171 1029 4292; x_wconf 49' lang='lat' dir='ltr'><strong>iqieephorum</strong></span> <span class='ocrx_word' id='word_1_416' title='bbox 1064 4226 1441 4295; x_wconf 78' lang='lat' dir='ltr'><strong>patriarchani</strong></span> <span class='ocrx_word' id='word_1_417' title='bbox 1483 4227 1929 4297; x_wconf 84' lang='lat' dir='ltr'><strong>hierosolymita-</strong></span> 
     </span>
     <span class='ocr_line' id='line_1_50' title="bbox 649 4297 1931 4368; baseline 0.004 -21"><span class='ocrx_word' id='word_1_418' title='bbox 649 4313 787 4348; x_wconf 88' lang='lat' dir='ltr'><strong>num</strong></span> <span class='ocrx_word' id='word_1_419' title='bbox 815 4312 969 4352; x_wconf 84' lang='lat' dir='ltr'><strong>conc.</strong></span> <span class='ocrx_word' id='word_1_420' title='bbox 997 4297 1233 4352; x_wconf 82' lang='lat' dir='ltr'><strong>trullani</strong></span> <span class='ocrx_word' id='word_1_421' title='bbox 1271 4316 1393 4354; x_wconf 82' lang='lat' dir='ltr'><strong>can.</strong></span> <span class='ocrx_word' id='word_1_422' title='bbox 1421 4304 1487 4356; x_wconf 85' lang='lat'><strong>37</strong></span> <span class='ocrx_word' id='word_1_423' title='bbox 1518 4301 1777 4368; x_wconf 84' lang='lat' dir='ltr'><strong>protulit.</strong></span> <span class='ocrx_word' id='word_1_424' title='bbox 1832 4299 1931 4352; x_wconf 87' lang='lat' dir='ltr'><strong>Ex-</strong></span> 
     </span>
     <span class='ocr_line' id='line_1_51' title="bbox 649 4369 1930 4440; baseline 0.004 -21"><span class='ocrx_word' id='word_1_425' title='bbox 649 4369 763 4420; x_wconf 80' lang='lat' dir='ltr'><strong>stat</strong></span> <span class='ocrx_word' id='word_1_426' title='bbox 802 4374 1047 4436; x_wconf 70' lang='lat' dir='ltr'><strong>synopsis</strong></span> <span class='ocrx_word' id='word_1_427' title='bbox 1085 4390 1343 4424; x_wconf 79' lang='lat' dir='ltr'><strong>canonum</strong></span> <span class='ocrx_word' id='word_1_428' title='bbox 1386 4371 1531 4440; x_wconf 85' lang='lat' dir='ltr'><strong>(ipso</strong></span> <span class='ocrx_word' id='word_1_429' title='bbox 1573 4372 1740 4440; x_wconf 85' lang='lat' dir='ltr'><strong>longe</strong></span> <span class='ocrx_word' id='word_1_430' title='bbox 1786 4372 1930 4425; x_wconf 83' lang='lat' dir='ltr'><strong>anti-</strong></span> 
     </span>
     <span class='ocr_line' id='line_1_52' title="bbox 650 4437 1930 4511; baseline 0.006 -23"><span class='ocrx_word' id='word_1_431' title='bbox 650 4437 851 4505; x_wconf 78' lang='lat' dir='ltr'><strong>quior),</strong></span> <span class='ocrx_word' id='word_1_432' title='bbox 907 4456 1081 4506; x_wconf 82' lang='lat' dir='ltr'><strong>quam</strong></span> <span class='ocrx_word' id='word_1_433' title='bbox 1131 4441 1254 4511; x_wconf 82' lang='lat' dir='ltr'><strong>ipse</strong></span> <span class='ocrx_word' id='word_1_434' title='bbox 1319 4442 1545 4496; x_wconf 83' lang='lat' dir='ltr'><strong>scholiis</strong></span> <span class='ocrx_word' id='word_1_435' title='bbox 1593 4443 1930 4497; x_wconf 80' lang='lat' dir='ltr'><strong>illustravit.</strong></span> 
     </span>
     <span class='ocr_line' id='line_1_53' title="bbox 649 4510 1931 4594; baseline 0.005 -31"><span class='ocrx_word' id='word_1_436' title='bbox 649 4510 934 4579; x_wconf 78' lang='lat' dir='ltr'><strong>Synopsin</strong></span> <span class='ocrx_word' id='word_1_437' title='bbox 962 4511 1145 4579; x_wconf 78' lang='lat' dir='ltr'><strong>ipsam</strong></span> <span class='ocrx_word' id='word_1_438' title='bbox 1173 4513 1345 4566; x_wconf 83' lang='lat' dir='ltr'><strong>habes</strong></span> <span class='ocrx_word' id='word_1_439' title='bbox 1375 4514 1531 4594; x_wconf 79' lang='lat' dir='ltr'><strong>apud</strong></span> <span class='ocrx_word' id='word_1_440' title='bbox 1559 4512 1751 4583; x_wconf 86' lang='lat' dir='ltr'><strong>Migne</strong></span> <span class='ocrx_word' id='word_1_441' title='bbox 1780 4514 1839 4567; x_wconf 89' lang='lat' dir='ltr'><strong>P.</strong></span> <span class='ocrx_word' id='word_1_442' title='bbox 1865 4517 1931 4569; x_wconf 73' lang='lat' dir='ltr'><strong>G.</strong></span> 
     </span>
     <span class='ocr_line' id='line_1_54' title="bbox 651 4580 1932 4654; baseline 0.002 -19"><span class='ocrx_word' id='word_1_443' title='bbox 651 4580 943 4638; x_wconf 80' lang='lat' dir='ltr'><strong>CXXXIII.</strong></span> <span class='ocrx_word' id='word_1_444' title='bbox 966 4587 1229 4646; x_wconf 80' lang='grc'><strong>63-114,</strong></span> <span class='ocrx_word' id='word_1_445' title='bbox 1250 4584 1476 4638; x_wconf 61' lang='grc'><strong>1131101118</strong></span> <span class='ocrx_word' id='word_1_446' title='bbox 1494 4585 1760 4654; x_wconf 85' lang='lat' dir='ltr'><strong>notisque</strong></span> <span class='ocrx_word' id='word_1_447' title='bbox 1777 4586 1932 4640; x_wconf 84' lang='lat' dir='ltr'><strong>illus-</strong></span> 
     </span>
     <span class='ocr_line' id='line_1_55' title="bbox 651 4653 1930 4724; baseline 0.004 -19"><span class='ocrx_word' id='word_1_448' title='bbox 651 4655 858 4705; x_wconf 77' lang='lat' dir='ltr'><strong>tra-tam</strong></span> <span class='ocrx_word' id='word_1_449' title='bbox 904 4653 966 4706; x_wconf 89' lang='lat' dir='ltr'><strong>in</strong></span> <span class='ocrx_word' id='word_1_450' title='bbox 1012 4655 1091 4708; x_wconf 88' lang='lat' dir='ltr'><strong>Cl.</strong></span> <span class='ocrx_word' id='word_1_451' title='bbox 1135 4656 1425 4724; x_wconf 81' lang='lat' dir='ltr'><strong>Beveregii</strong></span> <span class='ocrx_word' id='word_1_452' title='bbox 1466 4656 1750 4711; x_wconf 53' lang='lat' dir='ltr'><strong>Pendet-te</strong></span> <span class='ocrx_word' id='word_1_453' title='bbox 1791 4675 1930 4720; x_wconf 62' lang='lat' dir='ltr'><strong>can„</strong></span> 
     </span>
     <span class='ocr_line' id='line_1_56' title="bbox 652 4723 1935 4783; baseline 0.005 -6"><span class='ocrx_word' id='word_1_454' title='bbox 652 4723 854 4778; x_wconf 80' lang='lat' dir='ltr'><strong>Oxonii</strong></span> <span class='ocrx_word' id='word_1_455' title='bbox 903 4730 1070 4782; x_wconf 76' lang='lat'>1672:</span> <span class='ocrx_word' id='word_1_456' title='bbox 1124 4728 1557 4782; x_wconf 79' lang='lat' dir='ltr'><strong>commentarios</strong></span> <span class='ocrx_word' id='word_1_457' title='bbox 1609 4730 1837 4782; x_wconf 81' lang='lat' dir='ltr'><strong>exhibet</strong></span> <span class='ocrx_word' id='word_1_458' title='bbox 1879 4737 1935 4783; x_wconf 84' lang='lat' dir='ltr'><strong>et</strong></span> 
     </span>
     <span class='ocr_line' id='line_1_57' title="bbox 651 4795 1934 4866; baseline 0.005 -18"><span class='ocrx_word' id='word_1_459' title='bbox 651 4795 841 4866; x_wconf 83' lang='lat' dir='ltr'><strong>Migne</strong></span> <span class='ocrx_word' id='word_1_460' title='bbox 870 4795 1174 4851; x_wconf 78' lang='lat' dir='ltr'>CXXXVII</span> <span class='ocrx_word' id='word_1_461' title='bbox 1217 4816 1334 4852; x_wconf 83' lang='lat' dir='ltr'><strong>una</strong></span> <span class='ocrx_word' id='word_1_462' title='bbox 1360 4817 1487 4853; x_wconf 85' lang='lat' dir='ltr'><strong>cum</strong></span> <span class='ocrx_word' id='word_1_463' title='bbox 1515 4801 1934 4854; x_wconf 78' lang='lat' dir='ltr'><strong>commentariis</strong></span> 
     </span>
    </p>
   </div>
   <div class='ocr_carea' id='block_1_9' title="bbox 652 4866 1588 4925">
    <p class='ocr_par' dir='ltr' id='par_1_9' title="bbox 652 4866 1588 4925">
     <span class='ocr_line' id='line_1_58' title="bbox 652 4866 1588 4925; baseline 0.006 -6"><span class='ocrx_word' id='word_1_464' title='bbox 652 4866 1132 4922; x_wconf 81' lang='lat' dir='ltr'><strong>Balsamonis</strong></span> <span class='ocrx_word' id='word_1_465' title='bbox 1160 4873 1218 4923; x_wconf 86' lang='lat' dir='ltr'><strong>et</strong></span> <span class='ocrx_word' id='word_1_466' title='bbox 1243 4870 1588 4925; x_wconf 70' lang='lat' dir='ltr'><strong>Zonaras.</strong></span> 
     </span>
    </p>
   </div>
   <div class='ocr_carea' id='block_1_10' title="bbox 1926 2344 1981 4693">
    <p class='ocr_par' dir='ltr' id='par_1_10' title="bbox 1926 2344 1981 4693">
     <span class='ocr_line' id='line_1_59' title="bbox 1926 2344 1981 4693; baseline 0 0"><span class='ocrx_word' id='word_1_467' title='bbox 1926 2344 1981 4693; x_wconf 95' lang='lat' dir='ltr'><strong> </strong></span> 
     </span>
    </p>
   </div>
   <div class='ocr_carea' id='block_1_11' title="bbox 1981 2936 3376 4537">
    <p class='ocr_par' dir='ltr' id='par_1_11' title="bbox 1981 2936 3376 4537">
     <span class='ocr_line' id='line_1_60' title="bbox 1981 2936 3271 2998; baseline -0.001 -4"><span class='ocrx_word' id='word_1_468' title='bbox 1981 2936 2607 2996; x_wconf 81' lang='lat' dir='ltr'><strong>&#39;monachoclericorum</strong></span> <span class='ocrx_word' id='word_1_469' title='bbox 2650 2941 2711 2996; x_wconf 91' lang='lat' dir='ltr'><strong>et</strong></span> <span class='ocrx_word' id='word_1_470' title='bbox 2745 2940 3271 2998; x_wconf 85' lang='lat' dir='ltr'><strong>sanctimonalium</strong></span> 
     </span>
     <span class='ocr_line' id='line_1_61' title="bbox 1984 3024 3270 3102; baseline 0.001 -21"><span class='ocrx_word' id='word_1_471' title='bbox 1984 3024 2277 3101; x_wconf 86' lang='lat' dir='ltr'><strong>virginum</strong></span> <span class='ocrx_word' id='word_1_472' title='bbox 2298 3026 2479 3084; x_wconf 81' lang='lat' dir='ltr'><strong>vitam</strong></span> <span class='ocrx_word' id='word_1_473' title='bbox 2513 3028 2919 3102; x_wconf 84' lang='lat' dir='ltr'><strong>spectantibus</strong></span> <span class='ocrx_word' id='word_1_474' title='bbox 2950 3029 3141 3088; x_wconf 87' lang='lat' dir='ltr'><strong>edidit</strong></span> <span class='ocrx_word' id='word_1_475' title='bbox 3159 3026 3270 3085; x_wconf 70' lang='lat' dir='ltr'><strong>Pes</strong></span> 
     </span>
     <span class='ocr_line' id='line_1_62' title="bbox 1981 3114 3271 3185; baseline 0.002 -14"><span class='ocrx_word' id='word_1_476' title='bbox 1981 3114 2128 3172; x_wconf 85' lang='lat' dir='ltr'><strong>thes.</strong></span> <span class='ocrx_word' id='word_1_477' title='bbox 2173 3115 2373 3173; x_wconf 84' lang='lat' dir='ltr'><strong>anecd.</strong></span> <span class='ocrx_word' id='word_1_478' title='bbox 2405 3114 2478 3185; x_wconf 89' lang='lat'><strong>11,</strong></span> <span class='ocrx_word' id='word_1_479' title='bbox 2518 3125 2572 3185; x_wconf 82' lang='lat'><strong>2,</strong></span> <span class='ocrx_word' id='word_1_480' title='bbox 2610 3125 2932 3180; x_wconf 76' lang='lat'>507—42.</span> <span class='ocrx_word' id='word_1_481' title='bbox 2963 3152 3055 3162; x_wconf 88' lang='lat'><strong>-—</strong></span> <span class='ocrx_word' id='word_1_482' title='bbox 3089 3121 3271 3176; x_wconf 75' lang='lat' dir='ltr'><strong>Asoe-</strong></span> 
     </span>
     <span class='ocr_line' id='line_1_63' title="bbox 1982 3203 3267 3281; baseline 0.002 -21"><span class='ocrx_word' id='word_1_483' title='bbox 1982 3203 2132 3261; x_wconf 83' lang='lat' dir='ltr'><strong>ticae</strong></span> <span class='ocrx_word' id='word_1_484' title='bbox 2175 3206 2400 3278; x_wconf 86' lang='lat' dir='ltr'><strong>pariter</strong></span> <span class='ocrx_word' id='word_1_485' title='bbox 2445 3208 2588 3263; x_wconf 88' lang='lat' dir='ltr'><strong>sunt</strong></span> <span class='ocrx_word' id='word_1_486' title='bbox 2632 3207 2898 3281; x_wconf 73' lang='lat' dir='ltr'><strong>epistolae</strong></span> <span class='ocrx_word' id='word_1_487' title='bbox 2942 3213 3062 3265; x_wconf 76' lang='lat' dir='ltr'><strong>tres</strong></span> <span class='ocrx_word' id='word_1_488' title='bbox 3092 3208 3143 3265; x_wconf 93' lang='lat' dir='ltr'><strong>B</strong></span> <span class='ocrx_word' id='word_1_489' title='bbox 3160 3223 3267 3263; x_wconf 87' lang='lat' dir='ltr'><strong>er-</strong></span> 
     </span>
     <span class='ocr_line' id='line_1_64' title="bbox 1985 3292 3269 3369; baseline 0 -21"><span class='ocrx_word' id='word_1_490' title='bbox 1985 3292 2206 3350; x_wconf 87' lang='lat' dir='ltr'><strong>nardi</strong></span> <span class='ocrx_word' id='word_1_491' title='bbox 2267 3293 2521 3369; x_wconf 89' lang='lat' dir='ltr'><strong>episcopi</strong></span> <span class='ocrx_word' id='word_1_492' title='bbox 2581 3295 2878 3369; x_wconf 80' lang='lat' dir='ltr'><strong>quondam</strong></span> <span class='ocrx_word' id='word_1_493' title='bbox 2928 3293 3269 3356; x_wconf 84' lang='lat' dir='ltr'><strong>bellicensis</strong></span> 
     </span>
     <span class='ocr_line' id='line_1_65' title="bbox 1985 3377 3376 3464; baseline -0.002 -21"><span class='ocrx_word' id='word_1_494' title='bbox 1985 3377 2233 3463; x_wconf 82' lang='lat'>(1136),</span> <span class='ocrx_word' id='word_1_495' title='bbox 2297 3401 2419 3457; x_wconf 80' lang='lat' dir='ltr'><strong>qua</strong></span> <span class='ocrx_word' id='word_1_496' title='bbox 2478 3383 2614 3443; x_wconf 77' lang='lat' dir='ltr'><strong>sede</strong></span> <span class='ocrx_word' id='word_1_497' title='bbox 2671 3378 2729 3464; x_wconf 88' lang='lat'><strong>(1</strong></span> <span class='ocrx_word' id='word_1_498' title='bbox 2752 3380 3268 3464; x_wconf 58' lang='lat' dir='ltr'><strong>Moy-resignata</strong></span> <span class='ocrx_word' id='word_1_499' title='bbox 3355 3385 3376 3395; x_wconf 75' lang='grc'><strong><em>”</em></strong></span> 
     </span>
     <span class='ocr_line' id='line_1_66' title="bbox 1984 3466 3265 3557; baseline 0.003 -27"><span class='ocrx_word' id='word_1_500' title='bbox 1984 3472 2045 3534; x_wconf 90' lang='grc' dir='ltr'><strong>Ο.</strong></span> <span class='ocrx_word' id='word_1_501' title='bbox 2061 3471 2328 3533; x_wconf 77' lang='lat' dir='ltr'><strong>OarthuS.</strong></span> <span class='ocrx_word' id='word_1_502' title='bbox 2343 3472 2663 3531; x_wconf 86' lang='lat' dir='ltr'><strong>monachus</strong></span> <span class='ocrx_word' id='word_1_503' title='bbox 2677 3474 2911 3549; x_wconf 83' lang='lat' dir='ltr'><strong>etprior</strong></span> <span class='ocrx_word' id='word_1_504' title='bbox 2923 3471 2980 3557; x_wconf 95' lang='grc'><strong>(1</strong></span> <span class='ocrx_word' id='word_1_505' title='bbox 3003 3486 3028 3536; x_wconf 95' lang='lat'>1</span> <span class='ocrx_word' id='word_1_506' title='bbox 3045 3466 3265 3556; x_wconf 82' lang='grc'><strong>46147)</strong></span> 
     </span>
     <span class='ocr_line' id='line_1_67' title="bbox 1988 3555 3265 3642; baseline 0.003 -25"><span class='ocrx_word' id='word_1_507' title='bbox 1988 3561 2326 3619; x_wconf 78' lang='lat' dir='ltr'><strong>monasterii</strong></span> <span class='ocrx_word' id='word_1_508' title='bbox 2356 3561 2429 3619; x_wconf 91' lang='lat' dir='ltr'><strong>de</strong></span> <span class='ocrx_word' id='word_1_509' title='bbox 2461 3562 2654 3622; x_wconf 90' lang='lat' dir='ltr'><strong>Portis</strong></span> <span class='ocrx_word' id='word_1_510' title='bbox 2687 3561 2748 3642; x_wconf 83' lang='lat'><strong>(†</strong></span> <span class='ocrx_word' id='word_1_511' title='bbox 2773 3571 2869 3626; x_wconf 89' lang='lat'><strong>12.</strong></span> <span class='ocrx_word' id='word_1_512' title='bbox 2884 3563 3021 3629; x_wconf 78' lang='lat' dir='ltr'><strong>Jan.</strong></span> <span class='ocrx_word' id='word_1_513' title='bbox 3050 3555 3265 3642; x_wconf 85' lang='grc'><strong>1153).</strong></span> 
     </span>
     <span class='ocr_line' id='line_1_68' title="bbox 1991 3647 3263 3718; baseline 0.002 -11"><span class='ocrx_word' id='word_1_514' title='bbox 1991 3649 2100 3707; x_wconf 83' lang='lat' dir='ltr'><strong>Eas</strong></span> <span class='ocrx_word' id='word_1_515' title='bbox 2134 3649 2314 3708; x_wconf 85' lang='lat' dir='ltr'><strong>habes</strong></span> <span class='ocrx_word' id='word_1_516' title='bbox 2346 3650 2408 3707; x_wconf 90' lang='lat' dir='ltr'><strong>in</strong></span> <span class='ocrx_word' id='word_1_517' title='bbox 2440 3651 2593 3714; x_wconf 89' lang='lat' dir='ltr'><strong>Bibl.</strong></span> <span class='ocrx_word' id='word_1_518' title='bbox 2626 3651 2735 3711; x_wconf 91' lang='lat' dir='ltr'><strong>PP.</strong></span> <span class='ocrx_word' id='word_1_519' title='bbox 2767 3654 3028 3712; x_wconf 77' lang='lat' dir='ltr'><strong>maxima</strong></span> <span class='ocrx_word' id='word_1_520' title='bbox 3058 3647 3263 3718; x_wconf 81' lang='lat' dir='ltr'>XXIV,</span> 
     </span>
     <span class='ocr_line' id='line_1_69' title="bbox 1995 3740 3266 3817; baseline 0.002 -18"><span class='ocrx_word' id='word_1_521' title='bbox 1995 3748 2149 3801; x_wconf 89' lang='grc'><strong>1501</strong></span> <span class='ocrx_word' id='word_1_522' title='bbox 2206 3757 2280 3800; x_wconf 80' lang='lat' dir='ltr'><strong>ss,</strong></span> <span class='ocrx_word' id='word_1_523' title='bbox 2327 3742 2389 3798; x_wconf 86' lang='lat' dir='ltr'><strong>et</strong></span> <span class='ocrx_word' id='word_1_524' title='bbox 2431 3740 2629 3817; x_wconf 85' lang='lat' dir='ltr'><strong>Migne</strong></span> <span class='ocrx_word' id='word_1_525' title='bbox 2662 3742 2856 3812; x_wconf 85' lang='lat' dir='ltr'><strong>cL111,</strong></span> <span class='ocrx_word' id='word_1_526' title='bbox 2892 3751 3266 3807; x_wconf 81' lang='lat'><strong>885—900.</strong></span> 
     </span>
     <span class='ocr_line' id='line_1_70' title="bbox 1987 3827 3263 3906; baseline 0.002 -22"><span class='ocrx_word' id='word_1_527' title='bbox 1987 3827 2335 3903; x_wconf 87' lang='lat' dir='ltr'><strong>Sequuntur</strong></span> <span class='ocrx_word' id='word_1_528' title='bbox 2376 3828 2595 3888; x_wconf 87' lang='lat' dir='ltr'><strong>ibidem</strong></span> <span class='ocrx_word' id='word_1_529' title='bbox 2635 3849 2693 3906; x_wconf 89' lang='lat' dir='ltr'><strong>p.</strong></span> <span class='ocrx_word' id='word_1_530' title='bbox 2729 3840 3071 3895; x_wconf 79' lang='lat' dir='ltr'><strong>sss-931</strong></span> <span class='ocrx_word' id='word_1_531' title='bbox 3118 3830 3263 3889; x_wconf 82' lang='lat' dir='ltr'><strong>aliae</strong></span> 
     </span>
     <span class='ocr_line' id='line_1_71' title="bbox 1990 3917 3264 3992; baseline 0.002 -18"><span class='ocrx_word' id='word_1_532' title='bbox 1990 3917 2252 3991; x_wconf 74' lang='lat' dir='ltr'><strong>quinque</strong></span> <span class='ocrx_word' id='word_1_533' title='bbox 2283 3919 2549 3992; x_wconf 76' lang='lat' dir='ltr'><strong>epistolae</strong></span> <span class='ocrx_word' id='word_1_534' title='bbox 2590 3918 2920 3979; x_wconf 86' lang='lat' dir='ltr'><strong>Joannis</strong></span> <span class='ocrx_word' id='word_1_535' title='bbox 2963 3920 3039 3979; x_wconf 91' lang='lat' dir='ltr'><strong>de</strong></span> <span class='ocrx_word' id='word_1_536' title='bbox 3068 3921 3264 3980; x_wconf 78' lang='lat' dir='ltr'><strong>Mont-</strong></span> 
     </span>
     <span class='ocr_line' id='line_1_72' title="bbox 1992 4001 3263 4087; baseline 0.004 -26"><span class='ocrx_word' id='word_1_537' title='bbox 1992 4005 2159 4082; x_wconf 84' lang='lat' dir='ltr'><strong>medy</strong></span> <span class='ocrx_word' id='word_1_538' title='bbox 2207 4005 2631 4084; x_wconf 85' lang='lat' dir='ltr'><strong>(Montmoyon,</strong></span> <span class='ocrx_word' id='word_1_539' title='bbox 2679 4008 2751 4067; x_wconf 89' lang='lat' dir='ltr'><strong>de</strong></span> <span class='ocrx_word' id='word_1_540' title='bbox 2796 4009 2997 4069; x_wconf 79' lang='lat' dir='ltr'><strong>Monte</strong></span> <span class='ocrx_word' id='word_1_541' title='bbox 3045 4001 3263 4087; x_wconf 91' lang='lat' dir='ltr'><strong>medio)</strong></span> 
     </span>
     <span class='ocr_line' id='line_1_73' title="bbox 1991 4096 3263 4169; baseline 0.004 -17"><span class='ocrx_word' id='word_1_542' title='bbox 1991 4096 2212 4169; x_wconf 79' lang='lat' dir='ltr'><strong>pariter</strong></span> <span class='ocrx_word' id='word_1_543' title='bbox 2226 4097 2591 4156; x_wconf 83' lang='lat' dir='ltr'><strong>carthusiani</strong></span> <span class='ocrx_word' id='word_1_544' title='bbox 2603 4099 2945 4157; x_wconf 85' lang='lat' dir='ltr'><strong>monasterii</strong></span> <span class='ocrx_word' id='word_1_545' title='bbox 2964 4098 3037 4157; x_wconf 90' lang='lat' dir='ltr'><strong>de</strong></span> <span class='ocrx_word' id='word_1_546' title='bbox 3054 4098 3263 4167; x_wconf 78' lang='lat' dir='ltr'><strong>Portis,</strong></span> 
     </span>
     <span class='ocr_line' id='line_1_74' title="bbox 1988 4183 3264 4265; baseline 0.002 -24"><span class='ocrx_word' id='word_1_547' title='bbox 1988 4185 2091 4258; x_wconf 85' lang='lat' dir='ltr'><strong>qui</strong></span> <span class='ocrx_word' id='word_1_548' title='bbox 2151 4183 2419 4244; x_wconf 88' lang='lat' dir='ltr'><strong>floruisse</strong></span> <span class='ocrx_word' id='word_1_549' title='bbox 2467 4185 2707 4245; x_wconf 82' lang='lat' dir='ltr'><strong>videtur</strong></span> <span class='ocrx_word' id='word_1_550' title='bbox 2754 4188 2956 4247; x_wconf 86' lang='lat' dir='ltr'><strong>eodem</strong></span> <span class='ocrx_word' id='word_1_551' title='bbox 3001 4191 3264 4265; x_wconf 78' lang='lat' dir='ltr'><strong>tempore</strong></span> 
     </span>
     <span class='ocr_line' id='line_1_75' title="bbox 1989 4269 3324 4356; baseline 0 -23"><span class='ocrx_word' id='word_1_552' title='bbox 1989 4269 2063 4352; x_wconf 87' lang='lat' dir='ltr'><strong>(c.</strong></span> <span class='ocrx_word' id='word_1_553' title='bbox 2117 4271 2330 4356; x_wconf 85' lang='lat'>1140).</span> <span class='ocrx_word' id='word_1_554' title='bbox 2382 4307 2454 4319; x_wconf 93' lang='lat'><strong>-—</strong></span> <span class='ocrx_word' id='word_1_555' title='bbox 2511 4276 2775 4352; x_wconf 89' lang='lat' dir='ltr'><strong>Denique</strong></span> <span class='ocrx_word' id='word_1_556' title='bbox 2833 4278 2906 4336; x_wconf 89' lang='lat' dir='ltr'><strong>de</strong></span> <span class='ocrx_word' id='word_1_557' title='bbox 2952 4277 3264 4355; x_wconf 87' lang='lat' dir='ltr'><strong>Ulgerio</strong></span> <span class='ocrx_word' id='word_1_558' title='bbox 3321 4301 3324 4302; x_wconf 39' lang='lat'><em>⁷</em></span> 
     </span>
     <span class='ocr_line' id='line_1_76' title="bbox 1989 4362 3265 4441; baseline 0.002 -22"><span class='ocrx_word' id='word_1_559' title='bbox 1989 4362 2220 4421; x_wconf 88' lang='lat' dir='ltr'><strong>scholae</strong></span> <span class='ocrx_word' id='word_1_560' title='bbox 2265 4363 2687 4441; x_wconf 83' lang='lat' dir='ltr'><strong>andegavensis</strong></span> <span class='ocrx_word' id='word_1_561' title='bbox 2732 4369 2977 4436; x_wconf 87' lang='lat' dir='ltr'><strong>rectore,</strong></span> <span class='ocrx_word' id='word_1_562' title='bbox 3023 4366 3164 4425; x_wconf 89' lang='lat' dir='ltr'><strong>dein</strong></span> <span class='ocrx_word' id='word_1_563' title='bbox 3207 4366 3265 4424; x_wconf 82' lang='lat' dir='ltr'><strong>et</strong></span> 
     </span>
     <span class='ocr_line' id='line_1_77' title="bbox 1988 4449 3264 4537; baseline 0.005 -29"><span class='ocrx_word' id='word_1_564' title='bbox 1988 4452 2256 4527; x_wconf 76' lang='lat' dir='ltr'><strong>episcopo</strong></span> <span class='ocrx_word' id='word_1_565' title='bbox 2301 4449 2535 4533; x_wconf 76' lang='lat'>(11253</span> <span class='ocrx_word' id='word_1_566' title='bbox 2583 4453 2619 4521; x_wconf 86' lang='lat'>†</span> <span class='ocrx_word' id='word_1_567' title='bbox 2659 4466 2755 4520; x_wconf 85' lang='lat'><strong>16.</strong></span> <span class='ocrx_word' id='word_1_568' title='bbox 2788 4455 2913 4515; x_wconf 78' lang='lat' dir='ltr'><strong>Oct.</strong></span> <span class='ocrx_word' id='word_1_569' title='bbox 2955 4451 3151 4537; x_wconf 72' lang='lat'>1149)</span> <span class='ocrx_word' id='word_1_570' title='bbox 3197 4452 3264 4515; x_wconf 79' lang='lat' dir='ltr'><strong>cf.</strong></span> 
     </span>
    </p>
   </div>
   <div class='ocr_carea' id='block_1_12' title="bbox 1989 4612 2300 4620">
    <p class='ocr_par' dir='ltr' id='par_1_12' title="bbox 1989 4612 2300 4620">
     <span class='ocr_line' id='line_1_78' title="bbox 1989 4612 2300 4620; baseline 0 744"><span class='ocrx_word' id='word_1_571' title='bbox 1989 4612 2300 4620; x_wconf 95' lang='lat' dir='ltr'><strong> </strong></span> 
     </span>
    </p>
   </div>
   <div class='ocr_carea' id='block_1_13' title="bbox 1990 4728 3265 4943">
    <p class='ocr_par' dir='ltr' id='par_1_13' title="bbox 1990 4728 3265 4943">
     <span class='ocr_line' id='line_1_79' title="bbox 2070 4728 3265 4800; baseline 0.01 -17"><span class='ocrx_word' id='word_1_572' title='bbox 2070 4733 2105 4800; x_wconf 85' lang='grc' dir='ltr'><strong>Ι)</strong></span> <span class='ocrx_word' id='word_1_573' title='bbox 2134 4728 2216 4786; x_wconf 81' lang='lat' dir='ltr'><strong>Cf.</strong></span> <span class='ocrx_word' id='word_1_574' title='bbox 2235 4730 2460 4785; x_wconf 75' lang='lat' dir='ltr'><strong>Str-eber</strong></span> <span class='ocrx_word' id='word_1_575' title='bbox 2477 4732 2588 4788; x_wconf 82' lang='lat' dir='ltr'><strong>KL.</strong></span> <span class='ocrx_word' id='word_1_576' title='bbox 2606 4733 2680 4786; x_wconf 87' lang='lat' dir='ltr'><strong>Vl</strong></span> <span class='ocrx_word' id='word_1_577' title='bbox 2692 4742 2724 4796; x_wconf 71' lang='lat'><strong>⁴,</strong></span> <span class='ocrx_word' id='word_1_578' title='bbox 2742 4739 2862 4791; x_wconf 80' lang='lat'>937:</span> <span class='ocrx_word' id='word_1_579' title='bbox 2881 4734 3128 4790; x_wconf 86' lang='lat' dir='ltr'><strong>Histoire</strong></span> <span class='ocrx_word' id='word_1_580' title='bbox 3143 4740 3265 4795; x_wconf 78' lang='grc'><strong>678-</strong></span> 
     </span>
     <span class='ocr_line' id='line_1_80' title="bbox 1990 4802 3261 4862; baseline 0.001 -3"><span class='ocrx_word' id='word_1_581' title='bbox 1990 4806 2088 4860; x_wconf 82' lang='grc'><strong>83;</strong></span> <span class='ocrx_word' id='word_1_582' title='bbox 2132 4802 2311 4856; x_wconf 79' lang='lat' dir='ltr'><strong>Franz</strong></span> <span class='ocrx_word' id='word_1_583' title='bbox 2352 4803 2443 4857; x_wconf 85' lang='lat' dir='ltr'><strong>die</strong></span> <span class='ocrx_word' id='word_1_584' title='bbox 2485 4805 2662 4859; x_wconf 87' lang='lat' dir='ltr'><strong>Messe</strong></span> <span class='ocrx_word' id='word_1_585' title='bbox 2702 4805 2780 4858; x_wconf 86' lang='lat' dir='ltr'><strong>im</strong></span> <span class='ocrx_word' id='word_1_586' title='bbox 2808 4806 3120 4862; x_wconf 83' lang='lat' dir='ltr'><strong>deutschen</strong></span> <span class='ocrx_word' id='word_1_587' title='bbox 3146 4809 3261 4862; x_wconf 78' lang='lat' dir='ltr'><strong>MA.</strong></span> 
     </span>
     <span class='ocr_line' id='line_1_81' title="bbox 1993 4879 2447 4943; baseline 0.002 -15"><span class='ocrx_word' id='word_1_588' title='bbox 1993 4891 2121 4943; x_wconf 83' lang='lat' dir='ltr'><strong>pag.</strong></span> <span class='ocrx_word' id='word_1_589' title='bbox 2147 4879 2447 4931; x_wconf 77' lang='lat'>438—440.</span> 
     </span>
    </p>
   </div>
  </div>
 </body>
</html>
