3475 5364
1059 300 1428 353 1541—1563.
1455 295 1768 365 Theologia
1792 296 1906 365 pol.
1930 296 1994 349 in
2020 296 2084 352 Ο.
2114 298 2261 367 Aug.
2290 295 2512 366 Treger,

484 315 648 369 1435
2926 313 3089 367 1436

475 488 587 542 etc.
651 484 856 541 Utitur
887 483 946 541 in
981 482 1053 541 iis
1085 483 1342 540 libenter
1374 480 1757 557 seriptisBiel
1781 480 1974 556 'prior
2004 485 2330 540 conventus
2361 481 2762 557 friburgensis
2781 483 2904 539 tam
2925 500 3091 540 sanc-

475 576 539 631 et
571 572 864 642 Gersonis,
898 591 1075 647 quem
1106 571 1378 653 sequitur
1394 571 1459 629 in
1480 571 1756 642 opinione
1811 570 2060 628 timonia
2119 590 2297 645 quam
2359 570 2660 629 doctrinae
2727 571 3094 645 praestantia

474 662 549 720 de
614 661 1032 737 superioritate
1092 660 1328 719 concilii
1381 678 1563 736 supra
1611 678 1755 718 rom.

474 751 834 827 pontificem.
874 749 1257 808 Catechismus
1270 746 1581 808 catholicus
1596 768 1756 808 sum-

478 859 634 897 mam
649 839 1002 898 christianae
1031 839 1428 897 institutionis
1443 838 1524 896 IV
1538 839 1599 896 ll.
1623 857 1755 897 suc·

476 929 717 987 cinctim
766 929 1178 1003 complectens,
1231 927 1501 986 Coloniae
1558 936 1755 996 15623

488 1029 560 1080 15
576 1026 688 1088 70;
721 1016 967 1077 Summa
998 1019 1290 1075 doctrinae
1308 1018 1631 1091 catholicae,
1654 1017 1755 1075 Co-

480 1107 671 1166 loniae
742 1117 939 1176 15623
994 1115 1180 1176 1570,
1231 1109 1556 1181 utrumque
1606 1124 1754 1180 opus

475 1215 596 1255 non
658 1196 802 1253 satis
864 1195 1234 1265 dedolatum3
1310 1196 1380 1252 de
1452 1198 1759 1256 securitate

472 1287 845 1344 conscientiae
875 1285 1282 1342 catholicorum
1311 1284 1376 1341 in
1408 1284 1587 1342 rebus
1620 1284 1754 1342 fidei

475 1385 538 1432 et
570 1374 641 1432 de
671 1373 932 1449 periculo
954 1376 1133 1447 atque
1148 1392 1346 1431 errore
1367 1373 1755 1432 sectariorum

479 1464 661 1538 hujus
712 1462 896 1521 seculi
928 1463 992 1524 ll.
1028 1472 1084 1530 2,
1136 1462 1200 1520 in
1250 1481 1505 1536 quorum
1557 1462 1756 1536 priore

416 1588 417 1591 =
476 1552 788 1611 exhibetur
818 1552 1125 1610 luculenta
1154 1551 1465 1609 antithesis
1498 1570 1605 1610 seu
1637 1553 1756 1610 eol-

477 1641 620 1702 latio
651 1633 1109 1717 praecipuorum
1155 1641 1314 1698 inter
1344 1641 1663 1700 catholicos
1696 1646 1756 1699 et

480 1730 758 1789 sectarios
779 1730 1182 1798 articulorum,
1218 1728 1371 1788 circa
1402 1746 1549 1805 quos
1581 1729 1754 1787 dissi-

481 1820 648 1888 dent;
697 1819 761 1877 in
794 1819 979 1877 altero
1021 1837 1160 1876 vero
1193 1836 1370 1876 sanae
1401 1824 1461 1876 et
1494 1819 1746 1893 amplec-

478 1908 691 1966 tendae
725 1907 1023 1966 doctrinae
1057 1907 1301 1966 consilia
1323 1925 1389 1965 ac
1407 1908 1600 1965 theses
1616 1926 1754 1966 con-

475 1998 767 2064 tinentur,
802 1996 1069 2055 Coloniae
1108 2005 1308 2064 15633
1356 1997 1392 2054 l.
1426 2015 1585 2054 unus
1618 2016 1755 2056 con-

478 2088 676 2143 tinens
723 2088 1134 2160 confutationes
1180 2087 1608 2143 mendaciorum
1652 2086 1755 2143 ad-

478 2192 688 2233 versus
719 2175 756 2232 l.
790 2173 1032 2250 Imperii
1078 2175 1259 2250 vulgo
1293 2173 1534 2232 Interim
1566 2175 1756 2233 edito-

477 2283 630 2332 rum,
665 2264 934 2322 Coloniae
972 2272 1158 2333 1563,
1193 2263 1258 2321 in
1288 2282 1406 2337 quo
1427 2264 1582 2321 sicut
1615 2264 1755 2322 etin

478 2352 611 2410 aliis
660 2353 927 2427 ejusdem
978 2352 1219 2427 scriptis
1271 2352 1575 2411 doctrinae
1635 2371 1755 2411 non

478 2460 653 2501 sanae
686 2441 757 2498 de
780 2441 1207 2517 justificatione
1237 2437 1424 2501 favet:
1459 2442 1598 2499 hinc
1629 2444 1757 2516 ejus

480 2549 658 2607 opera
689 2530 988 2606 quondam
1027 2530 1192 2588 fuere
1241 2528 1426 2609 (nunc
1469 2550 1589 2589 non
1634 2550 1755 2589 am·-

480 2614 667 2702 plius)
734 2620 1032 2696 prohibita
1081 2619 1284 2690 ,donec
1333 2619 1754 2696 corrigantur?

478 2714 542 2767 et
574 2712 637 2768 B.
671 2709 734 2772 P.
770 2710 1127 2769 Canisius
1179 2709 1242 2766 in
1288 2728 1374 2784 ep.
1427 2709 1500 2766 ad
1534 2709 1755 2768 Guilel-

476 2818 643 2857 mum
687 2799 972 2856 Bavariae
1020 2798 1227 2856 ducem
1279 2807 1333 2860 8.
1382 2800 1533 2874 Aug.
1588 2807 1745 2861 1581

1811 659 2420 719 commendatissimus
2456 654 2703 740 (1514),
2735 663 2944 735 postea
2973 660 3091 719 fac-

1812 751 1911 807 tus
1944 753 2037 806 est
2054 749 2218 823 prior
2233 751 2560 808 conventus
2589 749 3092 825 argentoratensis

1813 833 1958 919 (151
1980 831 2041 918 7)
2072 840 2134 896 et
2165 838 2350 896 studii
2381 839 2674 915 generalis
2695 838 2981 914 magister
2999 857 3090 896 re·-

1811 945 1970 1003 gens,
2023 930 2083 985 et
2134 947 2182 986 a.
2236 927 2514 1001 sequenti
2558 929 2783 985 electus
2814 927 3005 985 Rheni
3034 930 3094 985 et

1812 1016 2057 1075 Sueviae
2088 1016 2427 1090 provinciae
2472 1016 2862 1092 praeposituS,
2912 1035 3093 1091 quam

1810 1105 2138 1181 prudenter
2197 1105 2425 1181 diuque
2485 1106 2638 1164 rexit
2687 1100 3091 1185 (1518—40)

1812 1195 2139 1270 plurimum
2170 1194 2458 1265 intentus,
2493 1196 2607 1264 ,ut
2625 1195 2826 1253 cultus
2849 1193 3090 1253 divinus

1811 1283 2097 1359 legaliter,
2150 1283 2405 1342 rotunde
2454 1287 2517 1341 et
2556 1283 2833 1342 distincte
2864 1283 3091 1360 persol-

1809 1377 1985 1430 vatur
2016 1371 2119 1430 diu
2141 1376 2454 1448 noctuque.
2472 1380 2498 1410 ‘
2533 1372 2915 1431 Difficillimis
2940 1376 3089 1431 tem·

1809 1461 2056 1537 poribus
2072 1461 2260 1538 gessit
2274 1463 2691 1538 magistratum
2708 1482 2722 1519 :
2743 1461 2905 1520 haud
2920 1462 3093 1537 pauci

1810 1552 1966 1608 enim
2032 1550 2322 1609 sodalium
2383 1550 2871 1609 innovationibus
2935 1551 3092 1626 capti

1809 1638 2150 1698 defecerunt
2209 1640 2281 1698 ad
2332 1640 2697 1709 lutheran08‚
2745 1643 2806 1697 et
2850 1640 2915 1697 in
2962 1640 3093 1715 ipsa

1809 1729 1956 1787 urbe
1988 1730 2458 1806 argentoratensi
2500 1729 2833 1804 praevaluit
2860 1733 3092 1803 protes·

1809 1818 2071 1877 tantium
2094 1818 2284 1878 factio.
2319 1818 2470 1876 Hinc
2486 1818 2702 1893 'Preger
2723 1856 2751 1885 ,
2765 1837 2940 1877 verus
2956 1818 3090 1876 fidei

1811 1907 2128 1965 catholicae
2190 1908 2446 1965 zelator‘
2511 1906 2711 1966 emisit
2771 1907 3091 1965 Paradoxa

1810 2003 2030 2053 centum
2093 1996 2165 2053 de
2226 1996 2524 2055 Ecclesiae
2589 1996 3091 2070 conciliorumque
3181 2044 3189 2051 .

1811 2085 2182 2155 auctoritate,
2219 2084 2599 2161 Argentorati
2632 2093 2818 2155 1522,
2855 2085 3090 2159 publice

1812 2173 2254 2250 propugnanda.
2316 2174 2520 2249 Ipsum
2567 2174 2787 2249 agressi
2832 2176 2974 2232 sunt
3002 2175 3090 2232 fa·

1810 2281 2009 2321 mosus
2043 2262 2248 2338 Capito
2293 2263 2514 2338 aliique
2559 2281 2892 2337 praecones,
2941 2281 3089 2337 quo·

1810 2370 1944 2409 rum
1994 2351 2256 2410 dicteriis
2307 2353 2475 2427 plebs
2521 2352 2775 2410 excitata
2820 2351 2883 2409 in
2929 2351 3090 2410 varia

1810 2440 1993 2498 irruit
2026 2442 2401 2511 monasteria,
2424 2440 2868 2516 comprehendit
2901 2441 3089 2515 pluri-

1811 2547 1938 2587 mos
1972 2530 2305 2589 sacerdotes
2326 2533 2386 2588 et
2405 2530 2728 2606 religioso&
2762 2530 2920 2588 inter
2939 2548 3087 2604 quos

1812 2620 1872 2676 et
1889 2617 2122 2696 Treger‚
2158 2619 2262 2694 qui
2283 2638 2509 2678 carcere
2528 2621 2799 2677 retentus
2821 2618 2942 2677 fuit
2955 2619 3088 2677 aliis

1810 2712 1947 2783 post
1994 2711 2128 2767 o‘oto
2176 2708 2300 2767 dies
2352 2728 2386 2767 a
2433 2708 2792 2785 magistratu
2823 2708 3088 2768 libertati

1812 2798 2125 2856 restitutis.
2189 2798 2328 2857 Post
2373 2816 2634 2856 mensem
2681 2816 2821 2857 vero
2865 2797 3089 2873 etipse

479 2888 636 2946 inter
667 2890 936 2945 auctores
970 2886 1301 2954 catholicoe,
1353 2887 1459 2962 qui
1492 2887 1756 2962 alioquin
1810 2886 2093 2945 dimissus
2115 2886 2250 2956 fuit,
2268 2887 2368 2946 sed
2385 2886 2722 2963 prohibitus
2738 2886 3087 2956 concionari,

477 2976 816 3044 laudantur,
850 2994 1104 3050 quorum
1136 2979 1334 3034 tamen
1365 2975 1634 3034 doctrina
1664 2995 1755 3034 re·
1812 2994 1948 3033 nam
1979 2993 2333 3051 suppressus
2365 2976 2484 3034 fuit
2514 2976 2716 3034 cultus
2748 2976 3086 3035 catholicus.

481 3083 619 3123 vera
649 3069 710 3123 et
740 3065 974 3140 integre
1006 3083 1128 3123 non
1158 3066 1253 3122 est
1283 3065 1587 3136 catholica,
1622 3085 1757 3124 cum
1810 3063 2094 3124 Interfuit
2155 3065 2424 3142 publicae
2487 3064 2884 3138 disputationi
2933 3065 3091 3123 inter

481 3154 575 3215 Jo.
606 3153 862 3224 Wicel,
896 3153 987 3212 Jo.
1009 3154 1212 3223 Fer0,
1236 3153 1273 3212 J
1278 3172 1359 3212 ac.
1384 3154 1754 3230 Schopper,
1812 3153 2127 3212 catholicos
2202 3157 2265 3212 et
2340 3153 2738 3230 Zwinglianos
2816 3153 3088 3212 Badenae

483 3243 689 3318 Georg.
714 3242 845 3301 Cas
863 3243 1142 3302 sandro
1175 3244 1355 3302 etiam
1374 3242 1756 3320 Klingium
1815 3240 2058 3324 (1526),
2091 3242 2230 3301 dein
2261 3244 2488 3301 Bernae
2516 3252 2680 3305 1528
2703 3243 2957 3314 habitae,
2981 3243 3087 3301 ubi

477 3335 767 3391 numerat.
830 3366 915 3375 —-
976 3332 1083 3389 His
1144 3332 1438 3391 addantur
1497 3331 1535 3389 J
1538 3350 1757 3392 oannes
1810 3331 2155 3408 praesertim
2233 3332 2529 3407 agendum
2604 3335 2730 3390 erat
2802 3332 3088 3390 adversus

479 3422 621 3481 Alb
637 3440 668 3479 r
683 3441 714 3480 e
730 3441 761 3479 c
777 3421 811 3478 h
830 3423 857 3478 t
871 3417 916 3501 ¹)
964 3424 1025 3479 et
1069 3421 1282 3496 Caspar
1315 3423 1371 3480 M
1387 3428 1421 3480 ὃ
1437 3440 1467 3480 c
1481 3422 1522 3479 k
1539 3441 1568 3481 e
1586 3440 1625 3479 n
1642 3422 1663 3478 l
1678 3428 1711 3479 ὃ
1727 3440 1758 3478 ι·
1813 3421 2080 3496 Zwingli,
2098 3420 2628 3497 oecolampadium,
2646 3420 3086 3496 Bucer,Capit0,

478 3511 843 3587 guardianus
875 3511 937 3568 in
955 3513 1255 3570 conventu
1275 3506 1754 3590 Arnstaedensi2)
1811 3510 2014 3567 Haller
2033 3513 2159 3579 etc„
2191 3510 2293 3585 qui
2313 3510 2654 3596 frequentes
2675 3514 3086 3580 convenerant,

476 3605 587 3659 etc.
1811 3598 1911 3658 sed
1941 3617 2049 3674 pro
2082 3618 2241 3657 more
2273 3599 2447 3657 irrito
2489 3617 2780 3658 successu.
2843 3599 3089 3658 Restitit

1811 3691 2105 3762 quantum
2151 3688 2351 3762 potuit
2399 3687 2882 3747 innovationibus
2931 3689 3090 3747 inter

571 3788 712 3842 659.
731 3779 812 3836 Ex
832 3779 1094 3842 ordines,
1117 3779 1434 3855 Anqustini
1457 3777 1758 3836 mentione
1810 3777 2062 3851 parietes
2094 3776 2467 3847 domesticaS,
2501 3777 2602 3835 sed
2621 3778 2933 3836 interitum
2951 3779 3087 3853 plu-

472 3867 694 3943 dignus
727 3871 819 3925 est
840 3867 1137 3926 Conradus
1169 3867 1213 3924 Τ
1233 3887 1264 3924 r
1278 3886 1309 3924 e
1326 3887 1365 3943 g
1380 3887 1410 3925 e
1426 3887 1456 3925 r
1490 3865 1755 3948 (Dreger,
1813 3866 1965 3924 rium
1985 3870 2385 3924 conventuum
2410 3866 2716 3941 deplorare
2735 3866 2961 3936 debuit,
2982 3866 3088 3941 qui

480 3957 813 4032 Tregarius,
848 3956 1121 4025 Temere,
1144 3952 1489 4036 Tornarius)
1514 3956 1757 4014 Fribur-
1813 3955 1906 4014 vel
1939 3958 2146 4030 sponte
2180 3973 2288 4013 sua
2306 3954 2602 4013 sodalium
2633 3955 2960 4014 defectione
2993 3955 3088 4014 vel

474 4046 677 4121 gensis
710 4065 765 4102 n.
800 4064 843 4103 c.
880 4066 930 4104 a.
972 4055 1155 4114 1580,
1189 4045 1293 4120 qui
1314 4045 1386 4103 ad
1406 4045 1759 4120 perficienda
1813 4044 1870 4103 vi
1903 4044 2072 4102 illata
2104 4063 2138 4101 a
2167 4044 2519 4120 magistratu
2539 4044 2780 4120 politico
2801 4048 2945 4103 sunt
2967 4044 3088 4103 dis-

481 4153 589 4193 sua
622 4134 822 4193 studia
853 4134 1105 4193 Parisios
1135 4134 1254 4193 fuit
1272 4136 1483 4193 missus
1507 4133 1562 4214 (1
1583 4130 1754 4214 509),
1813 4133 2012 4195 soluti.
2046 4133 2243 4207 Ipsius
2274 4135 2477 4191 tamen
2508 4133 2854 4208 vigilantiae
2886 4136 2947 4192 et
2965 4133 3088 4193 zelo

478 4223 580 4280 ubi
614 4228 675 4281 et
707 4224 969 4282 lauream
1001 4225 1064 4282 in
1095 4223 1389 4300 theologia
1429 4227 1521 4281 est
1555 4241 1756 4282 conse·
1813 4222 1972 4280 haud
1988 4240 2193 4297 parum
2210 4222 2634 4299 Friburgenses
2650 4222 2868 4281 debent
2885 4219 2927 4303 ¹)
2951 4242 3088 4282 con-

478 4316 671 4372 cutus.
735 4313 937 4372 Redux
989 4314 1051 4371 in
1101 4313 1353 4388 patriam
1407 4313 1631 4371 electus
1665 4315 1757 4370 est
1812 4311 2206 4370 servationem
2239 4311 2372 4370 fidei
2404 4311 2594 4369 avitae
2633 4312 2694 4370 in
2727 4331 2833 4370 sua
2864 4311 3087 4371 ditione

1814 4397 1874 4482 (†
1910 4410 2007 4462 25.
2043 4401 2190 4458 Nov.
2233 4395 2444 4480 1542).

558 4508 592 4566 ²)
621 4500 699 4556 De
728 4519 841 4569 quo
871 4503 942 4556 cf.
969 4502 1039 4555 N.
1071 4500 1283 4554 Paulus
1306 4499 1754 4557 Katholik1892.

479 4573 519 4636 I,
547 4578 668 4631 545.
720 4576 805 4626 Ab
833 4591 897 4628 eo
925 4573 1207 4642 distingui
1234 4572 1403 4624 debet
1426 4570 1457 4624 J
1479 4588 1609 4624 oan
1630 4590 1667 4623 n
1685 4587 1713 4624 e
1731 4589 1758 4624 a
1892 4575 1926 4637 ¹)
1956 4570 2128 4624 Plura
2171 4571 2241 4624 de
2285 4569 2409 4639 ipso
2441 4570 2602 4623 dabit
2636 4570 2736 4624 Ed.
2773 4571 2858 4625 Al.
2898 4571 3089 4623 Haller

476 4645 611 4698 Alb
629 4663 657 4696 e
674 4663 699 4697 r
718 4651 741 4698 t
782 4644 1170 4712 Wimphensis
1210 4643 1492 4711 professor
1532 4641 1592 4694 in
1634 4642 1756 4695 uni·
1811 4642 1872 4695 in
1901 4642 2257 4697 Monatrosen
2288 4646 2428 4698 1896
2445 4661 2498 4711 p.
2521 4646 2797 4701 280—86;
2823 4645 3087 4706 321—36;

475 4716 741 4770 versitate
782 4715 1213 4785 ingolstadiensi
1255 4731 1304 4767 a.
1335 4719 1488 4778 1564,
1531 4714 1598 4768 de
1641 4730 1754 4782 qno
1811 4718 2091 4771 390-97;
2142 4713 2211 4767 N.
2265 4713 2478 4766 Paulus
2525 4714 2610 4766 Jo.
2654 4712 2998 4766 Hofmeister
3031 4730 3088 4781 p.

472 4790 545 4840 cf.
574 4788 804 4842 ibidem.
1118 4840 1124 4846 ,
1813 4789 1914 4840 145
1942 4803 2010 4838 ss.
2041 4784 2305 4854 Friburgi
2334 4789 2466 4842 1891
2490 4806 2502 4842 ς
2555 4788 2613 4836 et
2639 4784 2918 4838 Katholik
2948 4787 3089 4841 1899

550 4869 588 4924 ⁸⁴)
619 4859 700 4912 Cf.
731 4857 943 4910 Paulus
972 4856 1249 4910 Katholik
1278 4861 1434 4913 1893.
1464 4857 1531 4920 ΙΙ,
1559 4859 1681 4912 218.
1814 4856 1851 4918 l,
1877 4860 2190 4916 439—4472
2219 4860 2518 4913 all-535.
