3475 5364
535 348 554 396 1
580 348 600 398 1
625 347 696 397 15
785 332 1154 385 1501—1520.
1182 327 1609 381 controversiae
1636 328 1706 380 de
1732 328 1785 383 b.
1814 327 2024 381 Mariae
2052 329 2118 384 V.
2144 327 2533 396 conceptione.
2562 330 2878 399 Gaguinus,
2974 346 2997 396 1
3023 347 3040 397 1
3066 346 3142 398 16

523 535 573 572 a.
608 514 816 572 aetatis
854 524 950 576 70.
1014 512 1170 571 Haec
1199 514 1328 588 ejus
1360 532 1566 588 opera:
1612 514 1704 574 Tr.
1736 514 1806 571 de
1860 532 1992 571 rara
2023 516 2084 572 et
2114 514 2301 577 bona:
2364 524 2528 576 1514
2578 515 2640 572 in
2676 522 2745 583 8;
2797 515 2979 572 etiam
3028 513 3145 573 sub

522 604 819 680 sinqulari
841 604 1107 677 puritate
1137 604 1199 660 et
1232 602 1646 677 praerogativa
1663 621 1803 662 con-

525 692 816 768 ceptionis
866 691 1189 750 Salvatoris
1238 692 1432 748 nostri
1479 691 1533 748 J.
1567 691 1801 757 Christi,

526 782 827 841 Bononiae
865 787 1059 848 1481;
1115 790 1276 843 1502
1311 780 1398 838 ed.
1430 783 1633 851 aucta;
1680 781 1801 839 Me·

525 870 745 930 diolani
798 879 961 933 1512
1015 866 1115 947 (m.
1153 866 1258 946 45)
1304 871 1444 938 etc.;
1492 870 1588 928 cui
1632 888 1803 944 prae·

524 960 766 1018 miserat
827 976 1142 1034 suppresso
1218 959 1456 1017 nomine
1532 958 1804 1018 libellum

523 1048 996 1107 recollectorium
1040 1049 1109 1106 de
1147 1049 1383 1106 veritate
1427 1050 1806 1123 conceptionis

521 1138 572 1197 b.
593 1138 826 1197 Mariae
844 1156 911 1197 ex
933 1135 1275 1196 auctoribus
1295 1141 1356 1195 et
1376 1136 1549 1196 dictis
1571 1155 1641 1195 ss.
1665 1137 1804 1195 doc-

522 1230 725 1286 torum
774 1226 1026 1285 fideliter
1084 1226 1433 1298 confectum,
1485 1226 1804 1285 Mediolani

530 1325 696 1379 1475
718 1311 819 1396 (ιιι.
844 1312 1012 1395 100);
1045 1316 1346 1375 Bononiae
1373 1325 1524 1378 1481
1554 1311 1658 1397 (m.
1679 1313 1803 1392 80).

525 1406 810 1465 Provocat
841 1405 914 1464 ad
935 1406 1096 1463 ultra
1119 1414 1241 1467 200
1277 1408 1475 1480 patres
1509 1404 1804 1465 doctores-

522 1514 641 1570 que
673 1514 781 1570 pro
813 1514 919 1553 sua
951 1493 1264 1563 sententia,
1302 1493 1405 1552 sed
1423 1494 1722 1552 immerito
1737 1490 1803 1575 ¹).

526 1583 848 1660 Privilegia
896 1583 1087 1642 ordini
1119 1601 1394 1641 concessa
1423 1585 1485 1641 et
1517 1584 1805 1658 quaedam

526 1691 603 1731 SS.
634 1672 982 1747 pontificum
1002 1671 1201 1730 bullae
1220 1672 1495 1731 collectae
1526 1673 1805 1749 pluribus

526 1761 745 1821 additis
760 1762 1108 1837 prodierunt
1124 1761 1387 1820 Venetiis
1412 1773 1429 1823 l
1451 1772 1483 1823 5
1496 1776 1529 1821 0
1543 1774 1573 1824 7
1597 1783 1610 1831 ;
1645 1762 1804 1837 Lug-

525 1846 673 1908 duni
713 1860 876 1912 1515
913 1851 974 1908 in
1011 1859 1063 1914 8.

618 2039 649 2091 5
661 2037 696 2091 3
713 2040 760 2091 1.
785 2030 896 2087 Pro
912 2029 1185 2105 dogmate
1201 2029 1486 2087 catholico
1504 2032 1805 2087 steterunt

526 2117 968 2176 Ludovicns
1002 2138 1036 2176 a
1066 2118 1307 2176 Turre
1355 2117 1416 2177 Ο.
1451 2118 1588 2175 Min.
1623 2117 1802 2176 Vero-

1859 601 2042 660 titulo
2074 604 2395 661 Annalium
2430 621 2630 662 rerum
2645 605 2993 681 qallicarum
3006 621 3143 661 cum

1862 692 2273 767 supplemento
2318 691 2576 750 Huberti
2608 692 2705 752 Ve
2723 693 2740 750 l
2761 693 2828 751 le
2835 693 2861 767 j
2883 693 2919 762 i,
2972 710 3144 751 sena·

1860 781 1999 838 toi-ii
2014 781 2305 849 advocati,
2325 799 2512 856 usque
2528 782 2601 840 ad
2617 801 2665 839 a.
2690 792 2712 844 1
2735 792 2766 842 5
2779 790 2811 842 2
2824 792 2879 850 0,
2900 781 3145 840 Parisiis

1871 878 2023 932 1521
2056 869 2120 927 in
2157 881 2223 940 83
2267 878 2465 938 1522;
2509 879 2707 941 15243
2751 880 2951 939 1554;
2982 870 3143 947 Lug·

1861 957 2007 1017 duni
2036 968 2219 1029 1524,
2253 962 2315 1018 et
2333 976 2467 1017 cum
2502 960 2920 1035 supplemento
2952 978 3145 1035 usque

1860 1046 1932 1104 ad
1949 1047 2270 1106 Henricum
2290 1048 2381 1116 Π..
2410 1047 2782 1107 Francofurti
2808 1059 2882 1111 15
2895 1060 2925 1111 7
2941 1058 2971 1109 7
2991 1049 3056 1106 in
3070 1049 3142 1118 f.;

1860 1135 2105 1195 Parisiis
2180 1146 2375 1207 15823
2439 1155 2591 1211 quae
2651 1138 2904 1197 historia
2945 1137 3144 1213 quoad

1860 1229 2127 1301 tempora
2157 1227 2453 1285 anteriora
2482 1230 2643 1285 caret
2673 1227 2867 1303 pretio
2906 1226 3141 1286 critico:

1862 1316 1964 1372 sed
1998 1334 2104 1390 pro
2125 1319 2407 1392 tempore,
2442 1334 2559 1389 quo
2591 1316 2717 1391 ipse
2747 1316 2896 1375 vixit
2912 1319 3139 1384 auctor,

1860 1423 2073 1481 magno
2149 1405 2289 1463 usui
2366 1404 2482 1463 fuit
2558 1405 2690 1463 aliis
2760 1404 3060 1465 historicis
3075 1400 3141 1485 1).

1861 1490 2063 1552 Passio
2107 1513 2154 1552 8.
2193 1494 2479 1553 Richards·
2519 1497 2691 1569 pueri
2721 1494 2830 1568 M„
2893 1493 3142 1552 Parisiis

1870 1592 2064 1649 159&
2100 1583 2162 1641 in
2194 1583 2358 1642 Actis
2392 1582 2487 1641 SS.
2526 1590 2623 1646 25.
2660 1585 2825 1641 Mart.
2846 1583 2952 1652 ΠΙ,
2980 1592 3139 1651 593;

1862 1673 2145 1744 epistolae,
2170 1672 2411 1731 Parisiis
2441 1682 2603 1734 1498
2625 1694 2637 1742 ;
2683 1681 2840 1736 1521
2868 1672 2932 1730 in
2954 1682 3008 1735 4.
3029 1676 3141 1730 etc.

1861 1760 2207 1819 Laudantur
2246 1762 2375 1837 ejus
2408 1777 2587 1836 opera
2617 1780 2797 1837 quam
2828 1761 3076 1819 maxime
3107 1781 3143 1821 a

1863 1849 1988 1907 stili
2018 1850 2197 1908 latini
2246 1851 2526 1926 puritate.
2558 1884 2644 1894 —-
2677 1850 2716 1908 J
2732 1868 3017 1909 oannes
3067 1849 3140 1908 de

1862 1940 1908 1995 B
1925 1958 1955 1995 r
1971 1958 2001 1998 e
2019 1939 2080 1997 it
2094 1959 2124 1997 e
2140 1958 2180 1996 n
2196 1938 2236 1996 b
2251 1960 2284 1997 a
2301 1957 2330 1997 c
2347 1936 2447 2019 h‘2)
2527 1939 2844 2009 missensis,
2924 1938 3141 1998 studiis

1861 2046 2096 2102 operam
2127 2027 2370 2086 dederat
2400 2028 2637 2097 Perusii
2665 2032 2725 2087 et
2755 2028 3001 2104 Lipsiae,
3034 2028 3140 2085 ubi

1860 2116 1966 2175 diu
1986 2116 2146 2192 juris
2178 2118 2438 2176 canonici
2472 2118 2766 2192 professor
2796 2121 2939 2178 erat.
2987 2117 3137 2175 Con-

524 2207 743 2275 nensis,
780 2208 1031 2265 vicarius
1062 2208 1355 2284 generalis
1396 2207 1804 2266 cismontanus
1858 2209 1954 2264 tra
1968 2206 2015 2263 G
2032 2224 2062 2263 e
2083 2225 2116 2264 o
2133 2225 2162 2263 r
2178 2226 2218 2283 g
2233 2206 2254 2262 i
2272 2226 2312 2264 u
2327 2227 2385 2264 in
2416 2206 2488 2263 de
2509 2206 2554 2263 F
2570 2226 2598 2263 r
2612 2207 2633 2264 i
2648 2224 2679 2264 c
2693 2207 2732 2264 k
2747 2226 2778 2263 e
2795 2226 2835 2265 n
2851 2207 2891 2264 h
2907 2226 2943 2266 a
2956 2225 2997 2264 u
3012 2225 3039 2264 s
3053 2225 3085 2264 e
3099 2224 3141 2263 n

523 2294 584 2375 (†
625 2306 698 2357 15
711 2291 837 2377 02),
873 2296 935 2354 in
955 2297 1286 2371 compendio
1303 2299 1551 2373 virqinei
1568 2298 1805 2354 honoris

524 2387 728 2445 contra
773 2385 811 2448 l.
855 2384 1281 2444 invectivarum
1329 2385 1588 2461 religiosi
1632 2386 1800 2444 inno·

524 2474 736 2533 minati
771 2470 1117 2555 (Bandelli)‚
1153 2475 1388 2533 Brixiae
1417 2484 1579 2536 1486
1604 2475 1667 2532 in
1689 2484 1724 2535 4
1745 2477 1806 2532 et

525 2564 586 2622 iu
626 2563 1017 2622 Monumentis
1065 2565 1451 2637 franciscani-s
1487 2563 1701 2621 Petri
1732 2563 1804 2621 de

524 2651 690 2711 Alva.
715 2686 782 2696 —
810 2652 1027 2712 Contra
1055 2652 1305 2711 eundem
1335 2653 1383 2711 B
1401 2671 1490 2711 an
1506 2652 1543 2710 d
1561 2653 1628 2711 el
1648 2653 1725 2711 lu
1746 2672 1801 2710 m

525 2749 586 2800 et
632 2742 793 2804 Vinc.
846 2741 1388 2801 Chateauneuf
1433 2739 1528 2820 (de
1574 2742 1803 2800 Castro·

525 2826 706 2911 novo)
739 2831 979 2906 scripsit
1009 2834 1070 2888 et
1115 2831 1498 2889 Robertus
1532 2831 1803 2906 Gagui-

527 2938 667 2978 nus
717 2920 917 2994 Belga,
971 2920 1176 2977 doctor
1224 2919 1594 2978 decretorum
1648 2920 1803 2994 pari-

528 3008 741 3067 siensis
761 3011 822 3065 et
840 3008 1066 3066 ordinis
1098 3027 1173 3066 ss.
1195 3008 1504 3067 Trinitatis
1536 3009 1809 3067 minister

527 3092 901 3178 generalis2),
937 3097 1010 3155 ob
1032 3097 1395 3173 singularem
1426 3098 1806 3175 prudentiam

528 3187 622 3243 vel
657 3205 692 3244 a
722 3186 962 3261 regibus
980 3186 1205 3247 Galliae
1232 3186 1295 3244 in
1320 3187 1573 3264 negotiis
1604 3187 1807 3263 magni

526 3276 813 3334 momenti
844 3275 1147 3334 adhibitus
1187 3272 1249 3357 (†
1284 3284 1384 3338 22.
1417 3277 1547 3353 Maj.
1591 3273 1804 3354 1501),

527 3365 597 3422 de
624 3366 881 3440 puritate
924 3367 1301 3441 conceptionis
1345 3365 1393 3426 b.
1448 3364 1678 3424 Mariae
1724 3365 1805 3434 V„

528 3472 572 3512 s,
625 3454 664 3512 l.
716 3457 775 3512 et
826 3474 874 3512 a.
928 3449 1191 3534 (Parisiis
1241 3474 1287 3517 c.
1331 3465 1493 3517 1490
1547 3458 1607 3513 et
1655 3455 1807 3513 forte

525 3561 573 3601 c.
614 3539 807 3624 1500)
841 3543 930 3602 ed.
964 3563 1123 3602 rara:
1170 3543 1242 3602 de
1287 3563 1406 3620 quo
1453 3547 1807 3621 argumento

459 3636 463 3640 '
525 3632 702 3691 etiam
734 3651 971 3691 carmen
1004 3634 1408 3693 hexametrum
1455 3633 1805 3708 composuit,

531 3722 770 3786 Parisiis
797 3731 992 3793 15983
1035 3732 1198 3786 1617
1223 3722 1287 3781 in
1311 3731 1365 3786 8.
1399 3723 1583 3799 Magis
1607 3725 1809 3781 tamen

525 3811 790 3870 innotuit
804 3811 936 3870 aliis
951 3812 1232 3887 operibus
1249 3812 1371 3870 scil.
1392 3811 1809 3885 Compendium

530 3919 707 3975 super
739 3901 1102 3958 Francorum
1137 3903 1356 3978 oriqine
1388 3908 1437 3958 et
1451 3903 1624 3977 yestis
1643 3901 1698 3958 ll.
1727 3903 1806 3958 10

530 4009 563 4046 a
597 3989 1011 4047 Pharamundo
1044 4008 1234 4063 usque
1267 3989 1340 4047 ad
1372 4010 1419 4048 a.
1462 4000 1647 4057 1491,
1697 3990 1806 4047 Pa-

528 4078 688 4135 risiis
729 4087 928 4146 14953
975 4087 1132 4140 1497
1171 4078 1257 4136 ed.
1294 4079 1463 4137 valde
1496 4078 1805 4146 mendosa;

525 4169 705 4242 atque
738 4165 942 4225 addito
974 4166 1008 4224 l.
1040 4165 1137 4225 XI.
1172 4167 1242 4226 ad
1268 4186 1316 4224 a.
1349 4177 1532 4232 1499,
1568 4168 1807 4227 Parisiis

536 4266 733 4325 150ος
793 4256 1071 4318 1504111
1116 4257 1185 4326 f.;
1246 4265 1442 4326 15073
1504 4266 1657 4320 1511
1719 4257 1807 4315 ed.

606 4468 642 4534 ¹)
670 4462 848 4529 Quem
877 4462 914 4517 l.
941 4463 1228 4518 Scheeben
1270 4463 1493 4518 Handb.
1522 4463 1622 4517 der
1650 4464 1808 4519 kath.

525 4533 722 4588 Theol.
748 4535 785 4588 1.
812 4539 845 4590 5
872 4552 927 4588 n.
949 4539 1090 4592 1713
1109 4537 1278 4589 vocat
1297 4534 1695 4592 Brandschrift
1714 4534 1808 4589 ad-

527 4623 724 4661 versus
770 4606 980 4676 dogma
1026 4606 1096 4661 de
1149 4606 1520 4661 immaculata
1573 4607 1639 4662 V.
1694 4605 1809 4659 Ma·

525 4679 643 4733 riae
680 4679 1127 4747 conceptionem.
1154 4677 1238 4734 Cf.
1265 4677 1600 4749 Compendii
1629 4678 1807 4732 nostri

526 4751 698 4806 theol.
725 4749 916 4820 dogm.
947 4753 983 4804 t.
1013 4751 1078 4805 11.
1107 4767 1161 4802 n.
1189 4753 1311 4807 599.

600 4830 641 4889 ²)
671 4823 752 4878 Cf.
801 4821 1044 4875 Niceron
1091 4821 1258 4874 Mem.
1304 4821 1401 4874 des
1445 4821 1698 4876 homines
1726 4821 1807 4877 ill.

1862 2290 1940 2374 (p.
1970 2290 2159 2376 1004)
2179 2294 2450 2370 scripsit:
2484 2295 2912 2355 Determinatio
2931 2296 3001 2354 de
3028 2297 3140 2353 im-

1863 2384 2149 2442 maculata
2178 2387 2531 2459 conceptione
2561 2385 2608 2447 b.
2657 2383 2911 2461 Vtrqinis
2941 2403 3142 2443 corro-

1861 2473 2086 2541 borat-a,
2121 2473 2355 2549 Lipsiae
2397 2483 2594 2543 14893
2643 2473 2971 2549 disputatio
3003 2474 3140 2531 bre·

1860 2562 1948 2620 vis
1993 2563 2062 2620 de
2106 2563 2477 2620 immaculata
2519 2565 2875 2637 conceptione
2930 2563 3016 2637 V„
3061 2562 3140 2618 ib.

1870 2660 2052 2714 1489.
2146 2650 2493 2711 Tribunalis
2556 2652 2819 2728 supremi
2882 2651 3141 2712 saxonici

1861 2745 1987 2798 erat
2035 2759 2295 2800 assessor
2328 2737 2559 2822 (14⁸4)
2613 2742 2990 2818 multumque
3041 2760 3141 2800 ex-

2142 2883 2179 2890 .-

1942 2970 1976 3032 ¹)
2006 2964 2087 3018 Cf.
2117 2964 2391 3033 plurimas
2409 2964 2689 3018 editiones
2704 2964 2861 3035 apud
2878 2964 3146 3020 Potthast

1862 3053 1917 3104 p.
1944 3040 2068 3091 485.

1938 3114 1977 3177 ²)
2005 3108 2091 3160 Ab
2133 3107 2241 3159 hoc
2286 3106 2568 3176 distingui
2620 3107 2792 3161 debet
2841 3107 3141 3162 Bernar-

1863 3178 1899 3230 d
1918 3195 1997 3232 us
2037 3178 2107 3231 de
2133 3177 2178 3230 B
2201 3179 2304 3232 rei
2326 3183 2392 3231 te
2410 3196 2447 3231 n
2465 3177 2651 3233 bach
2695 3179 3142 3249 (Breydenbach)

1863 3249 2129 3304 ecclesiae
2172 3266 2262 3303 mo
2309 3249 2545 3302 untinae
2585 3249 2835 3304 decanus
2881 3256 2939 3304 et
2962 3267 3143 3304 came·

1862 3321 2047 3374 rarius
2073 3325 2120 3390 (†
2148 3326 2196 3376 ὃ.
2284 3322 2356 3390 aj.
2387 3326 2564 3384 1497),
2593 3321 2693 3390 qui
2735 3338 2867 3375 cum
2892 3322 3022 3377 aliis
3049 3340 3141 3392 pe·

1863 3391 2310 3462 regrinationem
2362 3410 2411 3448 a.
2456 3396 2595 3449 1483
2646 3393 2915 3462 suscepit,
2967 3410 3142 3461 quam

1865 3464 1997 3518 stilo
2025 3462 2271 3517 candido
2313 3468 2369 3516 et
2396 3464 2548 3518 fideli
2585 3462 2768 3517 descri
2812 3466 2889 3517 sit
2911 3463 3145 3534 (Martia

1865 3535 2055 3590 Roth
2102 3534 2163 3589 Ο.
2194 3535 2300 3598 Pr„
2329 3538 2396 3589 ut
2420 3534 2670 3607 videtur)
2698 3535 2759 3588 in
2813 3577 2825 3590 .
2855 3535 2952 3588 Dis
2983 3536 3142 3590 Buch

1864 3606 1940 3659 ist
1964 3605 2263 3660 inhaltend
2290 3610 2375 3660 die
2397 3609 2629 3675 heyliyen
2650 3627 2835 3676 reysen
2856 3611 2992 3676 alien
3014 3610 3145 3662 «Πιε-

1866 3681 2093 3732 meatem
2120 3696 2190 3731 zu
2218 3677 2345 3730 dem
2387 3677 2442 3731 h.
2470 3677 2620 3731 Grab
2661 3679 2780 3731 und
2822 3678 3048 3732 furbasz
3074 3697 3144 3733 zu

1864 3748 1964 3801 der
2014 3748 2429 3818 bochgelobten
2481 3747 2512 3801 J
2518 3749 2855 3818 ungfrowen
2906 3750 3026 3804 und
3070 3750 3145 3807 M.

1864 3822 1995 3873 sant
2014 3820 2324 3888 Katheryn,
2350 3838 2394 3873 s.
2411 3820 2448 3874 l.
2464 3822 2523 3873 et
2536 3836 2586 3872 a.
2604 3837 2734 3875 cum
2747 3820 3144 3876 delineationi-

1864 3892 1970 3945 bus
2011 3896 2104 3962 (m.
2145 3895 2300 3961 250);
2347 3891 2546 3961 Spirae
2587 3897 2757 3952 1490;
2806 3897 2944 3949 1502
2985 3891 3046 3947 in
3074 3894 3145 3952 f.;

1867 3962 2047 4017 latine
2074 3963 2404 4032 Moguntiae
2435 3967 2591 4020 1486.
2618 3962 2702 4018 Cf.
2731 3963 2996 4019 Potthast
3015 3981 3146 4047 pag.

1866 4039 2021 4093 153²;
2048 4037 2288 4090 Janssen
2317 4037 2355 4098 Ι,
2383 4039 2489 4091 315
2505 4035 2590 4088 ed.
2610 4039 2707 4096 16;
2738 4035 3015 4105 plurimas
3031 4035 3147 4090 edi-
3203 4088 3212 4098 ,

1864 4106 2049 4160 tiones
2075 4108 2134 4159 et
2160 4106 2443 4160 versiones
2487 4105 2645 4175 apud
2688 4105 2966 4161 Roehrich
3007 4106 3144 4162 bibl.

1905 4194 2055 4247 eogr.
2103 4177 2161 4230 P.
2207 4195 2339 4247 pag.
2385 4181 2489 4234 132
2518 4195 2585 4230 ss.
2637 4177 2745 4230 Hic
2793 4177 2856 4231 iu
2901 4194 3004 4232 suo
3049 4195 3143 4248 op.

1916 4249 2146 4302 eutsche
2175 4247 2548 4318 Pilgerreisen
2576 4249 2720 4302 nach
2747 4248 2876 4302 dem
2902 4251 2960 4305 h.
2986 4249 3146 4305 Land

1865 4320 2055 4374 Berlin
2098 4325 2239 4377 1880
2284 4340 2339 4391 p.
2391 4325 2673 4377 120-145
2719 4320 2984 4390 publicae
3029 4321 3148 4376 luci

1865 4391 2026 4446 dedit
2086 4391 2522 4446 instructionem
2574 4391 2993 4447 Breitenbachii
3042 4411 3145 4464 pro

1864 4463 2221 4517 instituendo
2247 4463 2449 4516 itinere
2474 4463 2537 4516 in
2564 4467 2771 4518 terram
2789 4466 3060 4519 sanctam.
3080 4498 3143 4505 —-

1866 4535 2011 4589 Huic
2040 4534 2245 4589 viatori
2268 4534 2531 4588 addimus
2553 4534 2795 4589 Paulum
2825 4535 2896 4587 W
2913 4534 3078 4590 alth
3095 4552 3148 4591 e·

1863 4624 1890 4659 r
1908 4625 1945 4661 ιι
1966 4626 2019 4660 ιιι
2072 4607 2522 4676 Guglingensem
2576 4609 2636 4662 Ο.
2678 4607 2732 4666 S.
2773 4606 2988 4673 Franc.,
3041 4609 3146 4675 qui

1865 4678 2062 4733 eodem
2089 4681 2343 4748 tempore
2364 4678 2488 4734 loca
2502 4694 2660 4732 sacra
2686 4677 2889 4732 invisit
2912 4681 3145 4750 (1481—

1865 4752 2025 4821 1484)
2052 4751 2111 4803 et
2135 4751 2300 4819 qu'us
2326 4753 2679 4804 Itinera9·ium
2699 4749 2761 4804 in
2783 4753 2993 4804 terram
3018 4768 3062 4806 8.
3089 4754 3150 4805 et

1864 4821 1935 4874 ad
1964 4840 2006 4874 s.
2035 4820 2399 4874 Catharinam
2429 4821 2659 4876 demum
2687 4820 2871 4876 edidit
2897 4821 2970 4874 M.
2999 4820 3141 4876 Soll-

1866 4893 2037 4954 weck,
2067 4893 2367 4962 Tfibingen
2400 4897 2554 4949 1892.
