3475 5364
392 380 551 435 1277
1262 362 1416 416 Guil.
1444 362 1611 427 Petit,
1638 362 1766 417 Jod.
1793 362 2007 415 Badius
2033 364 2136 416 etc.
2835 377 2998 432 1278

385 550 843 626 conquisitorem
865 551 1044 624 atque
1065 548 1548 623 investigatorem
1568 565 1659 606 sa·
1718 547 1969 616 toribus,
2024 547 2266 606 Parisiis
2324 557 2488 611 1520
2541 548 2607 607 in
2635 548 2707 619 f.;
2760 548 3003 624 scripsit

384 639 760 716 gacissimum
772 636 1661 711 acbibliothecarumpenecom-
1718 636 1896 694 etiam
1944 635 2132 694 Vitam
2167 634 2426 696 Thomae
2471 658 2507 694 a
2539 637 2780 713 Kempis
2824 637 3003 713 hujus

384 729 737 803 pilatorem‘
773 726 1052 801 appellat,
1087 726 1189 784 sed
1214 725 1497 795 ,nescias,
1521 726 1662 784 sub·
1719 725 2001 801 operibus
2023 726 2580 801 praefixam—His
2612 726 2759 785 adde
2790 726 3001 785 Eras-

384 818 491 886 dit,
526 821 731 875 utrum
776 815 1037 873 omnium
1081 816 1385 874 volumina
1428 814 1663 874 avidius
1718 834 1927 883 mum,
1980 814 2238 873 Fabrum
2290 815 2702 892 stapulensem
2752 817 2880 885 etc.,
2932 808 3016 875 de'

384 909 668 982 corroget‚
704 924 777 962 an
796 904 1117 981 benignius
1137 904 1339 963 amicis
1360 904 1664 980 impertiat
1720 896 1942 978 quibus
1974 903 2129 962 infra
2159 923 2422 980 agemus.

385 1001 445 1054 et
477 994 866 1054 commodet<
900 993 945 1050 E
979 993 1245 1052 tenebris
1280 994 1442 1052 eruit
1459 996 1521 1052 et
1538 994 1660 1069 pri-

383 1104 518 1143 mus
552 1083 738 1141 edidit
770 1082 1015 1158 Sulpitii
1061 1083 1333 1141 Severi
1384 1082 1661 1142 aliorum·
1815 1090 1959 1142 599.
1991 1080 2262 1157 Denique
2307 1084 2550 1158 propter
2588 1082 2871 1141 intimum
2901 1100 3004 1141 ne—

384 1192 501 1249 que
546 1171 831 1248 opuscula
875 1173 944 1229 de
987 1191 1032 1233 s.
1080 1172 1357 1247 Martiae,
1423 1171 1663 1230 Parisiis
1719 1189 1863 1228 xum
1895 1170 2056 1229 inter
2085 1170 2521 1247 philosophiam
2553 1174 2614 1230 et
2643 1172 3006 1249 theologiam

393 1273 549 1325 1511
581 1282 594 1331 ;
648 1262 917 1338 Greyorii
961 1265 1288 1319 turonensis
1335 1278 1532 1337 opera,
1586 1261 1663 1319 ib.
1721 1259 2129 1318 scholasticam
2190 1260 2478 1335 quosdam
2539 1260 3002 1330 nominabimus,

393 1360 556 1413 1512
594 1351 657 1408 in
681 1360 751 1419 4;
794 1358 992 1419 15223
1026 1350 1290 1427 Oriyenis
1316 1351 1667 1408 Adamantii
1725 1348 1827 1422 qui
1850 1349 2252 1421 philosophiae
2270 1351 2623 1426 praesertim
2638 1368 2883 1425 operam
2903 1350 3002 1409 de-

385 1458 563 1513 opera
598 1439 760 1520 (cum
791 1438 916 1499 Jac.
950 1439 1182 1514 Merlin)
1227 1439 1306 1497 ib.
1348 1448 1510 1502 1512
1547 1452 1589 1496 t.
1626 1448 1662 1500 4
1722 1437 1958 1496 derunt.
1993 1439 2236 1496 Praeter
2265 1442 2357 1497 tot
2389 1457 2539 1513 quos
2561 1439 2684 1515 jam
2717 1439 3005 1498 hactenus

386 1531 450 1589 in
484 1531 516 1585 f.
550 1528 897 1586 Durandi
943 1529 1014 1586 de
1061 1546 1105 1586 a.
1153 1528 1431 1587 Portiano
1476 1528 1539 1587 Ο.
1572 1530 1664 1587 Pr.
1724 1526 2119 1596 laudavimus,
2155 1527 2271 1586 huc
2301 1528 2506 1586 referri
2523 1531 2783 1604 possunt
2798 1523 2844 1610 ¹)
2862 1528 3003 1587 Gre-

386 1618 798 1677 commentaria
848 1618 910 1675 in
947 1629 981 1678 4
1015 1617 1077 1677 ll.
1112 1617 1542 1677 sententiarum
1574 1636 1665 1676 re·
1723 1616 1931 1691 gorius
1964 1616 2246 1675 Reisch
2292 1615 2356 1674 O.
2392 1617 2582 1676 Carth.
2629 1617 2911 1694 Balingae
2941 1618 3005 1676 in

386 1707 620 1766 censuit
649 1707 995 1781 primusque
1013 1706 1217 1776 edidit,
1251 1706 1327 1763 ib.
1357 1717 1519 1770 1508
1543 1707 1607 1764 in
1625 1706 1664 1768 f.

389 1798 623 1855 Partem
654 1795 877 1853 dicitur
908 1795 1188 1854 habuisse
1234 1796 1298 1853 in
1345 1796 1435 1854 ed.
1466 1797 1665 1855 Histo-

386 1889 514 1943 riae
545 1885 826 1943 miscellae
856 1884 903 1941 P
917 1904 951 1943 a
965 1885 1082 1943 uli
1113 1884 1346 1943 diaconi
1377 1885 1453 1943 ib.
1481 1895 1590 1948 151
1608 1895 1665 1956 4;

388 1975 782 2049 Antapodosis
812 1973 857 2030 L
877 1973 1309 2049 uitprandi‚
1345 1974 1423 2032 ib.
1463 1984 1664 2043 1514;

387 2065 424 2122 S
445 2064 462 2120 i
481 2083 520 2139 g
535 2082 566 2121 e
582 2063 620 2119 b
638 2082 669 2120 e
683 2082 713 2119 r
727 2067 755 2119 t
772 2063 790 2119 i
835 2062 1262 2138 gemblacensis
1307 2065 1564 2122 chronici
1593 2065 1667 2122 ab

382 2173 435 2210 a.
474 2161 686 2215 381-
700 2162 725 2213 1
746 2162 771 2211 l
793 2162 812 2212 1
833 2160 867 2211 3
889 2171 1026 2210 cum
1046 2152 1469 2211 insertionibus
1504 2154 1553 2211 G
1567 2173 1600 2211 a
1615 2154 1664 2211 l·

387 2243 483 2299 fri
503 2241 538 2299 d
560 2241 582 2298 i
660 2238 1168 2321 (monumetensiS,
1249 2260 1395 2314 quas
1470 2246 1666 2301 tamen

387 2330 432 2387 L
448 2352 480 2387 a
493 2331 534 2388 b
549 2330 587 2388 b
604 2349 635 2388 e
667 2329 1025 2404 quisquilias
1044 2324 1237 2409 vocat)
1269 2333 1330 2388 et
1349 2330 1665 2390 additioni·

388 2420 500 2478 bus
531 2420 580 2477 R
595 2438 628 2477 o
643 2418 683 2476 b
698 2438 729 2476 e
750 2436 780 2475 r
797 2419 857 2475 ti
890 2418 978 2476 ab.
1002 2419 1222 2477 Montis
1245 2416 1315 2499 (a.
1338 2415 1665 2501 Michaelis)

396 2518 515 2570 103
552 2528 600 2565 a.
636 2510 953 2582 sequentes
1004 2508 1552 2583 complectentibuS,
1587 2510 1667 2567 ib.

396 2608 561 2660 1513
592 2597 655 2655 in
688 2596 724 2653 f.
761 2596 1105 2672 Composuit
1136 2601 1197 2654 et
1218 2598 1347 2672 ipse
1380 2599 1666 2673 quaedam

389 2687 681 2762 opuscula
695 2682 760 2766 ¹),
798 2687 957 2745 inter
986 2705 1138 2762 quae
1159 2688 1381 2746 Jardin
1411 2691 1479 2746 de
1506 2691 1565 2747 la
1587 2689 1666 2747 soi

387 2778 783 2852 complectens
815 2776 1119 2851 apostolici
1150 2783 1211 2835 et
1241 2778 1476 2836 nicaeni
1508 2796 1665 2838 conc.

389 2867 669 2925 articulos
732 2866 1042 2924 continens
1086 2863 1404 2941 variasque
1450 2868 1515 2926 in
1565 2868 1667 2926 illo

388 2956 656 3014 haereses
689 2972 987 3013 sacrorum
1020 2955 1313 3014 Ecclesiae
1363 2956 1668 3016 doctorum

388 3043 847 3103 auctoritatibus
880 3044 1169 3119 rejiciens,
1204 3045 1281 3103 ib.
1324 3057 1485 3108 1537
1524 3047 1587 3104 in
1612 3055 1665 3106 8.

388 3166 476 3176 —
551 3133 892 3190 Jodocus
971 3132 1259 3191 Badius
1321 3136 1669 3210 cognomine

393 3225 441 3276 A
461 3238 489 3277 s
507 3238 538 3277 c
554 3238 584 3277 e
600 3238 642 3277 n
658 3239 685 3277 s
702 3221 721 3277 i
738 3239 780 3277 u
795 3238 823 3277 s
842 3217 1203 3302 (Ascanius),
1222 3223 1363 3297 quia
1374 3225 1436 3281 in
1453 3226 1668 3299 oppido

391 3309 582 3366 Assen
632 3306 831 3386 (Asca)
880 3327 1064 3385 prope
1107 3311 1442 3369 Bruxellam
1488 3315 1667 3370 natus

393 3394 449 3477 (1
467 3393 620 3476 462)
636 3397 864 3455 celeber
882 3399 1292 3474 typographus
1309 3401 1666 3474 parisiensis,

390 3487 629 3562 linguas
661 3485 905 3543 latinam
940 3490 1001 3544 et
1019 3505 1304 3563 graecam,
1338 3507 1489 3564 quas
1510 3489 1666 3566 Lug-

390 3575 537 3633 duni
567 3575 862 3643 docuerat,
897 3576 1133 3652 egregie
1154 3576 1375 3636 callens
1406 3577 1671 3653 plurium

394 3668 702 3723 auctorum
714 3658 767 3746 ²)
783 3664 971 3723 edidit
986 3683 1166 3741 opera
1185 3667 1670 3726 annotationibus

389 3753 697 3812 illustrata
730 3752 790 3834 (†
816 3750 1025 3832 1535).
1076 3756 1263 3830 Opera
1295 3775 1341 3813 s.
1374 3757 1671 3815 Brunonis

392 3842 453 3901 O.
507 3843 697 3902 Carth.
763 3844 1132 3917 patriarchae
1192 3844 1421 3921 primus
1484 3846 1671 3904 edidit

389 3931 632 3990 Parisiis
691 3941 855 3994 1524
907 3932 969 3991 in
1024 3942 1078 3994 8.
1126 3951 1261 3990 cum
1306 3934 1574 4009 ejusdem
1625 3953 1669 3992 s.

390 4021 514 4077 vita
545 4040 614 4078 ex
646 4022 988 4081 recensione
1020 4021 1175 4080 Guil.
1210 4023 1292 4080 Bi
1314 4024 1352 4081 b
1372 4025 1543 4082 auci
1563 4024 1582 4080 i
1605 4024 1668 4082 Ο.

392 4109 616 4179 Carth.;
650 4129 826 4185 opera
858 4129 903 4172 s.
937 4111 1162 4168 Hilarii
1184 4114 1558 4186 pictaviensis
1580 4112 1668 4171 ed.

391 4197 534 4256 Rob.
582 4199 625 4256 F
641 4218 674 4256 o
689 4203 816 4257 rtu
831 4219 872 4257 n
888 4219 922 4258 a
937 4204 965 4257 t
981 4217 1013 4257 o
1061 4201 1455 4270 macloviensi,
1511 4202 1669 4260 Pari·

1805 1862 1840 1925 ¹)
1866 1854 2384 1910 Praetermittimus
2414 1855 2766 1910 Bernardum
2794 1856 2922 1911 Zan
2937 1852 3003 1911 ni

1724 1927 2034 1998 patricium
2087 1928 2354 1980 venetum
2407 1932 2464 1981 et
2513 1928 3004 1998 archiepiscopum

1724 2000 2104 2068 spalatensem
2147 2002 2216 2070 (5.
2243 1999 2371 2052 Jan.
2401 2004 2577 2070 1524),
2619 2000 2782 2068 eujus
2822 2020 3005 2069 quaes-

1724 2078 1888 2124 tiones
1928 2074 2310 2138 metaphysicae
2337 2074 2411 2141 (3)
2453 2070 2790 2139 prodierunt
2836 2071 3005 2124 Vene-

1725 2142 1822 2195 tiis
1841 2146 1996 2198 1505.
2011 2175 2078 2182 -
2097 2140 2409 2195 Gerardum
2439 2141 2479 2196 C
2496 2157 2528 2195 o
2545 2142 2564 2194 l
2583 2160 2618 2194 u
2637 2160 2690 2194 m
2708 2142 2852 2196 elle
2879 2142 3004 2197 doc-

1727 2218 1904 2267 torem
1935 2212 2300 2281 parisiensem
2330 2218 2519 2280 (15272
2548 2224 2574 2271 †
2596 2217 2771 2277 1528),
2801 2214 2900 2281 qui
2923 2230 3002 2268 re-

1725 2283 1995 2353 cognovit
2020 2288 2079 2338 et
2097 2300 2130 2336 a
2153 2284 2308 2338 vitiis
2324 2284 2596 2355 purgavit
2651 2284 3005 2354 hilosophiae

1725 2354 2009 2408 naturalis
2053 2358 2324 2409 Summam
2376 2356 2541 2408 Pauli
2641 2356 2791 2410 eneti
2833 2357 2920 2420 (cf.
2992 2399 3004 2410 .

1723 2430 1868 2497 808),
1896 2432 2034 2483 1522
2059 2427 2121 2479 in
2150 2427 2206 2491 f.,
2232 2430 2291 2480 et
2315 2428 2568 2496 ejusdem
2596 2427 2893 2494 aequalem
2910 2374 3005 2482 PH-

1725 2498 1949 2551 colaum
1981 2497 2035 2549 M
2053 2515 2086 2550 a
2103 2517 2141 2550 n
2158 2516 2193 2552 u
2214 2499 2279 2551 el
2322 2498 2607 2552 doctorem
2635 2498 3004 2567 parisiensem

1726 2569 1800 2634 (fl.
1828 2572 1989 2641 1523)
2051 2601 2096 2608 „-
2139 2570 2602 2639 Alphonsum
2647 2571 2716 2622 de
2762 2569 3005 2624 Prado

1725 2640 2066 2696 Toletauum
2112 2642 2173 2694 in
2218 2640 2600 2712 complutensi
2628 2641 2917 2695 academia
2942 2641 3009 2695 li·

1727 2712 2004 2766 beralium
2050 2711 2256 2767 artium
2306 2715 2676 2783 professorem
2713 2714 2787 2776 (fl.
2828 2719 3007 2780 1530),

1725 2784 1796 2838 de
1824 2802 1937 2852 quo
1967 2785 2040 2840 cf.
2070 2784 2194 2839 Nic.
2222 2785 2541 2839 Antonium
2572 2783 2716 2838 Bibl.
2740 2785 2885 2855 hisp.
2913 2801 3008 2839 no-

1729 2873 1829 2908 vae
1859 2859 1898 2912 l.
1932 2860 1996 2912 41
2024 2889 2087 2896 -—
2114 2855 2482 2926 Casparem
2511 2856 2621 2909 Lax
2653 2872 2718 2909 ex
2735 2855 3007 2911 Sarifiena

1725 2928 2342 3069 331iz}?0'31g0⁰.1.32‘253
2344 2945 2481 3061 3133.
2485 2927 2859 3068 §.233013253
2862 2946 2926 3052 (ἐξ
2933 2946 3008 3053 ἐξῖ

1725 3070 1880 3137 poris
1909 3070 2074 3123 facile
2101 3070 2421 3140 principem
2441 3071 2721 3134 habitum,
2739 3071 2839 3137 qui
2861 3086 3006 3140 spre-

1728 3141 1801 3193 tis
1829 3141 2216 3196 oblationibus
2243 3142 2350 3195 sibi
2377 3142 2559 3204 factiS,
2582 3141 2802 3210 patriae
2818 3159 3008 3197 amore

1724 3229 1985 3266 reversus
2024 3217 2111 3266 est
2153 3215 2223 3266 ad
2266 3231 2397 3266 euos
2442 3220 2499 3266 et
2526 3214 3008 3282 Caesaraugustae

1726 3283 1977 3337 scholam
2030 3287 2087 3337 et
2135 3284 2488 3337 domicilium
2545 3285 2620 3348 (fi.
2658 3288 2816 3350 1521)
2869 3285 3006 3338 fixit.

1728 3354 2025 3415 Cf.ib.1,
2076 3359 2197 3411 527.
2243 3389 2308 3396 —
2357 3355 2886 3408 Ferdinandus
2939 3356 3007 3409 de

1730 3425 1771 3476 E
1792 3443 1826 3476 n
1843 3443 1870 3476 c
1887 3426 1906 3476 i
1925 3443 1961 3476 n
1978 3442 2010 3477 a
2027 3443 2051 3477 s
2096 3429 2394 3494 Aragonus
2422 3425 2651 3479 Parisiis
2675 3425 2735 3477 in
2762 3427 3008 3478 bellova-

1727 3497 1879 3549 censi
1906 3495 2145 3563 collegio
2188 3501 2368 3550 artem
2395 3496 2755 3550 dialecticam
2786 3499 3007 3565 profite-

1730 3569 1900 3620 batur
1939 3567 2012 3634 (fl.
2057 3572 2231 3639 1528).
2283 3567 2365 3621 Cf.
2403 3569 2475 3622 ib.
2518 3569 2559 3629 Ι,
2600 3572 2721 3623 375.
2751 3599 2816 3606 -
2842 3569 3007 3622 Joan·

1727 3655 1827 3691 nes
1869 3638 2046 3692 Dolz
2089 3642 2387 3708 Aragonus
2427 3639 2501 3710 (fl.
2531 3644 2690 3706 1521)
2729 3640 3009 3709 professor

1728 3712 1852 3762 erat
1895 3709 2220 3779 parisiensis
2266 3710 2354 3781 (de
2397 3727 2511 3778 quo
2553 3711 2622 3763 cf.
2663 3710 2739 3765 ib.
2790 3712 2824 3780 Ι,
2865 3714 3007 3780 683).

1730 3780 1914 3834 Multo
1957 3782 2136 3849 magis
2178 3782 2716 3849 praetermittendus
2752 3785 2837 3834 est
2866 3783 3007 3834 lien·

1727 3852 1880 3905 ricus
1898 3852 2194 3906 Cornelius
2211 3856 2256 3905 A
2275 3872 2312 3923 g
2328 3854 2387 3905 ri
2408 3872 2443 3923 p
2460 3871 2497 3922 p
2511 3871 2543 3905 a
2570 3854 2639 3906 de
2657 3853 2706 3904 N
2711 3853 3007 3907 ettesheim

1728 3927 2139 3989 (1487-1535),
2168 3925 2332 3989 eujus
2349 3942 2521 3994 opera
2537 3925 2825 3992 quondam
2849 3924 3006 3978 fuere

1727 3995 1788 4049 in
1819 3994 2004 4064 prima
2029 3996 2204 4049 classe
2232 3996 2292 4049 ll.
2321 3996 2758 4067 prohibitorum,
2787 4012 2919 4048 nam
2945 3997 3007 4049 in

1730 4066 1926 4120 multis
1954 4066 2194 4119 descivit
2220 4084 2252 4119 a
2278 4083 2414 4122 sana
2440 4066 2716 4121 doctrina.
2759 4066 2897 4120 Prae
2925 4084 3006 4120 ce-

1729 4138 1863 4192 teris
1891 4138 2104 4191 famosa
2131 4143 2267 4191 sunt
2293 4139 2414 4208 ejus
2455 4155 2626 4208 opera
2653 4142 2714 4192 de
2741 4143 3006 4192 incertitu-

1726 4213 1848 4262 dine
1873 4219 1919 4263 et
1939 4215 2166 4263 vanitate
2183 4215 2545 4274 sciewiarum,
2572 4228 2700 4263 cum
2721 4209 3006 4279 apologia:

391 4285 495 4344 giis
536 4297 720 4356 1510,
771 4289 861 4346 ed,
911 4290 1101 4364 pretio
1147 4289 1352 4349 critico
1384 4310 1586 4350 carens
1599 4290 1667 4373 8),
1725 4284 1788 4334 dr»
1814 4284 2012 4335 occidua
2035 4285 2376 4349 philosophia
2405 4284 2510 4336 ete.
2564 4281 2741 4335 Totus
2768 4284 2891 4335 erat
2915 4283 3004 4336 de·

393 4375 641 4452 Collegit
673 4378 979 4454 alleqorias
1010 4385 1060 4435 et
1085 4382 1396 4437 sententias
1426 4382 1670 4439 morales

392 4464 452 4522 in
485 4467 671 4524 totam
705 4484 749 4524 s.
784 4466 1150 4543 Scripturam
1198 4486 1267 4525 ex
1312 4470 1498 4527 variis
1530 4487 1665 4529 auc-

471 4711 505 4774 1)
536 4705 618 4760 Cf.
650 4707 868 4760 Ecbard
901 4708 961 4771 [1,
996 4714 1113 4764 100.

467 4785 506 4842 Ε)
537 4779 619 4831 Cf.
646 4781 907 4849 Foppens
934 4780 1071 4834 bibl.
1103 4781 1241 4851 belg.
1274 4780 1335 4835 ll.
1366 4786 1485 4838 761.

465 4856 505 4919 ⁷⁸)
536 4850 745 4903 Eadem
788 4867 961 4920 opera
995 4852 1250 4905 ediderat
1276 4852 1531 4906 omnium
1561 4852 1670 4922 pri·

392 4939 517 4975 mus
545 4922 918 4992 Georgius
948 4922 1338 4977 Cribellus
1364 4941 1440 4994 (xp.
1471 4930 1647 4995 1129).

1727 4352 1882 4405 ditus
1933 4352 2138 4405 studiis
2189 4353 2572 4407 eabbalisticis
2623 4355 2681 4406 et
2741 4352 3005 4422 magicis:

1728 4423 1956 4476 nomine
2002 4423 2333 4487 catholicus,
2381 4425 2476 4478 sed
2522 4425 2584 4476 in
2610 4424 2843 4477 Lutheri
2890 4424 3007 4493 opi·

1727 4495 1924 4547 niones
1953 4511 2285 4564 propensus.
2337 4496 2420 4548 Ita
2461 4495 2884 4548 describebatur
2923 4497 3004 4549 in-

1727 4565 1946 4620 stabilis
1973 4567 2093 4635 ejus
2118 4567 2340 4620 indoles
2363 4567 2538 4638 (apud
2563 4566 2724 4620 Feret
2743 4567 2778 4628 1,
2797 4571 2900 4623 143
2917 4571 3005 4630 a.):

1732 4638 2106 4701 ..Contemnit,
2136 4638 2256 4693 scit.
2277 4641 2470 4696 nescit.
2487 4639 2672 4696 deflet,
2691 4639 2852 4700 ridet,
2871 4639 3004 4690 iras-

1727 4708 1892 4770 citur,
1918 4707 2247 4773 insectatur,
2276 4711 2461 4780 carpit
2499 4709 2705 4773 omnia,
2733 4711 2853 4778 ipse
2882 4709 3005 4778 phi-

1728 4779 2010 4849 losophus,
2039 4782 2296 4846 daemon,
2325 4783 2503 4842 heros,
2522 4781 2672 4834 Deus
2688 4784 2747 4833 et
2760 4781 3000 4832 omnia:-

1728 4852 1812 4907 Cf.
1843 4852 2035 4921 Dupin
2063 4852 2208 4917 XlV,
2240 4857 2342 4910 134
2365 4889 2392 4895 —
2417 4857 2548 4909 145:
2604 4851 2793 4905 §tockl
2823 4851 2935 4905 ΚΒ.
2965 4852 3004 4914 Ι,
