3475 5364
1313 328 1516 393 Smith,
1545 328 1897 399 Reginaldus
1926 320 2077 384 Pole.
2825 346 2994 401 1466

385 336 548 400 1465

378 519 440 576 et
471 536 507 574 a
526 515 801 590 Philippo
820 515 893 572 ΙΙ.
916 514 1110 574 sactus
1142 519 1231 573 est
1253 516 1327 573 ad
1347 534 1392 573 s.
1415 515 1656 573 Petrum
1712 515 1782 572 de
1830 515 2004 572 libero
2047 515 2295 572 hominis
2324 515 2571 574 arbitrio
2620 516 2901 574 adversus
2934 517 2988 577 J.

378 605 560 663 Duaci
593 605 969 679 praepositus
1002 609 1062 663 et
1080 605 1409 680 theologiae
1428 604 1653 678 profes·
1713 604 2038 672 Calvinum,
2078 603 2324 662 Lovanii
2353 613 2538 674 1553,
2572 608 2634 662 et
2665 606 2781 663 alia
2811 625 2990 681 quae-

378 708 476 753 sor
505 695 569 752 in
600 694 892 753 academia
925 694 999 753 ab
1031 713 1099 753 eo
1112 695 1233 752 Iem
1268 693 1450 752 Duaoi
1482 693 1655 750 insti·
1712 692 1847 751 dam
1877 693 2101 768 pariter
2131 693 2430 768 polemica.

376 788 510 843 tuta
541 783 777 858 fuitque
809 782 1071 857 ejusdem
1105 787 1298 841 rector
1337 786 1397 840 et
1430 783 1652 839 cancel-

376 873 563 932 larius
597 870 658 954 (†
693 872 884 934 9.Ju1.
926 868 1136 951 1563).
1186 872 1430 931 Omnem
1479 888 1657 929 suum
1806 879 1948 932 672.
1996 872 2144 928 Prae
2188 871 2396 946 primis
2428 889 2564 931 vero
2594 872 2992 931 nominandus

377 963 643 1021 laborem
688 963 749 1019 et
792 960 1149 1019 industriam
1193 980 1261 1019 eo
1306 956 1538 1027 direxit,
1587 963 1655 1018 ut
1712 959 1972 1018 occurrit
2016 960 2495 1035 Reginaldus
2527 961 2757 1020 Polus
2807 958 2992 1041 (Pole,

376 1051 650 1111 haereses
684 1050 1038 1120 confutaret,
1081 1050 1261 1108 fidem
1307 1049 1655 1108 catholicam
1713 1045 1882 1128 Pool)
1914 1049 2319 1108 nobilissimae
2341 1050 2658 1125 prosapiae
2689 1051 2850 1109 filius
2881 1069 2988 1109 na-

376 1144 814 1216 prepugnaret:
861 1139 1022 1197 unde
1053 1140 1271 1215 partim
1303 1140 1488 1197 latine
1520 1158 1654 1214 par·
1712 1140 1813 1195 tus
1846 1158 1895 1196 a.
1925 1148 2108 1201 1500.
2158 1138 2453 1197 Puerulus
2486 1139 2548 1197 in
2580 1140 2854 1199 coenobio
2885 1159 2994 1215 pa-

374 1231 485 1287 tim
518 1229 743 1306 anglice
790 1229 1031 1303 scripsit
1074 1232 1278 1287 contra
1309 1229 1656 1304 praecipuos
1713 1232 1874 1284 trum
1908 1228 2421 1286 carthusianorum
2444 1228 2696 1286 Londini
2728 1229 2990 1305 primum

377 1319 472 1377 sni
520 1318 805 1395 temporis
857 1318 1197 1377 haereticos.
1288 1318 1431 1393 Ejus
1482 1335 1657 1392 opera
1710 1315 1900 1374 literis
1920 1316 2171 1375 ethonis
2191 1317 2457 1376 moribus
2479 1317 2816 1390 institutus,
2840 1334 2990 1393 puer

376 1412 520 1467 sunt
555 1406 871 1466 admodum
892 1427 1038 1466 rara.
1086 1407 1245 1465 Haec
1276 1410 1475 1466 autem
1510 1410 1653 1464 sunt
1712 1404 2043 1469 duodennis
2063 1406 2273 1465 Oxonii
2307 1406 2522 1464 studiis
2542 1424 2782 1481 operam
2806 1406 2987 1465 dedit.

375 1498 635 1573 potiora:
685 1497 771 1554 De
800 1499 1010 1554 missae
1040 1497 1324 1568 sacrificio
1356 1496 1656 1554 succincta
1710 1494 2143 1553 Humaniorum
2188 1495 2495 1553 literarum
2542 1510 2737 1555 amore
2781 1497 2984 1554 incen-

377 1586 667 1661 quaedam
715 1586 1009 1643 enarratio
1055 1603 1121 1643 ac
1165 1585 1362 1643 brevis
1394 1585 1655 1660 repulsio
1712 1601 1815 1641 sus
1848 1584 2228 1659 amplissimis
2274 1585 2585 1660 stipendiis
2616 1604 2651 1642 a
2681 1602 2817 1663 rege
2851 1604 2988 1643 auc·

376 1674 825 1751 praecipuorum
846 1677 1350 1750 argumentorum,
1387 1692 1535 1748 quae
1552 1674 1652 1730 Ph.
1710 1675 1812 1730 tus
1831 1673 2102 1740 Parisios,
2131 1673 2345 1731 deinde
2363 1674 2674 1732 Patavium
2699 1670 2992 1756 (1519—

377 1764 764 1833 Melambion,
787 1763 878 1823 Jo.
898 1764 1178 1822 Calvinus
1210 1766 1272 1821 et
1289 1764 1390 1821 alii
1424 1762 1656 1821 sectarii
1714 1757 1824 1841 26)
1857 1762 2157 1837 migravit,
2190 1762 2298 1820 ubi
2328 1763 2383 1820 ei
2414 1781 2628 1839 magua
2660 1782 2794 1822 cum
2815 1765 2996 1823 Petro

376 1854 721 1928 objecerunt
753 1852 1034 1912 adversus
1079 1852 1229 1911 illud
1274 1856 1334 1910 et
1366 1853 1653 1928 Purgato·
1712 1851 1950 1919 Bembo,
2009 1851 2302 1922 SadoletO,
2348 1853 2602 1927 Caspare
2642 1852 2985 1921 ContarenO,

375 1942 551 2011 rium,
574 1943 822 2001 Lovanii
866 1951 1067 2011 15623
1102 1943 1372 2017 Defensio
1392 1960 1653 2015 compen—
1712 1940 2006 1999 Matthaeo
2027 1940 2272 2010 Giberti,
2307 1942 2528 2012 Priulo,
2563 1942 2665 2015 qui
2700 1942 2755 1999 ei
2788 1941 2860 1999 ad
2891 1960 2990 2000 ex·

375 2032 571 2089 diaria
602 2039 653 2089 et
683 2032 997 2089 orthodoxa
1029 2033 1204 2107 sacri}
1239 2031 1459 2089 externi
1489 2037 1539 2087 et
1569 2032 1654 2087 vi-

374 2121 561 2179 sibilis
592 2122 648 2178 J.
688 2121 823 2181 Chr.
856 2121 1182 2194 sacerdotii,
1215 2120 1311 2177 cui
1344 2119 1547 2177 addita
1565 2124 1656 2178 est

1711 2032 1967 2086 tremum
1999 2047 2191 2105 usque
2212 2030 2487 2105 spiritum
2520 2030 2858 2089 fidelissime
2888 2031 2989 2089 ad-

1711 2118 1919 2186 haesit,
1967 2119 2217 2193 aliisque
2248 2119 2391 2177 viris
2435 2119 2779 2177 illustribus
2821 2120 2989 2177 fami-

376 2212 741 2268 sacratorum
791 2209 1108 2268 catholicae
1157 2209 1453 2267 Ecclesiae
1506 2209 1654 2267 alta-
1709 2206 1950 2264 liaritas.
1985 2207 2239 2266 Visitata
2256 2208 2519 2266 Romaiu
2538 2209 2792 2284 patriam
2812 2208 3000 2266 rediit

376 2299 531 2355 rium
563 2298 966 2374 propugnatio
999 2302 1126 2367 etc.,
1160 2297 1241 2355 ib.
1273 2306 1473 2367 1562;
1508 2299 1652 2355 Con-

371 2389 586 2460 natatio
637 2405 858 2456 eorum,
923 2406 1077 2462 quae
1125 2387 1225 2444 Ph.
1278 2386 1655 2445 Melanchton

376 2476 592 2552 objecit
625 2480 830 2534 contra
859 2475 1069 2534 missae
1090 2474 1433 2534 sacrificium
1456 2476 1653 2551 propi-

375 2565 702 2624 tiatorium.
760 2565 866 2624 Cui
897 2565 1142 2623 accessit
1172 2568 1232 2622 et
1264 2565 1524 2640 repulsio
1558 2581 1653 2622 ca-

375 2655 740 2714 lumniarum
772 2654 862 2713 J0.
898 2653 1140 2726 Calvini,
1188 2654 1439 2713 Musculi
1471 2658 1531 2712 et
1561 2653 1652 2713 Jo.

375 2745 545 2803 Ivelli
596 2749 804 2803 contra
852 2745 1096 2803 missam
1141 2748 1267 2813 etc„
1318 2743 1397 2802 ib.
1454 2752 1652 2813 15623

1711 2290 1960 2377 (1527),
1994 2296 2098 2354 ubi
2131 2296 2424 2355 Henricus
2443 2297 2597 2356 VIII.
2631 2298 2826 2356 omnia
2858 2301 2989 2355 ten-

1710 2386 1880 2454 tavit,
1913 2388 1986 2443 ut
2016 2404 2149 2445 eum
2170 2385 2443 2445 redderet
2472 2388 2710 2446 mollem
2743 2387 2816 2445 ad
2848 2404 2992 2445 con·

1710 2474 2086 2533 sentiendum
2118 2476 2182 2533 in
2215 2493 2392 2533 suum
2424 2492 2556 2533 cum
2578 2480 2749 2534 Anna
2768 2475 2993 2534 Bolena

1711 2564 2075 2621 connubium
2124 2564 2322 2623 oblato
2371 2565 2550 2623 etiam
2601 2565 2988 2640 archiepisco-

1711 2655 1859 2728 patu
1878 2652 2233 2724 eboracensi,
2257 2653 2359 2713 sed
2379 2654 2619 2713 frustra.
2655 2654 2872 2713 Omnes
2893 2654 2985 2712 in-

1711 2743 1890 2800 sidias
1921 2743 2013 2801 vir
2043 2744 2304 2819 optimus
2324 2743 2650 2820 prudenter
2669 2743 3000 2802 declinavit<

376 2834 465 2891 De
506 2836 823 2907 infantium
865 2835 1149 2907 baptismo
1195 2837 1402 2892 contra
1433 2832 1488 2893 J.
1522 2834 1650 2891 Cal-
1708 2832 2106 2908 Angliamque
2153 2833 2415 2891 deseruit
2443 2833 2779 2908 iterumque
2810 2834 2987 2891 Pata·

372 2923 593 2994 vinum,
616 2924 772 2983 aede
801 2924 1079 2999 operibus
1110 2923 1652 2999 supererogationis
1708 2921 1872 2978 vium
1906 2923 2151 3002 secessit
2172 2919 2226 3004 (l
2249 2919 2418 3002 532),
2455 2921 2557 2981 ubi
2591 2923 2782 2980 literis
2814 2923 2984 2992 vixit,

373 3015 432 3069 et
462 3013 674 3070 merito
706 3012 915 3070 mortis
935 3012 1165 3080 Christi,
1199 3012 1277 3069 ib.
1310 3020 1508 3081 15623
1542 3014 1651 3070 As·
1708 3012 1769 3068 et
1799 3030 1846 3068 a.
1889 3020 2050 3074 1535
2089 3011 2351 3070 Venetiis
2382 3012 2595 3070 Isaiam
2637 3012 2987 3086 prophetam

373 3101 549 3160 sertio
596 3101 709 3159 and
744 3102 969 3174 defence
1014 3103 1083 3173 of
1117 3102 1206 3158 the
1236 3108 1560 3158 sacrament
1592 3103 1661 3174 of
1707 3103 1801 3157 est
1829 3100 2278 3175 interpretatus.
2327 3101 2571 3158 Interim
2604 3101 2893 3159 Henrieus
2925 3117 2988 3158 se

373 3190 462 3247 the
493 3191 668 3263 altar,
690 3190 941 3247 Londini
972 3197 1154 3257 1546,
1194 3190 1413 3264 partim
1447 3190 1648 3258 latine,
1706 3208 1741 3246 a
1772 3189 2082 3248 catharina
2111 3209 2291 3248 uxore
2323 3190 2590 3265 legitima
2612 3197 2986 3264 separaverat

371 3279 585 3353 partim
608 3277 847 3354 anglice,
881 3283 951 3336 ut
973 3279 1095 3336 suis
1113 3278 1496 3353 popularibus
1517 3297 1650 3353 pro·

372 3367 585 3425 desset.
652 3367 830 3439 Brae'ef
853 3370 1084 3425 treatise
1114 3366 1340 3442 setting
1369 3367 1527 3425 forth
1561 3367 1646 3424 di-

371 3474 502 3514 vers
551 3456 762 3531 truthy
805 3473 1117 3532 necessary
1166 3459 1230 3513 to
1279 3459 1339 3513 te
1387 3456 1522 3513 held
1569 3456 1647 3531 by

372 3545 670 3603 Christian
703 3546 910 3620 people
942 3544 1056 3602 and
1092 3546 1232 3620 kept
1267 3545 1412 3612 3180,
1458 3545 1649 3602 which

373 3653 469 3692 are
501 3637 607 3693 not
625 3634 935 3710 expressed
969 3635 1031 3691 in
1063 3635 1164 3691 the
1186 3635 1506 3707 Scripture,
1540 3634 1650 3692 but

370 3724 478 3781 left
510 3723 576 3781 of
600 3724 701 3781 the
730 3723 956 3781 Church
990 3724 1066 3798 by
1100 3724 1202 3781 the
1236 3722 1493 3798 apostles
1525 3727 1648 3781 tra-

369 3812 574 3882 dition,
626 3813 702 3870 ib.
746 3822 944 3881 15473
996 3813 1249 3870 diatriba
1293 3813 1362 3869 de
1404 3813 1650 3870 homin-is

354 3903 768 3976 justificatione
798 3905 1001 3959 contra
1034 3902 1278 3959 Petrum
1300 3900 1646 3976 Martyrem3

368 3997 574 4051 contra
621 3990 872 4049 eundem
925 3994 1067 4048 sunt
1112 3989 1451 4049 confutatio
1500 4008 1647 4064 quo-

369 4080 619 4138 rundam
640 4079 1030 4138 articulorum
1052 4081 1122 4136 de
1140 4081 1281 4137 votis
1299 4081 1643 4147 monasticis,

368 4169 609 4227 Lovanii
654 4179 836 4236 1550,
884 4172 943 4227 et
988 4169 1244 4242 defensio
1290 4170 1447 4225 sacri
1496 4170 1645 4243 epis-

366 4252 651 4332 coporum'
673 4266 722 4314 et
753 4258 1111 4315 sacerdotum
1132 4256 1451 4332 coelibatuS,
1478 4257 1642 4315 Pari-

1706 3277 2092 3353 adhaesitque
2123 3282 2344 3346 Annae,
2395 3279 2513 3336 imo
2563 3285 2622 3335 et
2668 3281 2847 3353 caput
2890 3296 2982 3336 ec—
3067 3325 3072 3330 .

1707 3365 1918 3424 <zlesiae
1963 3368 2301 3443 anglicanae
2347 3367 2693 3441 proclamari
2731 3367 2982 3426 fecerat:

1708 3456 1878 3528 cujus
1927 3455 2012 3513 rei
2062 3456 2346 3513 nuncium
2397 3473 2501 3530 per
2548 3455 2984 3513 velocissimum

1706 3559 2004 3602 cursorem
2052 3545 2191 3602 Polo
2242 3544 2598 3619 significavit
2659 3544 2848 3602 literis
2907 3545 2988 3602 ad

1706 3652 1841 3690 eum
1856 3633 2278 3690 humanissime
2299 3633 2537 3708 scriptis
2552 3632 2715 3709 fingit
2724 3651 2831 3691 ans
2847 3650 2984 3708 pro-

1706 3722 2033 3797 positisque
2056 3722 2440 3796 amplissimis
2459 3722 2785 3797 promissis,
2820 3737 2890 3780 ut
2922 3727 2984 3780 et

1705 3813 1832 3885 ipse
1867 3812 2013 3868 actis
2045 3811 2421 3869 consentiret.
2470 3811 2714 3869 Restitit
2734 3811 2982 3870 nobilis-

1704 3900 1891 3958 simus
1913 3900 2004 3958 vir
2035 3900 2303 3975 iramque
2323 3900 2480 3976 regis
2499 3918 2620 3957 non
2640 3901 2857 3958 timens
2881 3901 2983 3959 de-

1704 3989 1952 4047 claravit
1983 3989 2183 4057 ,nolle
2214 4007 2274 4047 se
2305 4005 2438 4047 cum
2459 3991 2704 4065 gravata
2736 3990 2990 4048 crimine*

1704 4078 2133 4137 conscientiain
2147 4079 2459 4137 consilium
2472 4079 2787 4154 impiorum
2799 4079 2979 4148 abire,

1702 4184 1809 4225 nec
1840 4185 1973 4225 cum
1998 4167 2212 4225 salutis
2233 4166 2539 4242 dispendio
2573 4167 2859 4226 lubricam
2886 4187 2979 4227 re·

1702 4256 1795 4332 gis
1826 4256 2080 4332 gratiam
2113 4257 2422 4314 mercari‘.
2470 4256 2624 4315 Hinc
2645 4258 2983 4333 composuit

369 4347 472 4404 siis
515 4357 697 4409 1550.
777 4345 831 4404 Α
866 4342 1111 4424 ὂασΙεῑεη
1138 4346 1202 4424 of
1240 4346 1341 4403 the
1391 4346 1646 4404 catholik
1697 4364 1810 4419 pro
1830 4345 2236 4404 ecclesiasticae
2255 4346 2896 4426 unitatisdqfensionell.
2922 4349 2990 4416 4,

369 4435 517 4493 saith
537 4437 598 4494 of
612 4435 870 4494 Christ's.
894 4436 1142 4507 Church,
1169 4435 1420 4493 Londini
1450 4443 1644 4504 15:323
1703 4435 1918 4493 Romae
1951 4431 2196 4514 (1538),
2231 4433 2320 4497 ed.
2353 4454 2488 4494 rara
2522 4431 2620 4516 (m.
2651 4433 2836 4515 150);
2866 4439 2979 4495 Ar-

446 4680 481 4750 1)
510 4676 592 4731 Cf.
621 4675 885 4746 Foppens
914 4677 979 4740 Π,
999 4680 1169 4736 1Ο7Ο;
1200 4675 1281 4730 Bi.
1300 4675 1644 4740 univ.XL11,

363 4754 499 4808 474:
528 4748 859 4818 praesertim
887 4763 1019 4801 vero
1048 4746 1335 4801 Leuridan
1361 4748 1424 4800 in
1451 4747 1645 4801 Revue

1701 4524 1997 4599 gentorati
2039 4533 2233 4594 1555;
2278 4524 2632 4601 Ingolstadii
2675 4534 2856 4594 1587,
2890 4526 2979 4583 ed.

1702 4631 1867 4683 rara3
1919 4613 2139 4688 quibus
2173 4613 2454 4688 quintum
2499 4613 2677 4672 etiam
2712 4614 2981 4688 adjunxit-

1700 4701 1740 4762 I.
1759 4701 1832 4760 ad
1866 4701 2206 4760 Eduardum
2235 4701 2331 4760 VI.
2363 4702 2601 4761 Henrici
2635 4703 2841 4771 fllium,
2877 4703 2983 4778 qui

365 4820 434 4873 de
484 4819 741 4874 Sciences
792 4820 984 4875 (300143,
1025 4817 1303 4873 LXXXffi
1349 4823 1546 4890 (1904),
1588 4837 1644 4888 p·
1702 4791 2000 4866 prioribus
2050 4789 2435 4866 praefat-ionis
2486 4794 2576 4850 est
2625 4792 2768 4862 loco,
2831 4811 2980 4868 opus

361 4894 665 4948 481—503.

1699 4881 1874 4956 plane
1921 4881 2170 4956 insigne.
2264 4881 2458 4954 Hujus
2505 4898 2598 4956 op.
2646 4881 2987 4956 apologiam
