3475 5364
632 336 748 392 391
1097 324 1466 378 1276-1300.
1492 319 1686 376 Theol.
1714 320 1889 374 schol.
1915 319 2165 374 Joannes
2191 319 2337 373 XXI.
2366 318 2753 383 Sententiarii,
3142 333 3284 388 392

628 511 787 568 esset
817 508 927 566 vir.
954 507 1214 585 insignis
1264 507 1475 578 literis,
1528 508 1903 566 literatorum
1961 506 2176 577 Bassia,
2198 507 2430 577 Hassia,
2452 507 2681 577 Russia,
2699 502 2963 587 Ruscia),
2981 505 3105 581 qui
3127 523 3284 564 cum

628 598 894 657 omnium
904 597 1139 656 exstitit
1154 596 1726 655 beneficentissimus
1745 596 1903 653 Mae·
1960 595 2293 655 Alexandro
2313 596 2448 666 hal,
2480 596 2748 672 Rigaldo‚
2780 596 2820 655 J
2823 614 2874 655 o.
2897 594 2972 654 de
2992 594 3286 673 Rupella

629 706 835 746 cenas:
885 686 988 747 sed
1034 704 1142 763 pro
1186 703 1349 744 more
1386 685 1552 744 illius
1583 685 1797 744 aetatis
1828 684 1904 743 ob
1957 685 2222 761 reg-ulam
2241 703 2289 748 s.
2308 685 2606 744 Francisci
2624 684 2987 744 declaratam
3002 684 3286 743 Aimoni

630 796 797 835 suam
844 776 929 834 in.
951 775 1285 851 disciplinis
1332 774 1706 833 naturalibus
1752 773 1901 849 peri·
1959 773 2232 833 ministro
2265 775 2526 851 generali
2558 774 2798 833 comitia
2830 795 2883 833 a.
2926 782 3107 836 1242
3148 774 3282 831 Bo-

626 867 774 925 tiam
818 866 1047 943 magiae
1091 864 1489 940 suspicionem
1536 883 1656 923 non
1700 863 1905 939 potuit
1957 862 2172 922 noniae
2192 863 2514 922 celebranti
2533 863 2886 933 transmisit,
2920 881 3087 937 quae
3111 862 3280 921 dici-

627 956 886 1032 effugere
900 952 970 1036 ¹).
1075 953 1188 1013 Sed
1255 953 1778 1012 decantatissimus
1839 952 1903 1010 in
1957 953 2062 1010 tur
2092 953 2373 1028 expositio
2406 960 2662 1030 quatuor
2689 950 3125 1031 magistrorum
3175 957 3284 1009 at—

628 1042 839 1104 scholis
873 1041 1289 1120 philosophicis
1320 1042 1512 1101 factus
1542 1045 1635 1101 est
1664 1042 1741 1100 ob
1764 1059 1902 1100 suas
1957 1050 2074 1116 que
2105 1041 2340 1116 saepius
2372 1060 2513 1101 cusa
2541 1042 2768 1118 prodiit
2801 1038 2864 1123 (†
2903 1038 3142 1121 1280).
3177 1075 3284 1084 —

630 1133 967 1192 Summulas
997 1132 1285 1209 logicales
1313 1132 1546 1207 aliaque
1572 1149 1752 1206 opera
1768 1130 1902 1207 phi·
1957 1130 2277 1189 Thomas
2339 1131 2502 1189 Bun
2518 1150 2605 1208 ge
2613 1132 2638 1206 j
2657 1150 2743 1190 us
2804 1126 2906 1213 (de
2960 1128 3282 1209 Bungey)

628 1223 948 1298 losophica„
995 1240 1147 1297 quae
1192 1220 1537 1297 saepissime
1567 1220 1730 1279 edita
1759 1216 1901 1303 (sal-
1958 1219 2163 1279 doctor
2194 1220 2527 1279 oxoniensis
2558 1224 2628 1278 et¹
2651 1220 2872 1280 ibidem
2918 1219 3272 1295 professor,

627 1316 748 1371 tem
780 1310 1134 1388 quadragies
1162 1330 1283 1370 uno
1303 1311 1457 1385 sec.)‚
1480 1329 1585 1385 per
1609 1309 1809 1368 secula
1837 1309 1903 1366 in
1957 1308 2020 1366 in
2041 1308 2222 1367 rebus
2243 1309 2670 1367 mathematicis
2690 1309 2776 1368 ita
2792 1308 3052 1385 perituS,
3080 1316 3169 1368 ut
3189 1310 3280 1366 ab

628 1399 1127 1477 praelectionibus
1158 1399 1320 1459 fuere
1350 1399 1614 1457 adhibita
1634 1401 1748 1456 eta
1766 1398 1900 1473 plu·
1958 1397 2234 1473 imperita
2292 1397 2688 1457 multitudine
2745 1398 3079 1457 haberetur
3148 1416 3276 1474 pro

627 1489 794 1548 rimis
843 1490 1145 1549 illustrata
1205 1489 1663 1549 commentariis.
1759 1488 1902 1545 Pro-
1957 1504 2130 1563 mago
2146 1484 2243 1566 (cl.
2258 1505 2306 1547 c.
2330 1484 2543 1570 1290).
2568 1520 2648 1530 -
2671 1488 3010 1547 Guilelmus
3044 1487 3268 1545 War-

629 1579 872 1638 dierunt
899 1596 984 1637 ex.
1017 1598 1103 1655 gr.
1148 1577 1359 1638 Textus
1401 1578 1651 1636 omnium
1685 1583 1901 1634 tracta-
1958 1593 2092 1634 ron
2138 1572 2236 1658 (de
2281 1575 2503 1647 Warra,
2551 1576 2755 1649 Varro,
2803 1577 3036 1635 Guarro
3083 1572 3274 1655 etc),

628 1676 790 1727 tuum
823 1669 884 1725 P.
915 1668 1103 1742 Hisp
1123 1666 1247 1726 ani
1290 1684 1428 1726 cum
1473 1666 1769 1742 copulatis
1811 1683 1901 1724 se·
1959 1664 2119 1724 Scoti
2167 1665 2467 1742 magister,
2527 1665 2736 1725 doctor
2779 1667 3073 1739 fundatus
3125 1665 3268 1724 dic-

629 1757 887 1816 cundum
952 1756 1281 1816 doctrinam
1331 1775 1374 1814 s.
1426 1755 1681 1815 Thomas
1725 1755 1904 1830 juxta
1955 1758 2058 1812 tus
2077 1748 2121 1834 ¹)
2157 1751 2238 1834 (fi.
2259 1773 2305 1813 c.
2326 1754 2505 1813 finem
2537 1772 2649 1817 sec.
2670 1753 2870 1833 xm).
2903 1789 2996 1799 —
3028 1754 3131 1813 Re
3150 1756 3273 1832 gi·

628 1863 967 1921 processum
1029 1846 1455 1923 magistrorum
1506 1844 1777 1903 Coloniae
1838 1843 1903 1901 in
1957 1842 2195 1902 naldu
2221 1862 2238 1900 ι
2271 1843 2394 1902 Um
2413 1844 2559 1914 ber,
2592 1862 2769 1919 quem
2786 1844 2975 1919 aliqui
2993 1861 3268 1904 erronee

628 1936 813 1994 bursa
826 1934 1046 1993 Montis
1062 1934 1416 2012 regentium,
1437 1933 1710 1992 Coloniae
1735 1942 1899 1998 1489
1958 1931 2166 1990 dicunt
2183 1931 2366 1991 fuisse
2394 1933 2904 2009 archiepiscopum
2935 1933 3264 1992 rothoma-

628 2026 694 2083 in'
712 2023 782 2094 f.;
816 2023 1010 2083 Parva
1040 2024 1306 2100 loyioalia
1337 2022 1510 2083 Alost
1539 2032 1702 2085 1474
1736 2022 1802 2079 in
1828 2032 1900 2091 43
1956 2038 2200 2098 gensem
2218 2025 2280 2080 et
2298 2022 2667 2085 cardinalem.
2699 2056 2787 2067 —
2807 2023 3064 2081 Demum
3099 2025 3258 2080 An·

628 2122 700 2174 tr.
720 2115 982 2192 loqicales
998 2132 1099 2171 sex
1120 2131 1252 2172 cum
1278 2112 1617 2172 elucidariis
1637 2112 1702 2169 in
1719 2112 1904 2169 bursa
1958 2110 2168 2168 dreas
2200 2111 2697 2170 aNovocastro
2729 2112 2794 2171 O.
2818 2112 2979 2182 Min„
3014 2112 3256 2170 Lotha·

630 2203 850 2262 Montis
901 2202 1166 2262 Coloniae
1214 2201 1569 2279 regentium,
1632 2200 1903 2260 Coloniae
1957 2199 2209 2276 ringius‚
2243 2218 2420 2274 quem
2452 2200 2635 2275 aliqui
2656 2201 2923 2278 Anglum
2954 2206 3018 2259 et
3043 2201 3256 2259 Domi·

638 2301 834 2361 1487;
895 2299 1079 2361 1503,
1130 2291 1282 2350 forte
1331 2290 1485 2348 idem
1520 2307 1586 2348 ac
1622 2290 1903 2365 Copulata
1957 2287 2237 2348 nicanum
2280 2287 2468 2347 fuisse
2517 2289 2746 2365 opinati
2793 2292 2957 2353 ,sunt
3041 2289 3256 2367 Hujus

631 2401 731 2441 sex
748 2381 1130 2440 Tractatuum
1150 2384 1259 2439 etc.
1292 2379 1452 2438 Bene
1482 2383 1684 2437 autem
1705 2382 1901 2437 osten·
1958 2376 2184 2453 prodiit
2224 2380 2670 2438 commentarius
2711 2379 2775 2437 in
2817 2390 2867 2441 1.
2899 2379 2937 2436 1.
2985 2375 3140 2460 (non
3187 2378 3257 2437 in

630 2471 721 2529 dit
750 2471 814 2529 R.
848 2466 1160 2550 Stapper2)
1211 2469 1340 2544 ejus
1370 2467 1783 2544 compendium
1815 2467 1902 2525 lo·
1961 2476 1997 2527 4
2031 2462 2122 2546 11.)
2155 2467 2606 2536 sententiarum,
2649 2468 2891 2526 Parisiis
2934 2477 3123 2530 1514.
3156 2501 3252 2512 --

630 2559 792 2637 gicae
843 2578 964 2617 non
1012 2577 1142 2617 esse
1176 2557 1510 2619 derivatum
1556 2577 1590 2616 a
1621 2556 1902 2615 Michaele
1958 2556 2238 2614 Petrus
2290 2555 2365 2615 de
2415 2556 2800 2615 Trabibus
2850 2556 3252 2615 fidelissimus
3283 2622 3286 2623 γ

630 2648 825 2708 Psello
861 2644 923 2730 (†
963 2644 1151 2728 1079)
1187 2646 1470 2724 scriptore
1514 2663 1739 2723 graecu),
1784 2645 1905 2706 imo
1959 2644 2121 2703 Petri
2152 2643 2241 2704 Jo.
2276 2644 2487 2704 olivi
2533 2642 2628 2728 (ef.
2675 2666 2730 2723 p.
2767 2643 2921 2714 405‘)
2970 2644 3244 2723 discipu·

630 2738 832 2814 potius
867 2740 1103 2822 σὸνοψιν
1136 2738 1274 2796 huic
1305 2736 1595 2795 tributam
1620 2754 1746 2795 esse
1766 2754 1903 2810 ope·
1958 2735 2072 2803 lua,
2108 2734 2214 2809 qui
2246 2735 2428 2811 hujus
2459 2734 2641 2794 etiam
2673 2754 2929 2795 errorem
2952 2736 3026 2794 de
3047 2735 3252 2795 forma

628 2828 710 2886 ris
759 2827 855 2885 J0.
904 2826 1155 2903 Hispani
1206 2825 1551 2884 versionem.
1623 2824 1901 2903 Nicolaus
1957 2824 2339 2882 substantiali
2371 2825 2627 2883 hominis
2658 2824 2946 2902 sequitur.
2992 2858 3084 2868 —
3122 2826 3244 2884 Ca-

628 2922 829 2975 tamen
860 2912 1217 2996 Antonius-⁶¹)
1259 2915 1496 2973 innixus
1527 2913 1766 2973 silentio
1797 2932 1903 2971 an-
1957 2931 2086 2971 rns
2119 2913 2499 2971 Aretinus
2531 2932 2600 2973 ex
2617 2914 2995 2973 nobilissima
3012 2913 3249 2973 familia

626 3006 932 3082 tiquorum
950 3004 1497 3082 bibliographorum
1530 3007 1748 3072 censet,
1780 3021 1905 3061 non
1957 3003 2298 3071 Pantaneto‚
2347 3022 2396 3060 a.
2438 3011 2601 3066 1289
2637 3007 2841 3063 contra
2884 3003 3243 3062 haereticam

627 3094 881 3153 eundem
926 3112 1077 3153 esse.
1100 3095 1258 3152 hunc
1296 3094 1536 3152 Petrum
1570 3092 1903 3168 Hispanum
1957 3091 2313 3166 pravitatem
2361 3091 2426 3150 in
2477 3091 2694 3150 Tuscia
2752 3092 3090 3166 inquisitor.
3151 3126 3244 3135 —

628 3183 1061 3242 summularum
1073 3183 1433 3258 aliorumque
1444 3200 1693 3257 operum
1709 3182 1901 3257 philo·
1959 3181 2006 3239 R
2021 3197 2054 3238 ο
2068 3180 2108 3238 b
2126 3198 2156 3238 e
2171 3199 2204 3237 r
2216 3182 2245 3238 t
2260 3198 2301 3238 u
2319 3198 2346 3239 s
2396 3181 2436 3238 C
2451 3199 2482 3237 r
2496 3199 2530 3240 o
2545 3201 2598 3238 w
2614 3198 2645 3239 c
2660 3181 2699 3239 h
2714 3200 2747 3240 e
2777 3176 3079 3262 (Crucius)
3113 3184 3241 3240 An·

626 3273 1000 3348 sophicorum
1016 3274 1317 3331 auctorem
1337 3289 1472 3330 cum
1487 3270 1526 3329 J
1529 3289 1718 3329 oanne
1732 3270 1899 3338 XXI„

625 3363 730 3437 qui
759 3362 831 3421 de
861 3380 927 3420 re
958 3362 1186 3421 medica
1215 3360 1535 3436 scripserit,
1579 3379 1734 3435 quae
1767 3378 1901 3418 sen-

623 3451 816 3511 tentia
849 3452 910 3509 et
940 3450 1074 3510 aliis
1105 3450 1348 3510 arridet.

641 3653 645 3657 ·
712 3640 858 3695 208.
921 3630 1004 3688 Ex
1051 3628 1256 3688 ordine
1303 3646 1347 3689 s.
1381 3626 1673 3685 Francisci
1716 3628 1898 3686 libros

621 3719 1051 3779 sententiarum
1098 3718 1482 3776 illustrarunt
1519 3719 1753 3792 praeter
1785 3717 1898 3775 Ro-

619 3827 828 3886 gerum
848 3809 1140 3867 Baconem
1168 3808 1392 3880 pluma,
1426 3823 1680 3881 quorum
1699 3808 1900 3863 tamen

620 3896 1026 3957 commentarii
1045 3898 1392 3954 manserunt
1414 3894 1647 3965 inediti,
1680 3897 1753 3953 ut
1771 3895 1820 3952 R
1835 3912 1897 3952 o-

617 3987 866 4045 bertus
897 3986 967 4044 de
983 3986 1228 4044 Bastia
1254 3981 1560 4065 (corrupte
1581 3984 1652 4041 de
1671 3983 1896 4054 Bascia,

696 4181 733 4244 1)
758 4175 841 4228 Cf.
868 4175 1001 4229 Ant.
1032 4172 1087 4226 M
1102 4189 1136 4227 a
1152 4189 1182 4227 c
1198 4189 1227 4227 e
1243 4172 1275 4225 d
1297 4189 1329 4226 o
1354 4171 1417 4225 in
1445 4170 1743 4225 Lusitania
1769 4188 1900 4240 pur-

618 4249 1090 4386 pussaffi‘stsehrift
1128 4299 1257 4368 zu'm
1299 4313 1701 4384 1ffl100jahrigen
1742 4312 1899 4366 Jubi-

612 4390 769 4443 laum
787 4391 883 4448 des
901 4389 1211 4443 deutschen
1238 4386 1449 4454 Campo
1468 4385 1641 4439 Santo
1660 4385 1719 4438 in
1736 4384 1897 4448 Rom,

1956 3269 2111 3345 glus„
2159 3269 2505 3346 integritate
2552 3270 2726 3341 vitae,
2774 3271 3116 3329 subtilitate
3147 3272 3241 3329 in·

1956 3357 2115 3435 genii
2135 3361 2196 3417 et
2227 3376 2348 3416 non
2379 3359 2810 3418 contemnenda
2841 3360 3113 3419 doctrina
3142 3360 3236 3418 in-

1956 3451 2049 3505 ter
2081 3464 2220 3506 suos
2252 3447 2445 3511 clarus
2475 3445 2538 3528 (†
2578 3443 2787 3531 1300).
2826 3449 2931 3523 qui
2963 3467 3238 3526 magnam

1957 3537 2114 3595 vitae
2144 3539 2374 3612 partem
2421 3537 2715 3615 transegit
2744 3540 2809 3595 in
2841 3535 3062 3604 studiis
3109 3537 3237 3612 phi·

1955 3625 2285 3701 Iosophicis,
2335 3626 2471 3684 hinc
2502 3626 2681 3685 etiam
2715 3627 3142 3685 commentaria
3171 3628 3235 3684 in

1954 3714 2185 3789 aliquot
2214 3714 2555 3774 Aristotelis
2587 3734 2764 3790 opera
2794 3715 3138 3777 elaboravit.

2048 3901 2190 3955 209.
2251 3892 2576 3967 Praecipue
2620 3910 2760 3951 vero
2806 3893 2916 3951 hac
2953 3892 3235 3952 inclaruit

1954 3982 2199 4057 periodo
2232 3979 2280 4039 R
2297 4000 2328 4041 o
2344 4001 2385 4058 g
2401 4001 2431 4040 e
2447 4001 2478 4039 r
2492 4000 2532 4038 u
2551 4000 2578 4039 s
2612 3982 2659 4039 B
2677 4001 2711 4040 a
2726 3999 2756 4039 c
2774 4000 2883 4052 on,
2919 3982 2995 4041 ob
3028 3982 3229 4061 singu·

1954 4069 2128 4131 larem
2143 4070 2206 4129 in
2222 4070 2553 4147 disciplinis
2569 4070 2941 4130 naturalibus
2961 4071 3232 4148 peritiam

1954 4163 2016 4218 et
2034 4160 2263 4238 ingenii
2285 4159 2670 4236 sagacitatem
2704 4197 2734 4228 ,
2747 4160 2968 4219 Doctor
2989 4158 3231 4219 mirabi-

1954 4251 2067 4308 lis‘
2102 4250 2412 4307 salutatus,
2465 4248 2668 4307 Patria
2698 4252 2827 4307 erat
2858 4249 3228 4309 Ilcestrensis

1953 4339 2270 4397 comitatus
2312 4338 2783 4408 comersetensis,
2833 4339 3079 4397 natione
3110 4341 3223 4397 An·

613 4460 888 4530 Freiburg
917 4463 1052 4516 1897
1080 4476 1135 4528 p.
1167 4456 1645 4526 130—382Papst
1668 4457 1899 4512 Johann
1951 4430 2319 4530 gina-natus
2353 4427 2502 4486 circa
2533 4447 2580 4485 a·
2618 4435 2801 4527 1314,
2836 4427 3044 4486 doctor
3076 4428 3229 4528 Pari·

614 4533 740 4586 XXI
779 4533 906 4586 eine
949 4530 1374 4601 Monographie,
1425 4528 1681 4582 Mssnster
1724 4531 1894 4585 1898:
1953 4535 2166 4576 81611818
2201 4511 2272 4596 (0-
2317 4511 2530 4598 1248),
2574 4534 2679 4591 qm
2712 4515 2778 4575 Ο.
2814 4516 2870 4578 S.
2903 4516 3110 4579 Franc-
3139 4535 3227 4574 m·

611 4605 673 4662 E.
703 4604 957 4658 Guirand
988 4606 1046 4656 et
1070 4603 1129 4657 L.
1159 4601 1364 4655 Cadier
1404 4601 1506 4654 Les
1531 4600 1800 4670 registres
1825 4599 1896 4654 de
1949 4623 2193 4684 gressus
2227 4609 2320 4664 est,
2351 4623 2396 4663 ρ,
2418 4625 2470 4668 a,
2500 4614 2663 4667 1240
2699 4600 3059 4687 (secundum
3083 4606 3224 4665 31503

612 4676 879 4746 Gregoire
904 4676 952 4728 X
997 4676 1054 4727 et
1092 4675 1161 4727 de
1188 4673 1331 4754 Jean
1359 4671 1505 4734 XXI,
1551 4671 1892 4752 Pariqlsses.

683 4747 895 4873 8{DBibL
925 4746 1072 4829 hisp.
1100 4747 1306 4828 veteris
1337 4743 1374 4796 l.
1402 4746 1435 4800 8
1463 4761 1507 4796 e.
1536 4747 1585 4807 ὃ,
1618 4760 1729 4825 ,ψη
1770 4744 1895 4824 fuse

608 4821 871 4946 deeritetro
913 4820 1156 4888 hispano
1197 4831 1435 4885 ejusque
1475 4816 1743 4884 operibus
1785 4813 1892 4866 dis-

1950 4699 2081 4771 post
2113 4716 2161 4755 a.
2202 4690 2416 4776 1248).
2479 4693 2590 4752 Hic
2623 4693 2689 4752 in
2725 4695 3004 4754 omnibus
3054 4694 3223 4753 disci·

2027 4889 2064 4955 ¹)
2093 4882 2175 4936 Cf.
2203 4882 2369 4936 Feret
2395 4881 2462 4947 11,
2491 4885 2756 4938 395—99.
