<?xml version="1.0" encoding="UTF-8"?>
<!DOCTYPE html PUBLIC "-//W3C//DTD XHTML 1.0 Transitional//EN"
    "http://www.w3.org/TR/xhtml1/DTD/xhtml1-transitional.dtd">
<html xmlns="http://www.w3.org/1999/xhtml" xml:lang="en" lang="en">
 <head>
  <title>
</title>
<meta http-equiv="Content-Type" content="text/html;charset=utf-8" />
  <meta name='ocr-system' content='tesseract 3.04.00' />
  <meta name='ocr-capabilities' content='ocr_page ocr_carea ocr_par ocr_line ocrx_word'/>
</head>
<body>
  <div class='ocr_page' id='page_1' title='image "./nomenclatorlite10hurtgoog_0847.png"; bbox 0 0 3475 5364; ppageno 0'>
   <div class='ocr_carea' id='block_1_1' title="bbox 348 280 2949 370">
    <p class='ocr_par' dir='ltr' id='par_1_1' title="bbox 348 280 2949 370">
     <span class='ocr_line' id='line_1_1' title="bbox 348 280 2949 370; baseline 0 -35"><span class='ocrx_word' id='word_1_1' title='bbox 348 299 369 350; x_wconf 86' lang='lat'>1</span> <span class='ocrx_word' id='word_1_2' title='bbox 390 297 421 350; x_wconf 91' lang='lat'>5</span> <span class='ocrx_word' id='word_1_3' title='bbox 432 298 466 351; x_wconf 79' lang='lat' dir='ltr'>g</span> <span class='ocrx_word' id='word_1_4' title='bbox 478 296 510 349; x_wconf 89' lang='lat'>5</span> <span class='ocrx_word' id='word_1_5' title='bbox 1279 280 1562 336; x_wconf 70' lang='lat' dir='ltr'>Adde-uda·</span> <span class='ocrx_word' id='word_1_6' title='bbox 1584 285 1640 337; x_wconf 81' lang='lat' dir='ltr'>et</span> <span class='ocrx_word' id='word_1_7' title='bbox 1664 286 2015 354; x_wconf 62' lang='lat' dir='ltr'>corrigenda.</span> <span class='ocrx_word' id='word_1_8' title='bbox 2790 316 2804 367; x_wconf 70' lang='lat' dir='ltr'>l</span> <span class='ocrx_word' id='word_1_9' title='bbox 2828 316 2863 365; x_wconf 72' lang='lat'>5</span> <span class='ocrx_word' id='word_1_10' title='bbox 2873 310 2906 370; x_wconf 68' lang='grc'>8·</span> <span class='ocrx_word' id='word_1_11' title='bbox 2917 313 2949 368; x_wconf 72' lang='grc'><strong>6</strong></span> 
     </span>
    </p>
   </div>
   <div class='ocr_carea' id='block_1_2' title="bbox 339 460 2985 4906">
    <p class='ocr_par' dir='ltr' id='par_1_2' title="bbox 341 460 2958 680">
     <span class='ocr_line' id='line_1_2' title="bbox 413 460 2958 546; baseline 0.006 -30"><span class='ocrx_word' id='word_1_12' title='bbox 413 464 547 533; x_wconf 82' lang='lat' dir='ltr'><strong>P&#39;ag.</strong></span> <span class='ocrx_word' id='word_1_13' title='bbox 574 469 730 520; x_wconf 65' lang='lat'><strong>267³.</strong></span> <span class='ocrx_word' id='word_1_14' title='bbox 762 464 839 516; x_wconf 92' lang='lat' dir='ltr'>De</span> <span class='ocrx_word' id='word_1_15' title='bbox 867 462 907 515; x_wconf 78' lang='lat' dir='ltr'><em>O</em></span> <span class='ocrx_word' id='word_1_16' title='bbox 928 478 959 511; x_wconf 92' lang='lat' dir='ltr'>o</span> <span class='ocrx_word' id='word_1_17' title='bbox 977 478 1016 513; x_wconf 88' lang='lat' dir='ltr'>n</span> <span class='ocrx_word' id='word_1_18' title='bbox 1034 460 1161 513; x_wconf 88' lang='lat' dir='ltr'>rad</span> <span class='ocrx_word' id='word_1_19' title='bbox 1179 478 1210 514; x_wconf 93' lang='lat' dir='ltr'>o</span> <span class='ocrx_word' id='word_1_20' title='bbox 1244 461 1508 516; x_wconf 85' lang='lat' dir='ltr'>Uracensi</span> <span class='ocrx_word' id='word_1_21' title='bbox 1537 464 1622 516; x_wconf 86' lang='lat' dir='ltr'>fu·</span> <span class='ocrx_word' id='word_1_22' title='bbox 1677 464 2025 519; x_wconf 75' lang='lat' dir='ltr'><strong>editionibus</strong></span> <span class='ocrx_word' id='word_1_23' title='bbox 2063 468 2301 537; x_wconf 62' lang='lat' dir='ltr'>adjecta,</span> <span class='ocrx_word' id='word_1_24' title='bbox 2350 474 2417 523; x_wconf 84' lang='lat' dir='ltr'>u&#39;t</span> <span class='ocrx_word' id='word_1_25' title='bbox 2454 490 2533 526; x_wconf 77' lang='lat' dir='ltr'>ex.</span> <span class='ocrx_word' id='word_1_26' title='bbox 2574 489 2658 543; x_wconf 83' lang='lat' dir='ltr'>gr.</span> <span class='ocrx_word' id='word_1_27' title='bbox 2686 475 2958 546; x_wconf 81' lang='lat' dir='ltr'>Lugduni</span> 
     </span>
     <span class='ocr_line' id='line_1_3' title="bbox 341 535 2956 607; baseline 0.004 -16"><span class='ocrx_word' id='word_1_28' title='bbox 341 538 458 592; x_wconf 90' lang='lat' dir='ltr'>sius</span> <span class='ocrx_word' id='word_1_29' title='bbox 496 538 722 591; x_wconf 86' lang='lat' dir='ltr'>disserit</span> <span class='ocrx_word' id='word_1_30' title='bbox 761 537 950 590; x_wconf 84' lang='lat' dir='ltr'>Ambr.</span> <span class='ocrx_word' id='word_1_31' title='bbox 980 536 1296 589; x_wconf 84' lang='lat' dir='ltr'>Clementin</span> <span class='ocrx_word' id='word_1_32' title='bbox 1341 535 1402 588; x_wconf 89' lang='lat' dir='ltr'>in</span> <span class='ocrx_word' id='word_1_33' title='bbox 1429 535 1621 591; x_wconf 85' lang='lat' dir='ltr'>Revue</span> <span class='ocrx_word' id='word_1_34' title='bbox 1677 541 1817 593; x_wconf 76' lang='lat'>1555</span> <span class='ocrx_word' id='word_1_35' title='bbox 1844 555 1899 606; x_wconf 88' lang='lat' dir='ltr'><strong>p.</strong></span> <span class='ocrx_word' id='word_1_36' title='bbox 1928 541 2068 595; x_wconf 76' lang='lat'>2395</span> <span class='ocrx_word' id='word_1_37' title='bbox 2086 546 2303 607; x_wconf 48' lang='lat'><strong>4480)</strong></span> <span class='ocrx_word' id='word_1_38' title='bbox 2341 543 2497 597; x_wconf 86' lang='lat' dir='ltr'>mille</span> <span class='ocrx_word' id='word_1_39' title='bbox 2524 547 2748 601; x_wconf 74' lang='lat' dir='ltr'>circiter</span> <span class='ocrx_word' id='word_1_40' title='bbox 2772 548 2956 603; x_wconf 86' lang='lat' dir='ltr'>titulis</span> 
     </span>
     <span class='ocr_line' id='line_1_4' title="bbox 341 608 2955 680; baseline 0.005 -17"><span class='ocrx_word' id='word_1_41' title='bbox 341 611 547 665; x_wconf 67' lang='lat' dir='ltr'>Bened.</span> <span class='ocrx_word' id='word_1_42' title='bbox 577 610 730 663; x_wconf 85' lang='lat' dir='ltr'>XXII</span> <span class='ocrx_word' id='word_1_43' title='bbox 779 612 957 678; x_wconf 85' lang='grc'><strong>1905),</strong></span> <span class='ocrx_word' id='word_1_44' title='bbox 983 612 1282 664; x_wconf 79' lang='grc'><strong>232-243.</strong></span> <span class='ocrx_word' id='word_1_45' title='bbox 1677 608 2038 678; x_wconf 82' lang='lat' dir='ltr'>alphabetiee</span> <span class='ocrx_word' id='word_1_46' title='bbox 2064 610 2352 680; x_wconf 71' lang='lat' dir='ltr'>dispositis</span> <span class='ocrx_word' id='word_1_47' title='bbox 2379 615 2761 674; x_wconf 79' lang='lat' dir='ltr'>adducuntur.</span> <span class='ocrx_word' id='word_1_48' title='bbox 2809 623 2955 675; x_wconf 83' lang='lat' dir='ltr'>Com-</span> 
     </span>
    </p>

    <p class='ocr_par' dir='ltr' id='par_1_3' title="bbox 343 679 2957 896">
     <span class='ocr_line' id='line_1_5' title="bbox 373 679 2954 755; baseline 0.003 -19"><span class='ocrx_word' id='word_1_49' title='bbox 373 682 545 752; x_wconf 70' lang='lat' dir='ltr'><strong>sPag.</strong></span> <span class='ocrx_word' id='word_1_50' title='bbox 572 687 693 739; x_wconf 75' lang='lat'><strong>34⁴2.</strong></span> <span class='ocrx_word' id='word_1_51' title='bbox 730 718 736 723; x_wconf 69' lang='lat'><strong><em>,</em></strong></span> <span class='ocrx_word' id='word_1_52' title='bbox 781 681 890 734; x_wconf 84' lang='lat' dir='ltr'>elix</span> <span class='ocrx_word' id='word_1_53' title='bbox 919 682 1167 734; x_wconf 84' lang='lat' dir='ltr'>Cambon</span> <span class='ocrx_word' id='word_1_54' title='bbox 1211 679 1392 733; x_wconf 81' lang='lat' dir='ltr'>edidit</span> <span class='ocrx_word' id='word_1_55' title='bbox 1430 682 1622 732; x_wconf 86' lang='lat' dir='ltr'>nostra</span> <span class='ocrx_word' id='word_1_56' title='bbox 1679 685 1932 736; x_wconf 74' lang='lat' dir='ltr'>mentm-ii</span> <span class='ocrx_word' id='word_1_57' title='bbox 1952 684 2146 737; x_wconf 80' lang='lat' dir='ltr'>autem</span> <span class='ocrx_word' id='word_1_58' title='bbox 2181 687 2299 737; x_wconf 85' lang='lat' dir='ltr'>tam</span> <span class='ocrx_word' id='word_1_59' title='bbox 2326 686 2393 738; x_wconf 88' lang='lat' dir='ltr'>in·</span> <span class='ocrx_word' id='word_1_60' title='bbox 2414 687 2480 739; x_wconf 82' lang='lat' dir='ltr'>V.</span> <span class='ocrx_word' id='word_1_61' title='bbox 2509 706 2681 755; x_wconf 83' lang='lat' dir='ltr'>quam</span> <span class='ocrx_word' id='word_1_62' title='bbox 2708 690 2766 744; x_wconf 94' lang='lat' dir='ltr'>in</span> <span class='ocrx_word' id='word_1_63' title='bbox 2796 692 2847 743; x_wconf 87' lang='lat' dir='ltr'>N</span> <span class='ocrx_word' id='word_1_64' title='bbox 2856 738 2861 743; x_wconf 91' lang='lat'><strong>.</strong></span> <span class='ocrx_word' id='word_1_65' title='bbox 2894 693 2954 746; x_wconf 89' lang='grc' dir='ltr'>Τ.</span> 
     </span>
     <span class='ocr_line' id='line_1_6' title="bbox 343 752 2957 821; baseline 0.003 -14"><span class='ocrx_word' id='word_1_66' title='bbox 343 758 529 808; x_wconf 81' lang='lat' dir='ltr'>aetate</span> <span class='ocrx_word' id='word_1_67' title='bbox 571 759 638 807; x_wconf 87' lang='lat' dir='ltr'>tr.</span> <span class='ocrx_word' id='word_1_68' title='bbox 680 758 743 806; x_wconf 77' lang='lat' dir='ltr'>de</span> <span class='ocrx_word' id='word_1_69' title='bbox 768 757 1084 806; x_wconf 72' lang='lat' dir='ltr'>conscientia</span> <span class='ocrx_word' id='word_1_70' title='bbox 1110 762 1157 807; x_wconf 80' lang='lat' dir='ltr'>et</span> <span class='ocrx_word' id='word_1_71' title='bbox 1182 755 1243 804; x_wconf 76' lang='lat' dir='ltr'>de</span> <span class='ocrx_word' id='word_1_72' title='bbox 1269 755 1440 805; x_wconf 61' lang='lat' dir='ltr'>triba-⁴</span> <span class='ocrx_word' id='word_1_73' title='bbox 1469 754 1621 804; x_wconf 74' lang='lat' dir='ltr'>dietis</span> <span class='ocrx_word' id='word_1_74' title='bbox 1677 757 1781 806; x_wconf 86' lang='lat' dir='ltr'>etc.</span> <span class='ocrx_word' id='word_1_75' title='bbox 1803 752 1999 821; x_wconf 86' lang='lat' dir='ltr'>judice</span> <span class='ocrx_word' id='word_1_76' title='bbox 2026 753 2241 809; x_wconf 83' lang='lat' dir='ltr'>Denifie</span> <span class='ocrx_word' id='word_1_77' title='bbox 2268 772 2384 809; x_wconf 90' lang='lat' dir='ltr'>non</span> <span class='ocrx_word' id='word_1_78' title='bbox 2413 758 2678 813; x_wconf 82' lang='lat' dir='ltr'>videntur</span> <span class='ocrx_word' id='word_1_79' title='bbox 2694 777 2812 817; x_wconf 87' lang='lat' dir='ltr'>esse</span> <span class='ocrx_word' id='word_1_80' title='bbox 2826 764 2957 816; x_wconf 76' lang='lat' dir='ltr'>Bar-</span> 
     </span>
     <span class='ocr_line' id='line_1_7' title="bbox 343 823 2955 896; baseline 0.004 -17"><span class='ocrx_word' id='word_1_81' title='bbox 343 826 480 881; x_wconf 86' lang='lat' dir='ltr'>Rob.</span> <span class='ocrx_word' id='word_1_82' title='bbox 508 825 578 878; x_wconf 90' lang='lat' dir='ltr'>de</span> <span class='ocrx_word' id='word_1_83' title='bbox 605 828 641 878; x_wconf 73' lang='grc'><strong>8</strong></span> <span class='ocrx_word' id='word_1_84' title='bbox 659 842 690 877; x_wconf 93' lang='lat' dir='ltr'>o</span> <span class='ocrx_word' id='word_1_85' title='bbox 707 841 735 876; x_wconf 89' lang='lat' dir='ltr'>r</span> <span class='ocrx_word' id='word_1_86' title='bbox 753 826 836 877; x_wconf 91' lang='lat' dir='ltr'>bo</span> <span class='ocrx_word' id='word_1_87' title='bbox 852 842 891 877; x_wconf 87' lang='lat' dir='ltr'>n</span> <span class='ocrx_word' id='word_1_88' title='bbox 910 842 945 877; x_wconf 93' lang='lat' dir='ltr'>n</span> <span class='ocrx_word' id='word_1_89' title='bbox 963 841 1012 876; x_wconf 85' lang='lat' dir='ltr'><strong>a.</strong></span> <span class='ocrx_word' id='word_1_90' title='bbox 1677 823 1992 879; x_wconf 79' lang='lat' dir='ltr'>tholomaei</span> <span class='ocrx_word' id='word_1_91' title='bbox 2003 826 2201 889; x_wconf 83' lang='lat' dir='ltr'>nostri,</span> <span class='ocrx_word' id='word_1_92' title='bbox 2214 827 2309 881; x_wconf 84' lang='lat' dir='ltr'>sed</span> <span class='ocrx_word' id='word_1_93' title='bbox 2329 831 2654 896; x_wconf 82' lang='lat' dir='ltr'>posterioris</span> <span class='ocrx_word' id='word_1_94' title='bbox 2670 836 2782 887; x_wconf 86' lang='lat' dir='ltr'>tem</span> <span class='ocrx_word' id='word_1_95' title='bbox 2829 837 2955 890; x_wconf 72' lang='lat' dir='ltr'>orie.</span> 
     </span>
    </p>

    <p class='ocr_par' dir='ltr' id='par_1_4' title="bbox 343 894 2956 1187">
     <span class='ocr_line' id='line_1_8' title="bbox 412 894 2955 965; baseline -0.001 -14"><span class='ocrx_word' id='word_1_96' title='bbox 412 896 938 965; x_wconf 46' lang='lat' dir='ltr'>Pagae-{nomnen</span> <span class='ocrx_word' id='word_1_97' title='bbox 955 894 1172 963; x_wconf 64' lang='grc' dir='ltr'><strong>θοι-(19)*</strong></span> <span class='ocrx_word' id='word_1_98' title='bbox 1185 895 1620 960; x_wconf 57' lang='grc' dir='ltr'><strong>9κ1ιίὶ)91;νε,ᾳαιία</strong></span> <span class='ocrx_word' id='word_1_99' title='bbox 1707 922 1710 925; x_wconf 55' lang='lat'>&gt;</span> <span class='ocrx_word' id='word_1_100' title='bbox 1748 894 1884 965; x_wconf 81' lang='lat' dir='ltr'><strong>Pag.</strong></span> <span class='ocrx_word' id='word_1_101' title='bbox 1912 901 2031 952; x_wconf 79' lang='grc'><strong>641.</strong></span> <span class='ocrx_word' id='word_1_102' title='bbox 2061 902 2183 953; x_wconf 70' lang='grc'><strong>654.</strong></span> <span class='ocrx_word' id='word_1_103' title='bbox 2213 898 2294 953; x_wconf 82' lang='lat' dir='ltr'><strong>Cf.</strong></span> <span class='ocrx_word' id='word_1_104' title='bbox 2329 900 2412 953; x_wconf 91' lang='lat' dir='ltr'>W.</span> <span class='ocrx_word' id='word_1_105' title='bbox 2442 901 2725 958; x_wconf 79' lang='lat' dir='ltr'>Schmidt:</span> <span class='ocrx_word' id='word_1_106' title='bbox 2809 910 2955 960; x_wconf 85' lang='lat' dir='ltr'>nter.</span> 
     </span>
     <span class='ocr_line' id='line_1_9' title="bbox 343 966 2955 1048; baseline 0.003 -25"><span class='ocrx_word' id='word_1_107' title='bbox 343 968 614 1023; x_wconf 72' lang='lat' dir='ltr'>Guilelini</span> <span class='ocrx_word' id='word_1_108' title='bbox 641 967 710 1021; x_wconf 90' lang='lat' dir='ltr'>de</span> <span class='ocrx_word' id='word_1_109' title='bbox 737 966 975 1020; x_wconf 83' lang='lat' dir='ltr'>Masso</span> <span class='ocrx_word' id='word_1_110' title='bbox 993 982 1028 1018; x_wconf 90' lang='lat' dir='ltr'>u</span> <span class='ocrx_word' id='word_1_111' title='bbox 1047 966 1150 1018; x_wconf 89' lang='lat' dir='ltr'>ris</span> <span class='ocrx_word' id='word_1_112' title='bbox 1175 967 1468 1020; x_wconf 77' lang='lat' dir='ltr'>abbatiss.</span> <span class='ocrx_word' id='word_1_113' title='bbox 1497 966 1620 1019; x_wconf 91' lang='lat' dir='ltr'>Dio·</span> <span class='ocrx_word' id='word_1_114' title='bbox 1677 968 1939 1035; x_wconf 79' lang='lat' dir='ltr'>suchung</span> <span class='ocrx_word' id='word_1_115' title='bbox 1980 968 2079 1022; x_wconf 89' lang='lat' dir='ltr'>der</span> <span class='ocrx_word' id='word_1_116' title='bbox 2105 969 2300 1023; x_wconf 83' lang='lat' dir='ltr'>Rei-ne</span> <span class='ocrx_word' id='word_1_117' title='bbox 2338 971 2399 1023; x_wconf 90' lang='lat' dir='ltr'>in</span> <span class='ocrx_word' id='word_1_118' title='bbox 2441 973 2551 1026; x_wconf 84' lang='lat' dir='ltr'>den</span> <span class='ocrx_word' id='word_1_119' title='bbox 2595 975 2955 1048; x_wconf 73' lang='lat' dir='ltr'>Dichtungen</span> 
     </span>
     <span class='ocr_line' id='line_1_10' title="bbox 344 1037 2955 1117; baseline 0.004 -24"><span class='ocrx_word' id='word_1_120' title='bbox 344 1041 486 1109; x_wconf 84' lang='lat' dir='ltr'>nysii</span> <span class='ocrx_word' id='word_1_121' title='bbox 515 1044 907 1104; x_wconf 78' lang='lat'>‹1245-1254)</span> <span class='ocrx_word' id='word_1_122' title='bbox 934 1038 993 1091; x_wconf 87' lang='lat' dir='ltr'>in</span> <span class='ocrx_word' id='word_1_123' title='bbox 1016 1038 1307 1107; x_wconf 74' lang='lat' dir='ltr'>Melanges</span> <span class='ocrx_word' id='word_1_124' title='bbox 1332 1038 1519 1091; x_wconf 84' lang='lat' dir='ltr'>d&#39;hist.</span> <span class='ocrx_word' id='word_1_125' title='bbox 1543 1037 1620 1091; x_wconf 87' lang='lat' dir='ltr'>du</span> <span class='ocrx_word' id='word_1_126' title='bbox 1676 1039 1774 1093; x_wconf 88' lang='lat' dir='ltr'>des</span> <span class='ocrx_word' id='word_1_127' title='bbox 1821 1040 1994 1094; x_wconf 80' lang='lat' dir='ltr'>Abtes</span> <span class='ocrx_word' id='word_1_128' title='bbox 2035 1044 2098 1094; x_wconf 75' lang='lat' dir='ltr'>G.</span> <span class='ocrx_word' id='word_1_129' title='bbox 2139 1042 2190 1095; x_wconf 88' lang='lat' dir='ltr'>le</span> <span class='ocrx_word' id='word_1_130' title='bbox 2234 1042 2379 1096; x_wconf 84' lang='lat' dir='ltr'>Mui</span> <span class='ocrx_word' id='word_1_131' title='bbox 2397 1045 2515 1110; x_wconf 80' lang='lat' dir='ltr'>sis,</span> <span class='ocrx_word' id='word_1_132' title='bbox 2543 1046 2777 1117; x_wconf 83' lang='lat' dir='ltr'>Leipzig</span> <span class='ocrx_word' id='word_1_133' title='bbox 2799 1054 2955 1107; x_wconf 79' lang='grc'><strong>1903.</strong></span> 
     </span>
     <span class='ocr_line' id='line_1_11' title="bbox 343 1111 2956 1187; baseline 0.003 -21"><span class='ocrx_word' id='word_1_134' title='bbox 343 1114 413 1168; x_wconf 84' lang='grc' dir='ltr'>Μ.</span> <span class='ocrx_word' id='word_1_135' title='bbox 444 1115 508 1165; x_wconf 87' lang='lat' dir='ltr'>A.</span> <span class='ocrx_word' id='word_1_136' title='bbox 537 1112 721 1166; x_wconf 83' lang='lat' dir='ltr'>XVIII-</span> <span class='ocrx_word' id='word_1_137' title='bbox 747 1114 950 1179; x_wconf 77' lang='grc'><strong>(1904),</strong></span> <span class='ocrx_word' id='word_1_138' title='bbox 979 1115 1276 1166; x_wconf 61' lang='lat' dir='ltr'>lev—266.</span> <span class='ocrx_word' id='word_1_139' title='bbox 1737 1111 1882 1181; x_wconf 72' lang='lat' dir='ltr'>Peg.</span> <span class='ocrx_word' id='word_1_140' title='bbox 1897 1115 2018 1167; x_wconf 87' lang='grc'><strong>657.</strong></span> <span class='ocrx_word' id='word_1_141' title='bbox 2047 1112 2325 1182; x_wconf 77' lang='lat' dir='ltr'><strong>Cf..I.Gay</strong></span> <span class='ocrx_word' id='word_1_142' title='bbox 2347 1114 2421 1169; x_wconf 89' lang='lat' dir='ltr'>Le</span> <span class='ocrx_word' id='word_1_143' title='bbox 2435 1133 2582 1187; x_wconf 84' lang='lat' dir='ltr'>pape</span> <span class='ocrx_word' id='word_1_144' title='bbox 2595 1118 2956 1175; x_wconf 85' lang='lat' dir='ltr'>ClementVI.</span> 
     </span>
    </p>

    <p class='ocr_par' dir='ltr' id='par_1_5' title="bbox 342 1180 2958 1473">
     <span class='ocr_line' id='line_1_12' title="bbox 417 1180 2735 1253; baseline 0.004 -16"><span class='ocrx_word' id='word_1_145' title='bbox 417 1185 547 1253; x_wconf 79' lang='lat' dir='ltr'><strong>Pag.</strong></span> <span class='ocrx_word' id='word_1_146' title='bbox 576 1188 696 1239; x_wconf 83' lang='grc'><strong>372.</strong></span> <span class='ocrx_word' id='word_1_147' title='bbox 749 1183 830 1237; x_wconf 89' lang='lat' dir='ltr'>De</span> <span class='ocrx_word' id='word_1_148' title='bbox 869 1183 913 1234; x_wconf 91' lang='lat' dir='ltr'>B</span> <span class='ocrx_word' id='word_1_149' title='bbox 929 1198 958 1235; x_wconf 89' lang='lat' dir='ltr'>e</span> <span class='ocrx_word' id='word_1_150' title='bbox 975 1200 1002 1234; x_wconf 89' lang='lat' dir='ltr'>r</span> <span class='ocrx_word' id='word_1_151' title='bbox 1019 1198 1105 1233; x_wconf 84' lang='lat' dir='ltr'>na</span> <span class='ocrx_word' id='word_1_152' title='bbox 1123 1182 1237 1234; x_wconf 90' lang='lat' dir='ltr'>rdi</span> <span class='ocrx_word' id='word_1_153' title='bbox 1278 1199 1387 1234; x_wconf 82' lang='lat' dir='ltr'>cas.</span> <span class='ocrx_word' id='word_1_154' title='bbox 1413 1180 1622 1250; x_wconf 70' lang='lat' dir='ltr'>spemelo</span> <span class='ocrx_word' id='word_1_155' title='bbox 1676 1187 1734 1237; x_wconf 90' lang='lat' dir='ltr'>et</span> <span class='ocrx_word' id='word_1_156' title='bbox 1758 1184 1843 1237; x_wconf 86' lang='lat' dir='ltr'>les</span> <span class='ocrx_word' id='word_1_157' title='bbox 1866 1183 2089 1237; x_wconf 81' lang='lat' dir='ltr'>affaires</span> <span class='ocrx_word' id='word_1_158' title='bbox 2115 1184 2371 1241; x_wconf 87' lang='lat' dir='ltr'>d&#39;Orient</span> <span class='ocrx_word' id='word_1_159' title='bbox 2396 1187 2553 1242; x_wconf 85' lang='lat' dir='ltr'>Paris</span> <span class='ocrx_word' id='word_1_160' title='bbox 2582 1196 2735 1247; x_wconf 77' lang='lat'><strong>1904.</strong></span> 
     </span>
     <span class='ocr_line' id='line_1_13' title="bbox 342 1252 2955 1329; baseline 0.003 -20"><span class='ocrx_word' id='word_1_161' title='bbox 342 1257 522 1310; x_wconf 84' lang='lat' dir='ltr'>fusius</span> <span class='ocrx_word' id='word_1_162' title='bbox 562 1255 789 1309; x_wconf 89' lang='lat' dir='ltr'>disserit</span> <span class='ocrx_word' id='word_1_163' title='bbox 812 1254 924 1308; x_wconf 88' lang='lat' dir='ltr'>Hil.</span> <span class='ocrx_word' id='word_1_164' title='bbox 953 1252 1173 1307; x_wconf 86' lang='lat' dir='ltr'>Walter</span> <span class='ocrx_word' id='word_1_165' title='bbox 1210 1254 1271 1306; x_wconf 90' lang='lat' dir='ltr'>in</span> <span class='ocrx_word' id='word_1_166' title='bbox 1299 1254 1538 1308; x_wconf 79' lang='lat' dir='ltr'>Studien</span> <span class='ocrx_word' id='word_1_167' title='bbox 1566 1273 1620 1308; x_wconf 90' lang='lat' dir='ltr'><strong>u.</strong></span> <span class='ocrx_word' id='word_1_168' title='bbox 1751 1254 1884 1324; x_wconf 79' lang='lat' dir='ltr'><strong>Pag.</strong></span> <span class='ocrx_word' id='word_1_169' title='bbox 1912 1260 2033 1312; x_wconf 87' lang='grc'><strong>659.</strong></span> <span class='ocrx_word' id='word_1_170' title='bbox 2087 1258 2169 1315; x_wconf 80' lang='lat' dir='ltr'>cf,</span> <span class='ocrx_word' id='word_1_171' title='bbox 2199 1255 2398 1329; x_wconf 78' lang='lat' dir='ltr'>Georg.</span> <span class='ocrx_word' id='word_1_172' title='bbox 2427 1261 2671 1316; x_wconf 75' lang='lat' dir='ltr'>Schmid.</span> <span class='ocrx_word' id='word_1_173' title='bbox 2699 1263 2798 1316; x_wconf 90' lang='lat' dir='ltr'>der</span> <span class='ocrx_word' id='word_1_174' title='bbox 2824 1264 2955 1319; x_wconf 82' lang='lat' dir='ltr'>hist.</span> 
     </span>
     <span class='ocr_line' id='line_1_14' title="bbox 342 1325 2956 1405; baseline 0.003 -24"><span class='ocrx_word' id='word_1_175' title='bbox 342 1328 531 1382; x_wconf 85' lang='lat' dir='ltr'>Mitth.</span> <span class='ocrx_word' id='word_1_176' title='bbox 559 1344 663 1381; x_wconf 86' lang='lat' dir='ltr'>aus</span> <span class='ocrx_word' id='word_1_177' title='bbox 688 1327 814 1380; x_wconf 88' lang='lat' dir='ltr'>dem</span> <span class='ocrx_word' id='word_1_178' title='bbox 843 1326 976 1380; x_wconf 88' lang='lat' dir='ltr'>Ben.</span> <span class='ocrx_word' id='word_1_179' title='bbox 1005 1325 1121 1379; x_wconf 93' lang='lat' dir='ltr'>und</span> <span class='ocrx_word' id='word_1_180' title='bbox 1140 1326 1479 1381; x_wconf 74' lang='lat' dir='ltr'>Cist.‘(.)rden</span> <span class='ocrx_word' id='word_1_181' title='bbox 1498 1327 1620 1380; x_wconf 85' lang='lat' dir='ltr'>XXI</span> <span class='ocrx_word' id='word_1_182' title='bbox 1675 1327 2028 1383; x_wconf 80' lang='lat' dir='ltr'>Wertder14</span> <span class='ocrx_word' id='word_1_183' title='bbox 2043 1326 2197 1381; x_wconf 84' lang='lat' dir='ltr'>alten</span> <span class='ocrx_word' id='word_1_184' title='bbox 2213 1328 2593 1401; x_wconf 85' lang='lat' dir='ltr'>Biographien</span> <span class='ocrx_word' id='word_1_185' title='bbox 2609 1334 2707 1388; x_wconf 85' lang='lat' dir='ltr'>des</span> <span class='ocrx_word' id='word_1_186' title='bbox 2722 1334 2956 1405; x_wconf 85' lang='lat' dir='ltr'>Papstes</span> 
     </span>
     <span class='ocr_line' id='line_1_15' title="bbox 342 1398 2958 1473; baseline 0.003 -18"><span class='ocrx_word' id='word_1_187' title='bbox 342 1405 521 1469; x_wconf 90' lang='grc'><strong>(1900)</strong></span> <span class='ocrx_word' id='word_1_188' title='bbox 550 1403 779 1457; x_wconf 81' lang='lat'><strong>32—48.</strong></span> <span class='ocrx_word' id='word_1_189' title='bbox 1679 1398 1873 1452; x_wconf 84' lang='lat' dir='ltr'>Urban</span> <span class='ocrx_word' id='word_1_190' title='bbox 1904 1399 1986 1461; x_wconf 72' lang='lat' dir='ltr'>V..</span> <span class='ocrx_word' id='word_1_191' title='bbox 2027 1399 2085 1451; x_wconf 88' lang='lat' dir='ltr'>in</span> <span class='ocrx_word' id='word_1_192' title='bbox 2127 1399 2557 1473; x_wconf 83' lang='lat' dir='ltr'>kirchengesch.</span> <span class='ocrx_word' id='word_1_193' title='bbox 2584 1406 2958 1461; x_wconf 83' lang='lat' dir='ltr'>Abhandlun-</span> 
     </span>
    </p>

    <p class='ocr_par' dir='ltr' id='par_1_6' title="bbox 342 1468 2958 2039">
     <span class='ocr_line' id='line_1_16' title="bbox 417 1468 2953 1542; baseline 0.005 -17"><span class='ocrx_word' id='word_1_194' title='bbox 417 1472 546 1542; x_wconf 84' lang='lat' dir='ltr'><strong>Pag.</strong></span> <span class='ocrx_word' id='word_1_195' title='bbox 573 1476 695 1527; x_wconf 85' lang='lat'><strong>376.</strong></span> <span class='ocrx_word' id='word_1_196' title='bbox 722 1488 771 1523; x_wconf 81' lang='lat' dir='ltr'><strong>a.</strong></span> <span class='ocrx_word' id='word_1_197' title='bbox 800 1476 849 1525; x_wconf 91' lang='lat'>1.</span> <span class='ocrx_word' id='word_1_198' title='bbox 902 1470 982 1523; x_wconf 79' lang='lat' dir='ltr'><strong>cf.</strong></span> <span class='ocrx_word' id='word_1_199' title='bbox 1012 1468 1080 1521; x_wconf 88' lang='lat' dir='ltr'>de</span> <span class='ocrx_word' id='word_1_200' title='bbox 1107 1470 1214 1522; x_wconf 83' lang='lat' dir='ltr'>hac</span> <span class='ocrx_word' id='word_1_201' title='bbox 1241 1471 1623 1523; x_wconf 81' lang='lat' dir='ltr'>controversia</span> <span class='ocrx_word' id='word_1_202' title='bbox 1719 1487 1788 1524; x_wconf 86' lang='lat' dir='ltr'>en</span> <span class='ocrx_word' id='word_1_203' title='bbox 1818 1470 2074 1539; x_wconf 81' lang='lat' dir='ltr'>herausg.</span> <span class='ocrx_word' id='word_1_204' title='bbox 2107 1487 2217 1524; x_wconf 84' lang='lat' dir='ltr'>von</span> <span class='ocrx_word' id='word_1_205' title='bbox 2246 1514 2258 1527; x_wconf 93' lang='lat'>.</span> <span class='ocrx_word' id='word_1_206' title='bbox 2287 1513 2299 1526; x_wconf 92' lang='lat'>.</span> <span class='ocrx_word' id='word_1_207' title='bbox 2330 1511 2342 1524; x_wconf 94' lang='lat'>.</span> <span class='ocrx_word' id='word_1_208' title='bbox 2371 1473 2611 1529; x_wconf 68' lang='lat' dir='ltr'>sdralek</span> <span class='ocrx_word' id='word_1_209' title='bbox 2642 1478 2716 1530; x_wconf 84' lang='grc' dir='ltr'>ΙΙΙ</span> <span class='ocrx_word' id='word_1_210' title='bbox 2746 1479 2876 1534; x_wconf 83' lang='lat' dir='ltr'>fasc.</span> <span class='ocrx_word' id='word_1_211' title='bbox 2904 1485 2953 1537; x_wconf 76' lang='lat'><strong>⁶2.</strong></span> 
     </span>
     <span class='ocr_line' id='line_1_17' title="bbox 342 1490 2854 1606; baseline -0 -8"><span class='ocrx_word' id='word_1_212' title='bbox 342 1545 513 1598; x_wconf 83' lang='lat' dir='ltr'>etiam</span> <span class='ocrx_word' id='word_1_213' title='bbox 540 1542 762 1596; x_wconf 82' lang='lat' dir='ltr'>Walter</span> <span class='ocrx_word' id='word_1_214' title='bbox 789 1542 961 1595; x_wconf 82' lang='lat' dir='ltr'>Goetz</span> <span class='ocrx_word' id='word_1_215' title='bbox 999 1540 1100 1593; x_wconf 89' lang='lat' dir='ltr'>Die</span> <span class='ocrx_word' id='word_1_216' title='bbox 1128 1540 1366 1606; x_wconf 84' lang='lat' dir='ltr'>Quellen</span> <span class='ocrx_word' id='word_1_217' title='bbox 1394 1559 1494 1595; x_wconf 85' lang='lat' dir='ltr'>zur</span> <span class='ocrx_word' id='word_1_218' title='bbox 1520 1543 1621 1594; x_wconf 78' lang='lat' dir='ltr'>Ge·</span> <span class='ocrx_word' id='word_1_219' title='bbox 1676 1490 1909 1595; x_wconf 58' lang='lat' dir='ltr'>{reslau</span> <span class='ocrx_word' id='word_1_220' title='bbox 1940 1546 2093 1599; x_wconf 85' lang='lat'><strong>1905.</strong></span> <span class='ocrx_word' id='word_1_221' title='bbox 2647 1566 2650 1570; x_wconf 60' lang='grc'><strong>’</strong></span> <span class='ocrx_word' id='word_1_222' title='bbox 2849 1546 2854 1553; x_wconf 84' lang='grc'><strong>”</strong></span> 
     </span>
     <span class='ocr_line' id='line_1_18' title="bbox 342 1612 2957 1684; baseline 0.003 -17"><span class='ocrx_word' id='word_1_223' title='bbox 342 1615 590 1670; x_wconf 83' lang='lat' dir='ltr'>schichte</span> <span class='ocrx_word' id='word_1_224' title='bbox 635 1614 733 1667; x_wconf 78' lang='lat' dir='ltr'>des</span> <span class='ocrx_word' id='word_1_225' title='bbox 778 1614 832 1667; x_wconf 90' lang='lat' dir='ltr'><strong>h.</strong></span> <span class='ocrx_word' id='word_1_226' title='bbox 877 1612 1215 1666; x_wconf 80' lang='lat' dir='ltr'>Franziskus</span> <span class='ocrx_word' id='word_1_227' title='bbox 1259 1629 1310 1666; x_wconf 83' lang='lat' dir='ltr'>v.</span> <span class='ocrx_word' id='word_1_228' title='bbox 1340 1614 1404 1665; x_wconf 90' lang='lat' dir='ltr'>A.</span> <span class='ocrx_word' id='word_1_229' title='bbox 1433 1613 1623 1667; x_wconf 79' lang='lat' dir='ltr'>Gotha</span> <span class='ocrx_word' id='word_1_230' title='bbox 1747 1613 1884 1683; x_wconf 80' lang='lat' dir='ltr'><strong>Pag.</strong></span> <span class='ocrx_word' id='word_1_231' title='bbox 1914 1618 2035 1669; x_wconf 87' lang='grc'><strong>677.</strong></span> <span class='ocrx_word' id='word_1_232' title='bbox 2065 1614 2367 1684; x_wconf 80' lang='lat' dir='ltr'>Theologis</span> <span class='ocrx_word' id='word_1_233' title='bbox 2393 1633 2456 1670; x_wconf 87' lang='lat' dir='ltr'>ex</span> <span class='ocrx_word' id='word_1_234' title='bbox 2476 1619 2595 1673; x_wconf 86' lang='lat' dir='ltr'>ord.</span> <span class='ocrx_word' id='word_1_235' title='bbox 2614 1638 2654 1675; x_wconf 91' lang='lat' dir='ltr'><strong>s.</strong></span> <span class='ocrx_word' id='word_1_236' title='bbox 2672 1618 2957 1675; x_wconf 83' lang='lat' dir='ltr'>Dominiei</span> 
     </span>
     <span class='ocr_line' id='line_1_19' title="bbox 344 1684 2958 1759; baseline 0.003 -20"><span class='ocrx_word' id='word_1_237' title='bbox 344 1692 497 1751; x_wconf 84' lang='lat'>1904,</span> <span class='ocrx_word' id='word_1_238' title='bbox 540 1685 639 1754; x_wconf 87' lang='lat' dir='ltr'>qui</span> <span class='ocrx_word' id='word_1_239' title='bbox 667 1689 863 1739; x_wconf 86' lang='lat' dir='ltr'>contra</span> <span class='ocrx_word' id='word_1_240' title='bbox 887 1684 947 1738; x_wconf 90' lang='lat' dir='ltr'>P.</span> <span class='ocrx_word' id='word_1_241' title='bbox 974 1684 1232 1737; x_wconf 73' lang='lat' dir='ltr'>Sabatier</span> <span class='ocrx_word' id='word_1_242' title='bbox 1276 1684 1513 1753; x_wconf 87' lang='lat' dir='ltr'>ejusque</span> <span class='ocrx_word' id='word_1_243' title='bbox 1540 1702 1622 1738; x_wconf 86' lang='lat' dir='ltr'>as·</span> <span class='ocrx_word' id='word_1_244' title='bbox 1678 1684 1824 1738; x_wconf 84' lang='lat' dir='ltr'>adde</span> <span class='ocrx_word' id='word_1_245' title='bbox 1854 1684 1950 1738; x_wconf 89' lang='lat' dir='ltr'>He</span> <span class='ocrx_word' id='word_1_246' title='bbox 1967 1703 2005 1737; x_wconf 96' lang='grc' dir='ltr'>ιι</span> <span class='ocrx_word' id='word_1_247' title='bbox 2022 1686 2080 1739; x_wconf 93' lang='lat' dir='ltr'>ri</span> <span class='ocrx_word' id='word_1_248' title='bbox 2099 1703 2178 1740; x_wconf 89' lang='lat' dir='ltr'>cu</span> <span class='ocrx_word' id='word_1_249' title='bbox 2196 1705 2249 1739; x_wconf 88' lang='grc' dir='ltr'>ιιι</span> <span class='ocrx_word' id='word_1_250' title='bbox 2291 1687 2361 1740; x_wconf 91' lang='lat' dir='ltr'>de</span> <span class='ocrx_word' id='word_1_251' title='bbox 2386 1689 2704 1756; x_wconf 81' lang='lat' dir='ltr'>Bitterfeld,</span> <span class='ocrx_word' id='word_1_252' title='bbox 2734 1692 2835 1759; x_wconf 88' lang='lat' dir='ltr'>qui</span> <span class='ocrx_word' id='word_1_253' title='bbox 2862 1693 2958 1746; x_wconf 82' lang='lat' dir='ltr'>fio·</span> 
     </span>
     <span class='ocr_line' id='line_1_20' title="bbox 342 1757 2957 1834; baseline 0.002 -22"><span class='ocrx_word' id='word_1_254' title='bbox 342 1759 519 1812; x_wconf 84' lang='lat' dir='ltr'>seclas</span> <span class='ocrx_word' id='word_1_255' title='bbox 545 1759 736 1828; x_wconf 77' lang='lat' dir='ltr'>negat,</span> <span class='ocrx_word' id='word_1_256' title='bbox 768 1759 1066 1824; x_wconf 73' lang='lat' dir='ltr'>&#39;Speculum</span> <span class='ocrx_word' id='word_1_257' title='bbox 1084 1760 1429 1824; x_wconf 64' lang='lat' dir='ltr'>perfectionis</span> <span class='ocrx_word' id='word_1_258' title='bbox 1456 1759 1513 1808; x_wconf 87' lang='lat' dir='ltr'>et</span> <span class='ocrx_word' id='word_1_259' title='bbox 1538 1760 1620 1810; x_wconf 84' lang='lat' dir='ltr'>La</span> <span class='ocrx_word' id='word_1_260' title='bbox 1679 1757 1800 1809; x_wconf 87' lang='lat' dir='ltr'>ruit</span> <span class='ocrx_word' id='word_1_261' title='bbox 1836 1760 2220 1833; x_wconf 67' lang='lat' dir='ltr'>eveuntesec.</span> <span class='ocrx_word' id='word_1_262' title='bbox 2253 1757 2396 1816; x_wconf 86' lang='lat' dir='ltr'><strong>XIV.</strong></span> <span class='ocrx_word' id='word_1_263' title='bbox 2450 1760 2528 1814; x_wconf 86' lang='lat' dir='ltr'>De</span> <span class='ocrx_word' id='word_1_264' title='bbox 2569 1763 2692 1815; x_wconf 84' lang='lat' dir='ltr'>e&#39;us</span> <span class='ocrx_word' id='word_1_265' title='bbox 2732 1764 2957 1834; x_wconf 84' lang='lat' dir='ltr'>scriptis</span> 
     </span>
     <span class='ocr_line' id='line_1_21' title="bbox 343 1781 2957 1899; baseline 0.002 -15"><span class='ocrx_word' id='word_1_266' title='bbox 343 1833 620 1899; x_wconf 72' lang='lat' dir='ltr'>Leyyenda</span> <span class='ocrx_word' id='word_1_267' title='bbox 645 1832 703 1882; x_wconf 66' lang='lat' dir='ltr'>da·</span> <span class='ocrx_word' id='word_1_268' title='bbox 725 1847 767 1883; x_wconf 77' lang='lat' dir='ltr'><strong>s.</strong></span> <span class='ocrx_word' id='word_1_269' title='bbox 789 1831 1079 1882; x_wconf 66' lang='lat' dir='ltr'>Francrsco</span> <span class='ocrx_word' id='word_1_270' title='bbox 1099 1827 1293 1881; x_wconf 80' lang='lat' dir='ltr'>scritta</span> <span class='ocrx_word' id='word_1_271' title='bbox 1308 1827 1382 1880; x_wconf 89' lang='lat' dir='ltr'>da</span> <span class='ocrx_word' id='word_1_272' title='bbox 1398 1831 1481 1881; x_wconf 90' lang='lat' dir='ltr'>tre</span> <span class='ocrx_word' id='word_1_273' title='bbox 1500 1828 1623 1881; x_wconf 90' lang='lat' dir='ltr'>suoi</span> <span class='ocrx_word' id='word_1_274' title='bbox 1680 1827 1951 1893; x_wconf 79' lang='lat' dir='ltr'>(ineditis)</span> <span class='ocrx_word' id='word_1_275' title='bbox 1988 1828 2056 1882; x_wconf 80' lang='lat' dir='ltr'>ef.</span> <span class='ocrx_word' id='word_1_276' title='bbox 2086 1832 2149 1886; x_wconf 75' lang='lat' dir='ltr'><strong>G.</strong></span> <span class='ocrx_word' id='word_1_277' title='bbox 2180 1829 2549 1886; x_wconf 83' lang='lat' dir='ltr'>Sommerfeld</span> <span class='ocrx_word' id='word_1_278' title='bbox 2577 1781 2837 1893; x_wconf 55' lang='lat' dir='ltr'>ieitschr,</span> <span class='ocrx_word' id='word_1_279' title='bbox 2867 1838 2957 1889; x_wconf 71' lang='lat' dir='ltr'>fur</span> 
     </span>
     <span class='ocr_line' id='line_1_22' title="bbox 343 1898 2622 1972; baseline -0.001 -16"><span class='ocrx_word' id='word_1_280' title='bbox 343 1898 1622 1972; x_wconf 74' lang='lat' dir='ltr'>Conipagniessefontesoriginalesetmaxime</span> <span class='ocrx_word' id='word_1_281' title='bbox 1677 1899 1732 1953; x_wconf 79' lang='lat' dir='ltr'>k.</span> <span class='ocrx_word' id='word_1_282' title='bbox 1762 1899 1866 1952; x_wconf 88' lang='lat' dir='ltr'>Th.</span> <span class='ocrx_word' id='word_1_283' title='bbox 1896 1900 2071 1952; x_wconf 83' lang='lat' dir='ltr'>XXIX</span> <span class='ocrx_word' id='word_1_284' title='bbox 2099 1900 2295 1970; x_wconf 68' lang='lat'>(1905),</span> <span class='ocrx_word' id='word_1_285' title='bbox 2328 1907 2622 1961; x_wconf 75' lang='lat'><strong>165—168,</strong></span> 
     </span>
     <span class='ocr_line' id='line_1_23' title="bbox 342 1970 2954 2039; baseline 0.002 -12"><span class='ocrx_word' id='word_1_286' title='bbox 342 1973 702 2028; x_wconf 81' lang='lat' dir='ltr'>authenticos</span> <span class='ocrx_word' id='word_1_287' title='bbox 728 1971 880 2025; x_wconf 81' lang='lat' dir='ltr'>vitae</span> <span class='ocrx_word' id='word_1_288' title='bbox 908 1972 1080 2039; x_wconf 86' lang='lat' dir='ltr'>hujus</span> <span class='ocrx_word' id='word_1_289' title='bbox 1107 1971 1304 2023; x_wconf 85' lang='lat' dir='ltr'>sancti.</span> <span class='ocrx_word' id='word_1_290' title='bbox 1750 1970 1880 2039; x_wconf 75' lang='lat' dir='ltr'><strong>Png.</strong></span> <span class='ocrx_word' id='word_1_291' title='bbox 1910 1976 2033 2027; x_wconf 82' lang='grc'><strong>690.</strong></span> <span class='ocrx_word' id='word_1_292' title='bbox 2082 1973 2109 2021; x_wconf 76' lang='lat' dir='ltr'>J</span> <span class='ocrx_word' id='word_1_293' title='bbox 2132 1988 2163 2024; x_wconf 94' lang='lat' dir='ltr'>o</span> <span class='ocrx_word' id='word_1_294' title='bbox 2181 1989 2267 2024; x_wconf 79' lang='lat' dir='ltr'>an</span> <span class='ocrx_word' id='word_1_295' title='bbox 2284 1990 2321 2024; x_wconf 90' lang='lat' dir='ltr'>n</span> <span class='ocrx_word' id='word_1_296' title='bbox 2340 1989 2411 2027; x_wconf 87' lang='lat' dir='ltr'>cs</span> <span class='ocrx_word' id='word_1_297' title='bbox 2439 1976 2508 2028; x_wconf 87' lang='lat' dir='ltr'>de</span> <span class='ocrx_word' id='word_1_298' title='bbox 2538 1975 2812 2030; x_wconf 85' lang='lat' dir='ltr'>Hesdinio</span> <span class='ocrx_word' id='word_1_299' title='bbox 2841 1995 2954 2032; x_wconf 89' lang='lat' dir='ltr'>non</span> 
     </span>
    </p>

    <p class='ocr_par' dir='ltr' id='par_1_7' title="bbox 412 2041 2953 2118">
     <span class='ocr_line' id='line_1_24' title="bbox 412 2041 2953 2118; baseline 0.003 -20"><span class='ocrx_word' id='word_1_300' title='bbox 412 2046 544 2115; x_wconf 85' lang='lat' dir='ltr'><strong>Pag.</strong></span> <span class='ocrx_word' id='word_1_301' title='bbox 573 2048 694 2100; x_wconf 82' lang='lat'><strong>386.</strong></span> <span class='ocrx_word' id='word_1_302' title='bbox 722 2043 804 2097; x_wconf 88' lang='lat' dir='ltr'>De</span> <span class='ocrx_word' id='word_1_303' title='bbox 819 2042 939 2096; x_wconf 87' lang='lat' dir='ltr'>Ulr.</span> <span class='ocrx_word' id='word_1_304' title='bbox 970 2042 1012 2095; x_wconf 84' lang='lat' dir='ltr'>E</span> <span class='ocrx_word' id='word_1_305' title='bbox 1030 2058 1163 2111; x_wconf 83' lang='lat' dir='ltr'>nge</span> <span class='ocrx_word' id='word_1_306' title='bbox 1183 2044 1198 2095; x_wconf 93' lang='lat' dir='ltr'>I</span> <span class='ocrx_word' id='word_1_307' title='bbox 1217 2041 1405 2095; x_wconf 84' lang='lat' dir='ltr'>berti</span> <span class='ocrx_word' id='word_1_308' title='bbox 1436 2041 1504 2095; x_wconf 90' lang='lat' dir='ltr'>de</span> <span class='ocrx_word' id='word_1_309' title='bbox 1524 2042 1622 2093; x_wconf 79' lang='lat' dir='ltr'>Ar·</span> <span class='ocrx_word' id='word_1_310' title='bbox 1676 2041 1911 2109; x_wconf 87' lang='lat' dir='ltr'>reliquit</span> <span class='ocrx_word' id='word_1_311' title='bbox 1936 2044 2340 2097; x_wconf 85' lang='lat' dir='ltr'>commentaria</span> <span class='ocrx_word' id='word_1_312' title='bbox 2364 2045 2423 2098; x_wconf 91' lang='lat' dir='ltr'>in</span> <span class='ocrx_word' id='word_1_313' title='bbox 2452 2063 2645 2100; x_wconf 88' lang='lat' dir='ltr'>omnes</span> <span class='ocrx_word' id='word_1_314' title='bbox 2674 2048 2837 2103; x_wconf 87' lang='lat' dir='ltr'>Pauli</span> <span class='ocrx_word' id='word_1_315' title='bbox 2863 2065 2953 2118; x_wconf 81' lang='lat' dir='ltr'>ap.</span> 
     </span>
    </p>

    <p class='ocr_par' dir='ltr' id='par_1_8' title="bbox 341 2112 2961 2827">
     <span class='ocr_line' id='line_1_25' title="bbox 382 2112 2956 2183; baseline 0.002 -14"><span class='ocrx_word' id='word_1_316' title='bbox 382 2118 578 2170; x_wconf 86' lang='lat' dir='ltr'>entina</span> <span class='ocrx_word' id='word_1_317' title='bbox 622 2117 690 2169; x_wconf 88' lang='lat' dir='ltr'><strong>cf.</strong></span> <span class='ocrx_word' id='word_1_318' title='bbox 737 2116 808 2168; x_wconf 90' lang='lat' dir='ltr'>M.</span> <span class='ocrx_word' id='word_1_319' title='bbox 836 2115 1166 2170; x_wconf 83' lang='lat' dir='ltr'>Grabmann</span> <span class='ocrx_word' id='word_1_320' title='bbox 1209 2114 1269 2166; x_wconf 91' lang='lat' dir='ltr'>in</span> <span class='ocrx_word' id='word_1_321' title='bbox 1315 2130 1417 2165; x_wconf 81' lang='lat' dir='ltr'>sua</span> <span class='ocrx_word' id='word_1_322' title='bbox 1457 2112 1623 2166; x_wconf 83' lang='lat' dir='ltr'>docta</span> <span class='ocrx_word' id='word_1_323' title='bbox 1678 2112 1967 2183; x_wconf 79' lang='lat' dir='ltr'>epistolas,</span> <span class='ocrx_word' id='word_1_324' title='bbox 2007 2114 2104 2167; x_wconf 88' lang='lat' dir='ltr'>sed</span> <span class='ocrx_word' id='word_1_325' title='bbox 2146 2117 2372 2169; x_wconf 82' lang='lat' dir='ltr'>tantum</span> <span class='ocrx_word' id='word_1_326' title='bbox 2400 2120 2868 2174; x_wconf 83' lang='lat' dir='ltr'>commentarium</span> <span class='ocrx_word' id='word_1_327' title='bbox 2894 2124 2956 2174; x_wconf 88' lang='lat' dir='ltr'>in</span> 
     </span>
     <span class='ocr_line' id='line_1_26' title="bbox 341 2136 2955 2255; baseline 0.002 -15"><span class='ocrx_word' id='word_1_328' title='bbox 341 2136 472 2240; x_wconf 59' lang='lat' dir='ltr'>{isa</span> <span class='ocrx_word' id='word_1_329' title='bbox 503 2188 744 2240; x_wconf 75' lang='lat' dir='ltr'>Studien</span> <span class='ocrx_word' id='word_1_330' title='bbox 772 2188 910 2240; x_wconf 77' lang='lat' dir='ltr'>fiber</span> <span class='ocrx_word' id='word_1_331' title='bbox 938 2185 1054 2237; x_wconf 88' lang='lat' dir='ltr'>Ulr.</span> <span class='ocrx_word' id='word_1_332' title='bbox 1085 2201 1195 2237; x_wconf 84' lang='lat' dir='ltr'>von</span> <span class='ocrx_word' id='word_1_333' title='bbox 1224 2184 1536 2253; x_wconf 74' lang='lat' dir='ltr'>StraI&#39;burg</span> <span class='ocrx_word' id='word_1_334' title='bbox 1560 2183 1620 2236; x_wconf 92' lang='lat' dir='ltr'>in</span> <span class='ocrx_word' id='word_1_335' title='bbox 1678 2201 1765 2253; x_wconf 87' lang='lat' dir='ltr'>ep.</span> <span class='ocrx_word' id='word_1_336' title='bbox 1818 2184 1888 2237; x_wconf 84' lang='lat' dir='ltr'>ad</span> <span class='ocrx_word' id='word_1_337' title='bbox 1941 2185 2153 2248; x_wconf 83' lang='lat' dir='ltr'>Titum,</span> <span class='ocrx_word' id='word_1_338' title='bbox 2205 2188 2488 2255; x_wconf 82' lang='lat' dir='ltr'>prolixum·</span> <span class='ocrx_word' id='word_1_339' title='bbox 2533 2190 2857 2255; x_wconf 77' lang='lat' dir='ltr'>admodum,</span> <span class='ocrx_word' id='word_1_340' title='bbox 2896 2191 2955 2247; x_wconf 91' lang='lat' dir='ltr'>in</span> 
     </span>
     <span class='ocr_line' id='line_1_27' title="bbox 342 2256 2957 2329; baseline 0.002 -17"><span class='ocrx_word' id='word_1_341' title='bbox 342 2259 605 2312; x_wconf 89' lang='lat' dir='ltr'>Zeitschr.</span> <span class='ocrx_word' id='word_1_342' title='bbox 635 2260 673 2310; x_wconf 75' lang='lat'>1.</span> <span class='ocrx_word' id='word_1_343' title='bbox 702 2258 753 2309; x_wconf 24' lang='lat' dir='ltr'>k.</span> <span class='ocrx_word' id='word_1_344' title='bbox 783 2256 978 2309; x_wconf 86' lang='lat' dir='ltr'>Theol.</span> <span class='ocrx_word' id='word_1_345' title='bbox 997 2256 1174 2309; x_wconf 87' lang='lat' dir='ltr'>XXIX</span> <span class='ocrx_word' id='word_1_346' title='bbox 1193 2259 1388 2327; x_wconf 83' lang='grc'><strong>(1905),</strong></span> <span class='ocrx_word' id='word_1_347' title='bbox 1406 2260 1620 2315; x_wconf 76' lang='grc'><strong>82·107;</strong></span> <span class='ocrx_word' id='word_1_348' title='bbox 1678 2273 1845 2323; x_wconf 86' lang='lat' dir='ltr'>quem</span> <span class='ocrx_word' id='word_1_349' title='bbox 1878 2257 2200 2310; x_wconf 75' lang='lat' dir='ltr'>universam</span> <span class='ocrx_word' id='word_1_350' title='bbox 2229 2258 2344 2312; x_wconf 86' lang='lat' dir='ltr'>fere</span> <span class='ocrx_word' id='word_1_351' title='bbox 2371 2259 2733 2329; x_wconf 71' lang='lat' dir='ltr'>theologiam,</span> <span class='ocrx_word' id='word_1_352' title='bbox 2782 2280 2957 2317; x_wconf 88' lang='lat' dir='ltr'>mora-</span> 
     </span>
     <span class='ocr_line' id='line_1_28' title="bbox 341 2327 2955 2402; baseline 0 -16"><span class='ocrx_word' id='word_1_353' title='bbox 341 2334 652 2386; x_wconf 52' lang='lat' dir='ltr'>315u331:</span> <span class='ocrx_word' id='word_1_354' title='bbox 679 2332 785 2384; x_wconf 82' lang='lat'>482</span> <span class='ocrx_word' id='word_1_355' title='bbox 806 2331 978 2384; x_wconf 84' lang='grc'><strong>-500,</strong></span> <span class='ocrx_word' id='word_1_356' title='bbox 1004 2327 1194 2396; x_wconf 84' lang='lat' dir='ltr'>Negat</span> <span class='ocrx_word' id='word_1_357' title='bbox 1212 2344 1340 2380; x_wconf 89' lang='lat' dir='ltr'>eum</span> <span class='ocrx_word' id='word_1_358' title='bbox 1359 2343 1478 2381; x_wconf 87' lang='lat' dir='ltr'>esse</span> <span class='ocrx_word' id='word_1_359' title='bbox 1495 2343 1622 2380; x_wconf 85' lang='lat' dir='ltr'>auc·</span> <span class='ocrx_word' id='word_1_360' title='bbox 1678 2327 1791 2380; x_wconf 87' lang='lat' dir='ltr'>lem</span> <span class='ocrx_word' id='word_1_361' title='bbox 1815 2329 2163 2398; x_wconf 77' lang='lat' dir='ltr'>praesertim,</span> <span class='ocrx_word' id='word_1_362' title='bbox 2190 2330 2430 2400; x_wconf 84' lang='lat' dir='ltr'>recepit:</span> <span class='ocrx_word' id='word_1_363' title='bbox 2459 2332 2761 2402; x_wconf 81' lang='lat' dir='ltr'>theologus</span> <span class='ocrx_word' id='word_1_364' title='bbox 2803 2334 2955 2388; x_wconf 84' lang='lat' dir='ltr'>enim</span> 
     </span>
     <span class='ocr_line' id='line_1_29' title="bbox 342 2398 2954 2475; baseline 0.002 -21"><span class='ocrx_word' id='word_1_365' title='bbox 342 2404 519 2455; x_wconf 86' lang='lat' dir='ltr'>torem</span> <span class='ocrx_word' id='word_1_366' title='bbox 568 2399 805 2454; x_wconf 89' lang='lat' dir='ltr'>celebris</span> <span class='ocrx_word' id='word_1_367' title='bbox 861 2403 1153 2467; x_wconf 71' lang='lat' dir='ltr'>compendit·</span> <span class='ocrx_word' id='word_1_368' title='bbox 1200 2402 1481 2468; x_wconf 69' lang='lat' dir='ltr'>theoloytae</span> <span class='ocrx_word' id='word_1_369' title='bbox 1533 2398 1622 2461; x_wconf 87' lang='lat' dir='ltr'>(de</span> <span class='ocrx_word' id='word_1_370' title='bbox 1678 2402 1803 2451; x_wconf 85' lang='lat' dir='ltr'>erat</span> <span class='ocrx_word' id='word_1_371' title='bbox 1845 2415 1974 2453; x_wconf 85' lang='lat' dir='ltr'>vere</span> <span class='ocrx_word' id='word_1_372' title='bbox 2018 2399 2293 2455; x_wconf 88' lang='lat' dir='ltr'>eruditus.</span> <span class='ocrx_word' id='word_1_373' title='bbox 2346 2404 2428 2456; x_wconf 78' lang='lat' dir='ltr'>Cf.</span> <span class='ocrx_word' id='word_1_374' title='bbox 2472 2404 2687 2458; x_wconf 83' lang='lat' dir='ltr'>Denifle</span> <span class='ocrx_word' id='word_1_375' title='bbox 2728 2420 2815 2475; x_wconf 87' lang='lat' dir='ltr'>op.</span> <span class='ocrx_word' id='word_1_376' title='bbox 2860 2406 2954 2464; x_wconf 76' lang='lat' dir='ltr'>cit,</span> 
     </span>
     <span class='ocr_line' id='line_1_30' title="bbox 342 2469 2960 2548; baseline 0.002 -22"><span class='ocrx_word' id='word_1_377' title='bbox 342 2490 457 2542; x_wconf 90' lang='lat' dir='ltr'>quo</span> <span class='ocrx_word' id='word_1_378' title='bbox 501 2472 572 2526; x_wconf 86' lang='lat' dir='ltr'><strong>cf.</strong></span> <span class='ocrx_word' id='word_1_379' title='bbox 619 2489 791 2541; x_wconf 83' lang='lat' dir='ltr'>supra</span> <span class='ocrx_word' id='word_1_380' title='bbox 820 2488 951 2541; x_wconf 83' lang='lat' dir='ltr'>pag.</span> <span class='ocrx_word' id='word_1_381' title='bbox 991 2474 1135 2541; x_wconf 72' lang='lat'><strong>383).</strong></span> <span class='ocrx_word' id='word_1_382' title='bbox 1177 2469 1329 2538; x_wconf 92' lang='lat' dir='ltr'>quod</span> <span class='ocrx_word' id='word_1_383' title='bbox 1375 2469 1623 2523; x_wconf 83' lang='lat' dir='ltr'>maxima</span> <span class='ocrx_word' id='word_1_384' title='bbox 1679 2488 1732 2539; x_wconf 89' lang='lat' dir='ltr'><strong>p.</strong></span> <span class='ocrx_word' id='word_1_385' title='bbox 1760 2476 2060 2535; x_wconf 74' lang='lat' dir='ltr'>204—22Q</span> <span class='ocrx_word' id='word_1_386' title='bbox 2089 2473 2190 2539; x_wconf 90' lang='lat' dir='ltr'>qui</span> <span class='ocrx_word' id='word_1_387' title='bbox 2216 2489 2283 2526; x_wconf 84' lang='lat' dir='ltr'>ex</span> <span class='ocrx_word' id='word_1_388' title='bbox 2311 2490 2375 2527; x_wconf 91' lang='lat' dir='ltr'>eo</span> <span class='ocrx_word' id='word_1_389' title='bbox 2403 2475 2569 2543; x_wconf 88' lang='lat' dir='ltr'>plura</span> <span class='ocrx_word' id='word_1_390' title='bbox 2588 2477 2824 2530; x_wconf 84' lang='lat' dir='ltr'>adducit</span> <span class='ocrx_word' id='word_1_391' title='bbox 2841 2494 2960 2548; x_wconf 83' lang='lat' dir='ltr'>seg·</span> 
     </span>
     <span class='ocr_line' id='line_1_31' title="bbox 342 2542 2523 2616; baseline -0.002 -18"><span class='ocrx_word' id='word_1_392' title='bbox 342 2562 469 2599; x_wconf 89' lang='lat' dir='ltr'>cum</span> <span class='ocrx_word' id='word_1_393' title='bbox 499 2543 920 2616; x_wconf 83' lang='lat' dir='ltr'>probabilitate,</span> <span class='ocrx_word' id='word_1_394' title='bbox 946 2542 1061 2595; x_wconf 89' lang='lat' dir='ltr'>imo</span> <span class='ocrx_word' id='word_1_395' title='bbox 1088 2545 1238 2596; x_wconf 85' lang='lat' dir='ltr'>certo</span> <span class='ocrx_word' id='word_1_396' title='bbox 1261 2542 1520 2612; x_wconf 86' lang='lat' dir='ltr'>Hugonis</span> <span class='ocrx_word' id='word_1_397' title='bbox 1539 2560 1622 2595; x_wconf 84' lang='lat' dir='ltr'>ar·</span> <span class='ocrx_word' id='word_1_398' title='bbox 1679 2545 1886 2595; x_wconf 83' lang='lat' dir='ltr'>menta.</span> <span class='ocrx_word' id='word_1_399' title='bbox 2234 2559 2239 2566; x_wconf 92' lang='lat'><strong>·</strong></span> <span class='ocrx_word' id='word_1_400' title='bbox 2520 2566 2523 2569; x_wconf 97' lang='lat'>·</span> 
     </span>
     <span class='ocr_line' id='line_1_32' title="bbox 341 2613 2961 2687; baseline 0.001 -16"><span class='ocrx_word' id='word_1_401' title='bbox 341 2615 756 2687; x_wconf 84' lang='lat' dir='ltr'>gentoratensis</span> <span class='ocrx_word' id='word_1_402' title='bbox 783 2630 902 2668; x_wconf 86' lang='lat' dir='ltr'>esse</span> <span class='ocrx_word' id='word_1_403' title='bbox 928 2617 1133 2668; x_wconf 90' lang='lat' dir='ltr'>censet.</span> <span class='ocrx_word' id='word_1_404' title='bbox 1175 2613 1311 2685; x_wconf 84' lang='lat' dir='ltr'><strong>Pag.</strong></span> <span class='ocrx_word' id='word_1_405' title='bbox 1339 2618 1621 2670; x_wconf 72' lang='lat'>485--492</span> <span class='ocrx_word' id='word_1_406' title='bbox 1751 2613 1884 2684; x_wconf 86' lang='lat' dir='ltr'>Pag.</span> <span class='ocrx_word' id='word_1_407' title='bbox 1913 2617 2034 2671; x_wconf 87' lang='grc'><strong>690.</strong></span> <span class='ocrx_word' id='word_1_408' title='bbox 2087 2614 2305 2669; x_wconf 80' lang='lat' dir='ltr'>Gustav</span> <span class='ocrx_word' id='word_1_409' title='bbox 2351 2617 2755 2672; x_wconf 79' lang='lat' dir='ltr'>Sommerfeldt</span> <span class='ocrx_word' id='word_1_410' title='bbox 2781 2620 2961 2673; x_wconf 86' lang='lat' dir='ltr'>edidit</span> 
     </span>
     <span class='ocr_line' id='line_1_33' title="bbox 341 2685 2958 2761; baseline 0.002 -19"><span class='ocrx_word' id='word_1_411' title='bbox 341 2691 707 2759; x_wconf 89' lang='lat' dir='ltr'>conspectum</span> <span class='ocrx_word' id='word_1_412' title='bbox 754 2686 986 2741; x_wconf 85' lang='lat' dir='ltr'>exhibet</span> <span class='ocrx_word' id='word_1_413' title='bbox 1031 2690 1279 2741; x_wconf 81' lang='lat' dir='ltr'>Summae</span> <span class='ocrx_word' id='word_1_414' title='bbox 1339 2690 1625 2754; x_wconf 66' lang='lat' dir='ltr'>theolcyiaa</span> <span class='ocrx_word' id='word_1_415' title='bbox 1680 2685 1741 2739; x_wconf 89' lang='lat' dir='ltr'>iu</span> <span class='ocrx_word' id='word_1_416' title='bbox 1768 2686 1984 2740; x_wconf 90' lang='lat' dir='ltr'>Ztschr.·</span> <span class='ocrx_word' id='word_1_417' title='bbox 2011 2688 2045 2740; x_wconf 84' lang='lat' dir='ltr'>f.</span> <span class='ocrx_word' id='word_1_418' title='bbox 2075 2685 2128 2740; x_wconf 92' lang='lat' dir='ltr'>k.</span> <span class='ocrx_word' id='word_1_419' title='bbox 2159 2688 2356 2744; x_wconf 75' lang='lat' dir='ltr'>&#39;I&#39;heoL</span> <span class='ocrx_word' id='word_1_420' title='bbox 2385 2690 2562 2743; x_wconf 85' lang='lat' dir='ltr'>XXIV</span> <span class='ocrx_word' id='word_1_421' title='bbox 2591 2695 2789 2761; x_wconf 89' lang='grc'><strong>(1905),</strong></span> <span class='ocrx_word' id='word_1_422' title='bbox 2833 2698 2958 2749; x_wconf 76' lang='lat'>404-</span> 
     </span>
     <span class='ocr_line' id='line_1_34' title="bbox 343 2756 2958 2827; baseline 0.002 -13"><span class='ocrx_word' id='word_1_423' title='bbox 343 2762 618 2815; x_wconf 83' lang='lat' dir='ltr'>hactenus</span> <span class='ocrx_word' id='word_1_424' title='bbox 657 2758 923 2818; x_wconf 83' lang='lat' dir='ltr'>ineditae.</span> <span class='ocrx_word' id='word_1_425' title='bbox 965 2776 1091 2811; x_wconf 78' lang='lat' dir='ltr'>mox</span> <span class='ocrx_word' id='word_1_426' title='bbox 1133 2760 1325 2812; x_wconf 82' lang='lat' dir='ltr'>tamen</span> <span class='ocrx_word' id='word_1_427' title='bbox 1353 2757 1622 2812; x_wconf 83' lang='lat' dir='ltr'>edendae.</span> <span class='ocrx_word' id='word_1_428' title='bbox 1676 2763 1781 2813; x_wconf 78' lang='lat'>412</span> <span class='ocrx_word' id='word_1_429' title='bbox 1809 2756 2109 2827; x_wconf 84' lang='lat' dir='ltr'>epistolam</span> <span class='ocrx_word' id='word_1_430' title='bbox 2138 2759 2412 2814; x_wconf 81' lang='lat' dir='ltr'>hactenus</span> <span class='ocrx_word' id='word_1_431' title='bbox 2437 2761 2711 2816; x_wconf 84' lang='lat' dir='ltr'>ineditam</span> <span class='ocrx_word' id='word_1_432' title='bbox 2734 2764 2958 2817; x_wconf 84' lang='lat' dir='ltr'>Henrici</span> 
     </span>
    </p>

    <p class='ocr_par' dir='ltr' id='par_1_9' title="bbox 340 2829 2985 3186">
     <span class='ocr_line' id='line_1_35' title="bbox 412 2829 2920 2902; baseline 0.002 -18"><span class='ocrx_word' id='word_1_433' title='bbox 412 2833 542 2901; x_wconf 83' lang='lat' dir='ltr'>Pag.</span> <span class='ocrx_word' id='word_1_434' title='bbox 596 2837 718 2888; x_wconf 77' lang='lat'><strong>416.</strong></span> <span class='ocrx_word' id='word_1_435' title='bbox 763 2832 960 2885; x_wconf 86' lang='lat' dir='ltr'>annot.</span> <span class='ocrx_word' id='word_1_436' title='bbox 1012 2836 1060 2886; x_wconf 90' lang='lat'>1.</span> <span class='ocrx_word' id='word_1_437' title='bbox 1110 2829 1326 2883; x_wconf 85' lang='lat' dir='ltr'>mentio</span> <span class='ocrx_word' id='word_1_438' title='bbox 1378 2830 1624 2884; x_wconf 73' lang='lat' dir='ltr'>occurrit</span> <span class='ocrx_word' id='word_1_439' title='bbox 1677 2829 1748 2881; x_wconf 89' lang='lat' dir='ltr'>de</span> <span class='ocrx_word' id='word_1_440' title='bbox 1776 2829 1867 2882; x_wconf 88' lang='lat' dir='ltr'>La</span> <span class='ocrx_word' id='word_1_441' title='bbox 1886 2849 1918 2882; x_wconf 89' lang='lat' dir='ltr'>u</span> <span class='ocrx_word' id='word_1_442' title='bbox 1938 2832 2235 2898; x_wconf 84' lang='lat' dir='ltr'>genstei</span> <span class='ocrx_word' id='word_1_443' title='bbox 2255 2851 2289 2883; x_wconf 91' lang='lat' dir='ltr'>n</span> <span class='ocrx_word' id='word_1_444' title='bbox 2318 2836 2381 2886; x_wconf 75' lang='lat' dir='ltr'>de</span> <span class='ocrx_word' id='word_1_445' title='bbox 2403 2843 2699 2902; x_wconf 71' lang='lat' dir='ltr'>contemptu</span> <span class='ocrx_word' id='word_1_446' title='bbox 2720 2839 2920 2889; x_wconf 72' lang='lat' dir='ltr'>mundi.</span> 
     </span>
     <span class='ocr_line' id='line_1_36' title="bbox 341 2901 2956 2975; baseline 0.003 -21"><span class='ocrx_word' id='word_1_447' title='bbox 341 2909 384 2958; x_wconf 72' lang='grc' dir='ltr'>(ζ)</span> <span class='ocrx_word' id='word_1_448' title='bbox 403 2904 486 2957; x_wconf 89' lang='lat' dir='ltr'>do</span> <span class='ocrx_word' id='word_1_449' title='bbox 507 2904 618 2958; x_wconf 88' lang='lat' dir='ltr'>nis</span> <span class='ocrx_word' id='word_1_450' title='bbox 682 2903 849 2965; x_wconf 86' lang='lat' dir='ltr'>Galli,</span> <span class='ocrx_word' id='word_1_451' title='bbox 941 2919 1110 2970; x_wconf 87' lang='lat' dir='ltr'>quem</span> <span class='ocrx_word' id='word_1_452' title='bbox 1176 2902 1409 2970; x_wconf 83' lang='lat' dir='ltr'>quidam</span> <span class='ocrx_word' id='word_1_453' title='bbox 1472 2901 1622 2955; x_wconf 90' lang='lat' dir='ltr'>inter</span> <span class='ocrx_word' id='word_1_454' title='bbox 1750 2901 1885 2971; x_wconf 80' lang='lat' dir='ltr'><strong>Pag.</strong></span> <span class='ocrx_word' id='word_1_455' title='bbox 1916 2907 2036 2958; x_wconf 76' lang='lat'><strong>722.</strong></span> <span class='ocrx_word' id='word_1_456' title='bbox 2067 2901 2146 2955; x_wconf 93' lang='lat' dir='ltr'>De</span> <span class='ocrx_word' id='word_1_457' title='bbox 2174 2903 2380 2957; x_wconf 79' lang='lat' dir='ltr'>celebri</span> <span class='ocrx_word' id='word_1_458' title='bbox 2408 2906 2587 2958; x_wconf 82' lang='lat' dir='ltr'>amico</span> <span class='ocrx_word' id='word_1_459' title='bbox 2617 2907 2717 2959; x_wconf 92' lang='lat' dir='ltr'>Dei</span> <span class='ocrx_word' id='word_1_460' title='bbox 2744 2923 2956 2975; x_wconf 84' lang='lat' dir='ltr'>anony-</span> 
     </span>
     <span class='ocr_line' id='line_1_37' title="bbox 340 2972 2959 3045; baseline 0 -15"><span class='ocrx_word' id='word_1_461' title='bbox 340 2977 642 3044; x_wconf 88' lang='lat' dir='ltr'>scriptores</span> <span class='ocrx_word' id='word_1_462' title='bbox 669 2977 728 3030; x_wconf 86' lang='lat' dir='ltr'>O.</span> <span class='ocrx_word' id='word_1_463' title='bbox 759 2975 954 3028; x_wconf 80' lang='lat' dir='ltr'>Praed.</span> <span class='ocrx_word' id='word_1_464' title='bbox 981 2975 1252 3030; x_wconf 85' lang='lat' dir='ltr'>referunt.</span> <span class='ocrx_word' id='word_1_465' title='bbox 1281 2973 1492 3026; x_wconf 88' lang='lat' dir='ltr'>Verum</span> <span class='ocrx_word' id='word_1_466' title='bbox 1520 2972 1620 3026; x_wconf 85' lang='lat' dir='ltr'>De·</span> <span class='ocrx_word' id='word_1_467' title='bbox 1677 2988 1789 3036; x_wconf 86' lang='grc' dir='ltr'>ιιιο,</span> <span class='ocrx_word' id='word_1_468' title='bbox 1816 2990 1988 3040; x_wconf 89' lang='lat' dir='ltr'>quem</span> <span class='ocrx_word' id='word_1_469' title='bbox 2028 2991 2157 3028; x_wconf 80' lang='lat' dir='ltr'>cuni</span> <span class='ocrx_word' id='word_1_470' title='bbox 2188 2975 2402 3028; x_wconf 87' lang='lat' dir='ltr'>Denifle</span> <span class='ocrx_word' id='word_1_471' title='bbox 2442 2993 2741 3045; x_wconf 83' lang='lat' dir='ltr'>personam</span> <span class='ocrx_word' id='word_1_472' title='bbox 2771 2979 2959 3033; x_wconf 83' lang='lat' dir='ltr'>fictam</span> 
     </span>
     <span class='ocr_line' id='line_1_38' title="bbox 343 3044 2959 3116; baseline 0.002 -18"><span class='ocrx_word' id='word_1_473' title='bbox 343 3047 472 3098; x_wconf 89' lang='lat' dir='ltr'>nifle</span> <span class='ocrx_word' id='word_1_474' title='bbox 500 3063 591 3115; x_wconf 90' lang='lat' dir='ltr'>op.</span> <span class='ocrx_word' id='word_1_475' title='bbox 622 3064 794 3114; x_wconf 82' lang='lat' dir='ltr'>supra</span> <span class='ocrx_word' id='word_1_476' title='bbox 821 3047 914 3098; x_wconf 86' lang='lat' dir='ltr'>cit.</span> <span class='ocrx_word' id='word_1_477' title='bbox 944 3063 997 3113; x_wconf 88' lang='lat' dir='ltr'>p.</span> <span class='ocrx_word' id='word_1_478' title='bbox 1028 3051 1130 3101; x_wconf 73' lang='lat'>118</span> <span class='ocrx_word' id='word_1_479' title='bbox 1157 3062 1283 3099; x_wconf 84' lang='lat' dir='ltr'>eum</span> <span class='ocrx_word' id='word_1_480' title='bbox 1306 3061 1370 3097; x_wconf 83' lang='lat' dir='ltr'>ex</span> <span class='ocrx_word' id='word_1_481' title='bbox 1391 3044 1622 3114; x_wconf 87' lang='lat' dir='ltr'>scripto·</span> <span class='ocrx_word' id='word_1_482' title='bbox 1679 3060 1796 3096; x_wconf 89' lang='lat' dir='ltr'>esse</span> <span class='ocrx_word' id='word_1_483' title='bbox 1823 3045 2088 3098; x_wconf 82' lang='lat' dir='ltr'>diximus.</span> <span class='ocrx_word' id='word_1_484' title='bbox 2134 3047 2204 3100; x_wconf 83' lang='lat' dir='ltr'><strong>cf.</strong></span> <span class='ocrx_word' id='word_1_485' title='bbox 2232 3063 2377 3116; x_wconf 86' lang='lat' dir='ltr'>opus</span> <span class='ocrx_word' id='word_1_486' title='bbox 2403 3053 2657 3103; x_wconf 76' lang='lat' dir='ltr'>recenter</span> <span class='ocrx_word' id='word_1_487' title='bbox 2683 3050 2899 3105; x_wconf 85' lang='lat' dir='ltr'>editum</span> <span class='ocrx_word' id='word_1_488' title='bbox 2926 3067 2959 3102; x_wconf 80' lang='lat' dir='ltr'>a</span> 
     </span>
     <span class='ocr_line' id='line_1_39' title="bbox 340 3116 2985 3186; baseline 0.001 -16"><span class='ocrx_word' id='word_1_489' title='bbox 340 3135 468 3170; x_wconf 89' lang='lat' dir='ltr'>rum</span> <span class='ocrx_word' id='word_1_490' title='bbox 497 3118 670 3186; x_wconf 86' lang='lat' dir='ltr'>hujus</span> <span class='ocrx_word' id='word_1_491' title='bbox 698 3116 912 3168; x_wconf 81' lang='lat' dir='ltr'>ordinis</span> <span class='ocrx_word' id='word_1_492' title='bbox 938 3117 1067 3169; x_wconf 85' lang='lat' dir='ltr'>albo</span> <span class='ocrx_word' id='word_1_493' title='bbox 1088 3116 1395 3169; x_wconf 85' lang='lat' dir='ltr'>delendum</span> <span class='ocrx_word' id='word_1_494' title='bbox 1413 3120 1619 3170; x_wconf 85' lang='lat' dir='ltr'>censet.</span> <span class='ocrx_word' id='word_1_495' title='bbox 1679 3116 1803 3172; x_wconf 82' lang='lat' dir='ltr'>Car.</span> <span class='ocrx_word' id='word_1_496' title='bbox 1832 3116 2035 3169; x_wconf 84' lang='lat' dir='ltr'>Rieder</span> <span class='ocrx_word' id='word_1_497' title='bbox 2062 3117 2173 3170; x_wconf 90' lang='lat' dir='ltr'>Der</span> <span class='ocrx_word' id='word_1_498' title='bbox 2199 3121 2605 3174; x_wconf 79' lang='lat' dir='ltr'>Gottesfreund</span> <span class='ocrx_word' id='word_1_499' title='bbox 2633 3138 2763 3175; x_wconf 85' lang='lat' dir='ltr'>vom</span> <span class='ocrx_word' id='word_1_500' title='bbox 2791 3121 2957 3175; x_wconf 88' lang='lat' dir='ltr'>Ober-</span> <span class='ocrx_word' id='word_1_501' title='bbox 2982 3139 2985 3144; x_wconf 90' lang='lat'>·</span> 
     </span>
    </p>

    <p class='ocr_par' dir='ltr' id='par_1_10' title="bbox 340 3187 2960 3900">
     <span class='ocr_line' id='line_1_40' title="bbox 411 3187 2960 3262; baseline 0.002 -21"><span class='ocrx_word' id='word_1_502' title='bbox 411 3189 544 3258; x_wconf 87' lang='lat' dir='ltr'><strong>Pag.</strong></span> <span class='ocrx_word' id='word_1_503' title='bbox 570 3193 692 3245; x_wconf 80' lang='lat'><strong>492.</strong></span> <span class='ocrx_word' id='word_1_504' title='bbox 720 3187 993 3240; x_wconf 79' lang='lat' dir='ltr'>Matthaei</span> <span class='ocrx_word' id='word_1_505' title='bbox 1023 3188 1097 3239; x_wconf 86' lang='lat' dir='ltr'>ab</span> <span class='ocrx_word' id='word_1_506' title='bbox 1124 3189 1170 3239; x_wconf 90' lang='lat' dir='ltr'>A</span> <span class='ocrx_word' id='word_1_507' title='bbox 1189 3205 1226 3254; x_wconf 92' lang='lat' dir='ltr'>q</span> <span class='ocrx_word' id='word_1_508' title='bbox 1244 3203 1423 3255; x_wconf 84' lang='lat' dir='ltr'>uasp</span> <span class='ocrx_word' id='word_1_509' title='bbox 1441 3193 1622 3257; x_wconf 79' lang='lat' dir='ltr'>arta,</span> <span class='ocrx_word' id='word_1_510' title='bbox 1679 3187 1833 3242; x_wconf 87' lang='lat' dir='ltr'>land.</span> <span class='ocrx_word' id='word_1_511' title='bbox 1880 3187 2021 3241; x_wconf 80' lang='lat' dir='ltr'>Eine</span> <span class='ocrx_word' id='word_1_512' title='bbox 2068 3188 2345 3243; x_wconf 86' lang='lat' dir='ltr'>Erfindun</span> <span class='ocrx_word' id='word_1_513' title='bbox 2438 3191 2534 3245; x_wconf 82' lang='lat' dir='ltr'>des</span> <span class='ocrx_word' id='word_1_514' title='bbox 2587 3193 2960 3262; x_wconf 75' lang='lat' dir='ltr'>Stral&#39;bnrger</span> 
     </span>
     <span class='ocr_line' id='line_1_41' title="bbox 342 3257 2958 3329; baseline 0.002 -17"><span class='ocrx_word' id='word_1_515' title='bbox 342 3260 442 3329; x_wconf 89' lang='lat' dir='ltr'>qui</span> <span class='ocrx_word' id='word_1_516' title='bbox 472 3259 585 3313; x_wconf 87' lang='lat' dir='ltr'>fuit</span> <span class='ocrx_word' id='word_1_517' title='bbox 609 3275 760 3312; x_wconf 86' lang='lat' dir='ltr'>unus</span> <span class='ocrx_word' id='word_1_518' title='bbox 799 3274 866 3311; x_wconf 84' lang='lat' dir='ltr'>ex</span> <span class='ocrx_word' id='word_1_519' title='bbox 907 3258 1229 3327; x_wconf 81' lang='lat' dir='ltr'>praecipuis</span> <span class='ocrx_word' id='word_1_520' title='bbox 1255 3275 1297 3310; x_wconf 91' lang='lat' dir='ltr'><strong>s.</strong></span> <span class='ocrx_word' id='word_1_521' title='bbox 1331 3257 1620 3311; x_wconf 83' lang='lat' dir='ltr'>Bonaven-</span> <span class='ocrx_word' id='word_1_522' title='bbox 1676 3259 2258 3314; x_wconf 80' lang='lat' dir='ltr'>Johanniterbruders</span> <span class='ocrx_word' id='word_1_523' title='bbox 2288 3261 2356 3314; x_wconf 89' lang='lat' dir='ltr'>Ni</span> <span class='ocrx_word' id='word_1_524' title='bbox 2405 3262 2566 3316; x_wconf 86' lang='lat' dir='ltr'>olaus</span> <span class='ocrx_word' id='word_1_525' title='bbox 2596 3280 2701 3317; x_wconf 85' lang='lat' dir='ltr'>von</span> <span class='ocrx_word' id='word_1_526' title='bbox 2738 3264 2958 3325; x_wconf 72' lang='lat' dir='ltr'>Lowcn,</span> 
     </span>
     <span class='ocr_line' id='line_1_42' title="bbox 342 3329 2955 3401; baseline -0.002 -16"><span class='ocrx_word' id='word_1_527' title='bbox 342 3335 505 3386; x_wconf 86' lang='lat' dir='ltr'>turae</span> <span class='ocrx_word' id='word_1_528' title='bbox 530 3330 830 3401; x_wconf 86' lang='lat' dir='ltr'>discipulis</span> <span class='ocrx_word' id='word_1_529' title='bbox 855 3330 1070 3397; x_wconf 84' lang='lat' dir='ltr'>quique</span> <span class='ocrx_word' id='word_1_530' title='bbox 1111 3345 1245 3398; x_wconf 82' lang='lat' dir='ltr'>prae</span> <span class='ocrx_word' id='word_1_531' title='bbox 1272 3329 1472 3383; x_wconf 83' lang='lat' dir='ltr'>ceteris</span> <span class='ocrx_word' id='word_1_532' title='bbox 1499 3331 1622 3399; x_wconf 85' lang='lat' dir='ltr'>ejus</span> <span class='ocrx_word' id='word_1_533' title='bbox 1684 3331 1995 3384; x_wconf 70' lang='lat' dir='ltr'>Innsbruek</span> <span class='ocrx_word' id='word_1_534' title='bbox 2029 3332 2177 3387; x_wconf 76' lang='lat'>1905,</span> <span class='ocrx_word' id='word_1_535' title='bbox 2240 3332 2341 3385; x_wconf 65' lang='lat' dir='ltr'>Hic</span> <span class='ocrx_word' id='word_1_536' title='bbox 2371 3333 2642 3387; x_wconf 71' lang='lat' dir='ltr'>Nicolaus</span> <span class='ocrx_word' id='word_1_537' title='bbox 2681 3335 2955 3394; x_wconf 59' lang='lat' dir='ltr'>adhaesit,</span> 
     </span>
     <span class='ocr_line' id='line_1_43' title="bbox 341 3399 2957 3474; baseline 0.001 -18"><span class='ocrx_word' id='word_1_538' title='bbox 341 3403 668 3471; x_wconf 80' lang='lat' dir='ltr'>assequitur</span> <span class='ocrx_word' id='word_1_539' title='bbox 690 3401 1032 3456; x_wconf 87' lang='lat' dir='ltr'>sententiam</span> <span class='ocrx_word' id='word_1_540' title='bbox 1060 3405 1120 3454; x_wconf 86' lang='lat' dir='ltr'>et</span> <span class='ocrx_word' id='word_1_541' title='bbox 1143 3401 1427 3469; x_wconf 86' lang='lat' dir='ltr'>spiritum,</span> <span class='ocrx_word' id='word_1_542' title='bbox 1457 3405 1616 3469; x_wconf 75' lang='lat' dir='ltr'>Qum·-</span> <span class='ocrx_word' id='word_1_543' title='bbox 1679 3400 1968 3453; x_wconf 78' lang='lat' dir='ltr'>Rulmanu</span> <span class='ocrx_word' id='word_1_544' title='bbox 1997 3401 2294 3456; x_wconf 81' lang='lat' dir='ltr'>Merswino</span> <span class='ocrx_word' id='word_1_545' title='bbox 2324 3399 2729 3474; x_wconf 78' lang='lat' dir='ltr'>factusqueest</span> <span class='ocrx_word' id='word_1_546' title='bbox 2748 3405 2957 3459; x_wconf 71' lang='lat' dir='ltr'>sodalis</span> 
     </span>
     <span class='ocr_line' id='line_1_44' title="bbox 340 3472 2955 3546; baseline -0.001 -18"><span class='ocrx_word' id='word_1_547' title='bbox 340 3481 532 3530; x_wconf 72' lang='lat' dir='ltr'>stiones</span> <span class='ocrx_word' id='word_1_548' title='bbox 575 3484 624 3528; x_wconf 78' lang='lat' dir='ltr'>et</span> <span class='ocrx_word' id='word_1_549' title='bbox 672 3477 1051 3542; x_wconf 72' lang='lat' dir='ltr'>disputationes</span> <span class='ocrx_word' id='word_1_550' title='bbox 1093 3476 1304 3526; x_wconf 75' lang='lat' dir='ltr'>selectae</span> <span class='ocrx_word' id='word_1_551' title='bbox 1346 3473 1622 3526; x_wconf 81' lang='lat' dir='ltr'>hactenus</span> <span class='ocrx_word' id='word_1_552' title='bbox 1678 3473 1794 3527; x_wconf 89' lang='lat' dir='ltr'>ord.</span> <span class='ocrx_word' id='word_1_553' title='bbox 1824 3489 1863 3524; x_wconf 76' lang='lat' dir='ltr'>s,</span> <span class='ocrx_word' id='word_1_554' title='bbox 1888 3472 2125 3525; x_wconf 81' lang='lat' dir='ltr'>Joannis</span> <span class='ocrx_word' id='word_1_555' title='bbox 2151 3478 2333 3544; x_wconf 69' lang='lat'><strong>0371:</strong></span> <span class='ocrx_word' id='word_1_556' title='bbox 2362 3486 2388 3537; x_wconf 82' lang='lat'>†</span> <span class='ocrx_word' id='word_1_557' title='bbox 2409 3480 2458 3531; x_wconf 85' lang='lat'><strong>3.</strong></span> <span class='ocrx_word' id='word_1_558' title='bbox 2483 3478 2616 3546; x_wconf 85' lang='lat' dir='ltr'>Apr.</span> <span class='ocrx_word' id='word_1_559' title='bbox 2647 3481 2821 3540; x_wconf 78' lang='grc'><strong>1402),</strong></span> <span class='ocrx_word' id='word_1_560' title='bbox 2850 3478 2955 3532; x_wconf 81' lang='lat' dir='ltr'>Sed</span> 
     </span>
     <span class='ocr_line' id='line_1_45' title="bbox 341 3541 2957 3626; baseline -0 -27"><span class='ocrx_word' id='word_1_561' title='bbox 341 3543 590 3600; x_wconf 78' lang='lat' dir='ltr'>ineditae</span> <span class='ocrx_word' id='word_1_562' title='bbox 618 3546 845 3599; x_wconf 86' lang='lat' dir='ltr'>demum</span> <span class='ocrx_word' id='word_1_563' title='bbox 883 3544 1221 3614; x_wconf 88' lang='lat' dir='ltr'>prodierunt</span> <span class='ocrx_word' id='word_1_564' title='bbox 1245 3543 1512 3626; x_wconf 74' lang='lat' dir='ltr'>diligenti</span> <span class='ocrx_word' id='word_1_565' title='bbox 1540 3563 1621 3597; x_wconf 86' lang='lat' dir='ltr'>so·</span> <span class='ocrx_word' id='word_1_566' title='bbox 1676 3544 2177 3614; x_wconf 81' lang='lat' dir='ltr'>haechypothcsis‚</span> <span class='ocrx_word' id='word_1_567' title='bbox 2205 3563 2331 3598; x_wconf 80' lang='lat' dir='ltr'>euin</span> <span class='ocrx_word' id='word_1_568' title='bbox 2357 3541 2957 3618; x_wconf 65' lang='lat' dir='ltr'>esse-auctoremhujus</span> 
     </span>
     <span class='ocr_line' id='line_1_46' title="bbox 342 3615 2952 3687; baseline 0.001 -17"><span class='ocrx_word' id='word_1_569' title='bbox 342 3617 560 3671; x_wconf 80' lang='lat' dir='ltr'>dalium</span> <span class='ocrx_word' id='word_1_570' title='bbox 588 3633 724 3670; x_wconf 84' lang='lat' dir='ltr'>cura</span> <span class='ocrx_word' id='word_1_571' title='bbox 750 3616 1062 3681; x_wconf 84' lang='lat' dir='ltr'>Quaracchi</span> <span class='ocrx_word' id='word_1_572' title='bbox 1089 3621 1242 3673; x_wconf 82' lang='lat'><strong>1904.</strong></span> <span class='ocrx_word' id='word_1_573' title='bbox 1273 3618 1411 3679; x_wconf 72' lang='lat' dir='ltr'>Agit</span> <span class='ocrx_word' id='word_1_574' title='bbox 1428 3620 1619 3669; x_wconf 86' lang='lat' dir='ltr'>autem</span> <span class='ocrx_word' id='word_1_575' title='bbox 1677 3615 1926 3678; x_wconf 81' lang='lat' dir='ltr'>fabulae,</span> <span class='ocrx_word' id='word_1_576' title='bbox 1954 3633 2068 3667; x_wconf 87' lang='lat' dir='ltr'>non</span> <span class='ocrx_word' id='word_1_577' title='bbox 2096 3621 2180 3670; x_wconf 82' lang='lat' dir='ltr'>est</span> <span class='ocrx_word' id='word_1_578' title='bbox 2207 3617 2343 3670; x_wconf 77' lang='lat' dir='ltr'>satis</span> <span class='ocrx_word' id='word_1_579' title='bbox 2371 3620 2609 3687; x_wconf 81' lang='lat' dir='ltr'>probata</span> <span class='ocrx_word' id='word_1_580' title='bbox 2635 3622 2691 3671; x_wconf 78' lang='lat' dir='ltr'>et</span> <span class='ocrx_word' id='word_1_581' title='bbox 2717 3621 2952 3674; x_wconf 74' lang='lat' dir='ltr'>fundata</span> 
     </span>
     <span class='ocr_line' id='line_1_47' title="bbox 342 3686 2956 3758; baseline 0.001 -17"><span class='ocrx_word' id='word_1_582' title='bbox 342 3689 516 3742; x_wconf 85' lang='lat' dir='ltr'>solers</span> <span class='ocrx_word' id='word_1_583' title='bbox 541 3689 843 3758; x_wconf 86' lang='lat' dir='ltr'>theologus</span> <span class='ocrx_word' id='word_1_584' title='bbox 867 3688 926 3741; x_wconf 93' lang='lat' dir='ltr'>in</span> <span class='ocrx_word' id='word_1_585' title='bbox 954 3686 1025 3740; x_wconf 90' lang='lat' dir='ltr'>iis</span> <span class='ocrx_word' id='word_1_586' title='bbox 1074 3688 1145 3740; x_wconf 86' lang='lat' dir='ltr'>de</span> <span class='ocrx_word' id='word_1_587' title='bbox 1185 3687 1523 3741; x_wconf 83' lang='lat' dir='ltr'>excellentia</span> <span class='ocrx_word' id='word_1_588' title='bbox 1565 3690 1624 3740; x_wconf 92' lang='lat' dir='ltr'>et</span> <span class='ocrx_word' id='word_1_589' title='bbox 1677 3687 1983 3756; x_wconf 78' lang='lat' dir='ltr'>ipsumque</span> <span class='ocrx_word' id='word_1_590' title='bbox 2011 3704 2042 3738; x_wconf 90' lang='lat' dir='ltr'>o</span> <span class='ocrx_word' id='word_1_591' title='bbox 2062 3704 2154 3740; x_wconf 73' lang='lat' dir='ltr'>ius</span> <span class='ocrx_word' id='word_1_592' title='bbox 2185 3687 2409 3742; x_wconf 81' lang='lat' dir='ltr'>Ricderi</span> <span class='ocrx_word' id='word_1_593' title='bbox 2438 3690 2701 3744; x_wconf 88' lang='lat' dir='ltr'>nonnihil</span> <span class='ocrx_word' id='word_1_594' title='bbox 2728 3690 2956 3744; x_wconf 75' lang='lat' dir='ltr'>festina-</span> 
     </span>
     <span class='ocr_line' id='line_1_48' title="bbox 342 3758 2954 3830; baseline 0.002 -18"><span class='ocrx_word' id='word_1_595' title='bbox 342 3776 510 3813; x_wconf 89' lang='lat' dir='ltr'>sensu</span> <span class='ocrx_word' id='word_1_596' title='bbox 538 3780 579 3816; x_wconf 83' lang='lat' dir='ltr'>s.</span> <span class='ocrx_word' id='word_1_597' title='bbox 608 3761 955 3830; x_wconf 78' lang='lat' dir='ltr'>Scripturae‚</span> <span class='ocrx_word' id='word_1_598' title='bbox 1003 3776 1220 3812; x_wconf 88' lang='lat' dir='ltr'>necnon</span> <span class='ocrx_word' id='word_1_599' title='bbox 1250 3763 1308 3813; x_wconf 89' lang='lat' dir='ltr'>et</span> <span class='ocrx_word' id='word_1_600' title='bbox 1333 3758 1402 3813; x_wconf 91' lang='lat' dir='ltr'>de</span> <span class='ocrx_word' id='word_1_601' title='bbox 1431 3760 1539 3811; x_wconf 88' lang='lat' dir='ltr'>fide</span> <span class='ocrx_word' id='word_1_602' title='bbox 1567 3761 1624 3813; x_wconf 90' lang='lat' dir='ltr'>et</span> <span class='ocrx_word' id='word_1_603' title='bbox 1678 3761 1802 3811; x_wconf 89' lang='lat' dir='ltr'>tum</span> <span class='ocrx_word' id='word_1_604' title='bbox 1844 3761 1929 3811; x_wconf 79' lang='lat' dir='ltr'>est</span> <span class='ocrx_word' id='word_1_605' title='bbox 1960 3759 2029 3827; x_wconf 85' lang='lat' dir='ltr'>ju</span> <span class='ocrx_word' id='word_1_606' title='bbox 2074 3758 2157 3812; x_wconf 72' lang='lat' dir='ltr'>ico</span> <span class='ocrx_word' id='word_1_607' title='bbox 2185 3763 2250 3819; x_wconf 80' lang='lat' dir='ltr'>A,</span> <span class='ocrx_word' id='word_1_608' title='bbox 2281 3760 2339 3812; x_wconf 75' lang='grc' dir='ltr'>Ε.</span> <span class='ocrx_word' id='word_1_609' title='bbox 2369 3761 2732 3816; x_wconf 69' lang='lat' dir='ltr'>Schoenbach</span> <span class='ocrx_word' id='word_1_610' title='bbox 2761 3763 2821 3815; x_wconf 88' lang='lat' dir='ltr'>in</span> <span class='ocrx_word' id='word_1_611' title='bbox 2857 3764 2954 3817; x_wconf 73' lang='lat' dir='ltr'>hit.</span> 
     </span>
     <span class='ocr_line' id='line_1_49' title="bbox 341 3829 2508 3900; baseline -0.001 -14"><span class='ocrx_word' id='word_1_612' title='bbox 341 3832 667 3900; x_wconf 78' lang='lat' dir='ltr'>cognitione</span> <span class='ocrx_word' id='word_1_613' title='bbox 693 3833 963 3886; x_wconf 86' lang='lat' dir='ltr'>humana.</span> <span class='ocrx_word' id='word_1_614' title='bbox 1679 3829 1965 3884; x_wconf 84' lang='lat' dir='ltr'>Rundsch.</span> <span class='ocrx_word' id='word_1_615' title='bbox 1998 3835 2135 3887; x_wconf 84' lang='lat'>1905</span> <span class='ocrx_word' id='word_1_616' title='bbox 2164 3849 2217 3900; x_wconf 80' lang='lat'>1»,</span> <span class='ocrx_word' id='word_1_617' title='bbox 2252 3838 2347 3889; x_wconf 82' lang='grc'>167</span> <span class='ocrx_word' id='word_1_618' title='bbox 2365 3838 2508 3888; x_wconf 73' lang='grc'><strong>-72,</strong></span> 
     </span>
    </p>

    <p class='ocr_par' dir='ltr' id='par_1_11' title="bbox 342 3902 2957 4262">
     <span class='ocr_line' id='line_1_50' title="bbox 414 3902 2956 3974; baseline 0 -18"><span class='ocrx_word' id='word_1_619' title='bbox 414 3904 550 3974; x_wconf 82' lang='lat' dir='ltr'><strong>Pag.</strong></span> <span class='ocrx_word' id='word_1_620' title='bbox 601 3909 757 3961; x_wconf 80' lang='lat' dir='ltr'><strong>557a.</strong></span> <span class='ocrx_word' id='word_1_621' title='bbox 825 3907 1180 3970; x_wconf 64' lang='lat' dir='ltr'>Mamm-itam</span> <span class='ocrx_word' id='word_1_622' title='bbox 1247 3903 1294 3956; x_wconf 76' lang='lat' dir='ltr'>G</span> <span class='ocrx_word' id='word_1_623' title='bbox 1312 3920 1347 3954; x_wconf 89' lang='lat' dir='ltr'>u</span> <span class='ocrx_word' id='word_1_624' title='bbox 1367 3903 1436 3955; x_wconf 92' lang='lat' dir='ltr'>id</span> <span class='ocrx_word' id='word_1_625' title='bbox 1456 3921 1488 3957; x_wconf 96' lang='lat' dir='ltr'>o</span> <span class='ocrx_word' id='word_1_626' title='bbox 1507 3903 1623 3956; x_wconf 88' lang='lat' dir='ltr'>nis</span> <span class='ocrx_word' id='word_1_627' title='bbox 1749 3902 1883 3972; x_wconf 83' lang='lat' dir='ltr'><strong>Pag.</strong></span> <span class='ocrx_word' id='word_1_628' title='bbox 1912 3906 2032 3957; x_wconf 82' lang='lat'><strong>747.</strong></span> <span class='ocrx_word' id='word_1_629' title='bbox 2084 3902 2421 3972; x_wconf 85' lang='lat' dir='ltr'>Scripsimus</span> <span class='ocrx_word' id='word_1_630' title='bbox 2463 3904 2521 3957; x_wconf 86' lang='lat' dir='ltr'>in</span> <span class='ocrx_word' id='word_1_631' title='bbox 2567 3908 2761 3959; x_wconf 73' lang='lat' dir='ltr'>annot.</span> <span class='ocrx_word' id='word_1_632' title='bbox 2792 3906 2845 3956; x_wconf 82' lang='lat' dir='ltr'>M</span> <span class='ocrx_word' id='word_1_633' title='bbox 2863 3922 2895 3958; x_wconf 88' lang='lat' dir='ltr'>a</span> <span class='ocrx_word' id='word_1_634' title='bbox 2913 3910 2956 3957; x_wconf 87' lang='lat' dir='ltr'>t·</span> 
     </span>
     <span class='ocr_line' id='line_1_51' title="bbox 342 3972 2954 4044; baseline 0.001 -17"><span class='ocrx_word' id='word_1_635' title='bbox 342 3976 692 4030; x_wconf 85' lang='lat' dir='ltr'>ferrariensis</span> <span class='ocrx_word' id='word_1_636' title='bbox 731 3973 1053 4029; x_wconf 82' lang='lat' dir='ltr'>accuratius</span> <span class='ocrx_word' id='word_1_637' title='bbox 1093 3974 1364 4028; x_wconf 83' lang='lat' dir='ltr'>describit</span> <span class='ocrx_word' id='word_1_638' title='bbox 1390 3973 1448 4031; x_wconf 83' lang='lat' dir='ltr'>F.</span> <span class='ocrx_word' id='word_1_639' title='bbox 1478 3974 1622 4027; x_wconf 85' lang='lat' dir='ltr'>Falk</span> <span class='ocrx_word' id='word_1_640' title='bbox 1678 3972 1910 4027; x_wconf 86' lang='lat' dir='ltr'>thiam</span> <span class='ocrx_word' id='word_1_641' title='bbox 1953 3972 2022 4027; x_wconf 87' lang='lat' dir='ltr'>de</span> <span class='ocrx_word' id='word_1_642' title='bbox 2051 3972 2305 4041; x_wconf 79' lang='lat' dir='ltr'>Liegnitz</span> <span class='ocrx_word' id='word_1_643' title='bbox 2346 3975 2639 4044; x_wconf 74' lang='lat' dir='ltr'>reliquisse</span> <span class='ocrx_word' id='word_1_644' title='bbox 2680 3993 2954 4030; x_wconf 75' lang='lat' dir='ltr'>commen-</span> 
     </span>
     <span class='ocr_line' id='line_1_52' title="bbox 343 4045 2957 4116; baseline 0.002 -18"><span class='ocrx_word' id='word_1_645' title='bbox 343 4046 731 4101; x_wconf 85' lang='lat' dir='ltr'>Bibelstudien</span> <span class='ocrx_word' id='word_1_646' title='bbox 769 4047 827 4099; x_wconf 92' lang='lat' dir='ltr'>in</span> <span class='ocrx_word' id='word_1_647' title='bbox 857 4046 1060 4107; x_wconf 86' lang='lat' dir='ltr'>Mainz‚</span> <span class='ocrx_word' id='word_1_648' title='bbox 1112 4045 1296 4099; x_wconf 87' lang='lat' dir='ltr'>Mainz</span> <span class='ocrx_word' id='word_1_649' title='bbox 1325 4050 1459 4103; x_wconf 91' lang='grc'><strong>1901</strong></span> <span class='ocrx_word' id='word_1_650' title='bbox 1490 4061 1620 4116; x_wconf 81' lang='lat' dir='ltr'>pag.</span> <span class='ocrx_word' id='word_1_651' title='bbox 1679 4045 1825 4097; x_wconf 86' lang='lat' dir='ltr'>taria</span> <span class='ocrx_word' id='word_1_652' title='bbox 1871 4046 1930 4098; x_wconf 91' lang='lat' dir='ltr'>in</span> <span class='ocrx_word' id='word_1_653' title='bbox 1975 4062 2061 4114; x_wconf 85' lang='lat' dir='ltr'>ep.</span> <span class='ocrx_word' id='word_1_654' title='bbox 2106 4047 2175 4098; x_wconf 77' lang='lat' dir='ltr'>nd</span> <span class='ocrx_word' id='word_1_655' title='bbox 2209 4046 2490 4100; x_wconf 71' lang='lat' dir='ltr'>Romanos</span> <span class='ocrx_word' id='word_1_656' title='bbox 2535 4052 2591 4101; x_wconf 86' lang='lat' dir='ltr'>et</span> <span class='ocrx_word' id='word_1_657' title='bbox 2635 4047 2957 4103; x_wconf 78' lang='lat' dir='ltr'>Corinthios</span> 
     </span>
     <span class='ocr_line' id='line_1_53' title="bbox 343 4116 2955 4240; baseline 0.002 -68"><span class='ocrx_word' id='word_1_658' title='bbox 343 4122 448 4174; x_wconf 82' lang='grc'>315</span> <span class='ocrx_word' id='word_1_659' title='bbox 475 4136 543 4172; x_wconf 86' lang='lat' dir='ltr'>ss.</span> <span class='ocrx_word' id='word_1_660' title='bbox 571 4118 744 4172; x_wconf 81' lang='lat' dir='ltr'>Juxta</span> <span class='ocrx_word' id='word_1_661' title='bbox 770 4119 953 4189; x_wconf 88' lang='lat' dir='ltr'>ipsum</span> <span class='ocrx_word' id='word_1_662' title='bbox 985 4134 1051 4171; x_wconf 88' lang='lat' dir='ltr'>ea</span> <span class='ocrx_word' id='word_1_663' title='bbox 1076 4133 1272 4171; x_wconf 82' lang='lat' dir='ltr'>revera</span> <span class='ocrx_word' id='word_1_664' title='bbox 1298 4118 1453 4186; x_wconf 81' lang='lat' dir='ltr'>typis</span> <span class='ocrx_word' id='word_1_665' title='bbox 1482 4133 1621 4169; x_wconf 89' lang='lat' dir='ltr'>nun-</span> <span class='ocrx_word' id='word_1_666' title='bbox 1678 4116 1965 4240; x_wconf 35' lang='lat' dir='ltr'>{ineditam</span> <span class='ocrx_word' id='word_1_667' title='bbox 1995 4118 2090 4170; x_wconf 82' lang='lat' dir='ltr'>sed</span> <span class='ocrx_word' id='word_1_668' title='bbox 2100 4117 2264 4186; x_wconf 81' lang='lat' dir='ltr'>juxta</span> <span class='ocrx_word' id='word_1_669' title='bbox 2285 4117 2500 4172; x_wconf 79' lang='lat' dir='ltr'>Denifle</span> <span class='ocrx_word' id='word_1_670' title='bbox 2521 4137 2610 4188; x_wconf 88' lang='lat' dir='ltr'>op,</span> <span class='ocrx_word' id='word_1_671' title='bbox 2630 4121 2721 4173; x_wconf 82' lang='lat' dir='ltr'>cit.</span> <span class='ocrx_word' id='word_1_672' title='bbox 2740 4125 2955 4189; x_wconf 74' lang='lat' dir='ltr'>pg.145</span> 
     </span>
     <span class='ocr_line' id='line_1_54' title="bbox 347 4188 2955 4262; baseline 0.001 -19"><span class='ocrx_word' id='word_1_673' title='bbox 347 4206 520 4256; x_wconf 86' lang='lat' dir='ltr'>quam</span> <span class='ocrx_word' id='word_1_674' title='bbox 549 4190 664 4244; x_wconf 88' lang='lat' dir='ltr'>fuit</span> <span class='ocrx_word' id='word_1_675' title='bbox 688 4206 909 4243; x_wconf 76' lang='lat' dir='ltr'>excusa.</span> <span class='ocrx_word' id='word_1_676' title='bbox 1701 4188 1822 4240; x_wconf 87' lang='lat' dir='ltr'>also</span> <span class='ocrx_word' id='word_1_677' title='bbox 1864 4190 1939 4262; x_wconf 68' lang='lat' dir='ltr'>ei}</span> <span class='ocrx_word' id='word_1_678' title='bbox 1955 4189 2229 4243; x_wconf 86' lang='lat' dir='ltr'>tribuitur</span> <span class='ocrx_word' id='word_1_679' title='bbox 2267 4196 2631 4245; x_wconf 77' lang='lat' dir='ltr'>commentatio</span> <span class='ocrx_word' id='word_1_680' title='bbox 2673 4209 2843 4260; x_wconf 81' lang='lat' dir='ltr'>super</span> <span class='ocrx_word' id='word_1_681' title='bbox 2868 4209 2955 4262; x_wconf 82' lang='lat' dir='ltr'>ep.</span> 
     </span>
    </p>

    <p class='ocr_par' dir='ltr' id='par_1_12' title="bbox 339 4259 2959 4906">
     <span class='ocr_line' id='line_1_55' title="bbox 415 4259 2959 4331; baseline 0.001 -18"><span class='ocrx_word' id='word_1_682' title='bbox 415 4259 549 4330; x_wconf 83' lang='lat' dir='ltr'><strong>Pag.</strong></span> <span class='ocrx_word' id='word_1_683' title='bbox 577 4265 698 4317; x_wconf 82' lang='lat'><strong>565.</strong></span> <span class='ocrx_word' id='word_1_684' title='bbox 731 4261 944 4315; x_wconf 86' lang='lat' dir='ltr'>Denifle</span> <span class='ocrx_word' id='word_1_685' title='bbox 971 4278 1063 4330; x_wconf 91' lang='lat' dir='ltr'>op.</span> <span class='ocrx_word' id='word_1_686' title='bbox 1092 4260 1184 4314; x_wconf 89' lang='lat' dir='ltr'>cit.</span> <span class='ocrx_word' id='word_1_687' title='bbox 1214 4279 1268 4331; x_wconf 89' lang='lat' dir='ltr'><strong>p.</strong></span> <span class='ocrx_word' id='word_1_688' title='bbox 1299 4266 1403 4316; x_wconf 86' lang='grc'>195</span> <span class='ocrx_word' id='word_1_689' title='bbox 1449 4263 1622 4315; x_wconf 70' lang='lat' dir='ltr'>Mille-</span> <span class='ocrx_word' id='word_1_690' title='bbox 1677 4260 1750 4311; x_wconf 79' lang='lat' dir='ltr'>ad</span> <span class='ocrx_word' id='word_1_691' title='bbox 1779 4259 2061 4312; x_wconf 87' lang='lat' dir='ltr'>Romanos</span> <span class='ocrx_word' id='word_1_692' title='bbox 2104 4264 2163 4313; x_wconf 87' lang='lat' dir='ltr'>et</span> <span class='ocrx_word' id='word_1_693' title='bbox 2205 4262 2275 4314; x_wconf 86' lang='lat' dir='ltr'>ad</span> <span class='ocrx_word' id='word_1_694' title='bbox 2323 4261 2679 4317; x_wconf 78' lang='lat' dir='ltr'>Corinthios:</span> <span class='ocrx_word' id='word_1_695' title='bbox 2722 4263 2959 4331; x_wconf 87' lang='lat' dir='ltr'>reliquit</span> 
     </span>
     <span class='ocr_line' id='line_1_56' title="bbox 339 4331 2957 4403; baseline 0.001 -17"><span class='ocrx_word' id='word_1_696' title='bbox 339 4335 575 4401; x_wconf 77' lang='lat' dir='ltr'>loquium</span> <span class='ocrx_word' id='word_1_697' title='bbox 603 4333 794 4386; x_wconf 89' lang='lat' dir='ltr'>Barth.</span> <span class='ocrx_word' id='word_1_698' title='bbox 823 4333 892 4386; x_wconf 87' lang='lat' dir='ltr'>de</span> <span class='ocrx_word' id='word_1_699' title='bbox 920 4331 1106 4385; x_wconf 79' lang='lat' dir='ltr'>Catu</span> <span class='ocrx_word' id='word_1_700' title='bbox 1124 4332 1182 4385; x_wconf 89' lang='lat' dir='ltr'>si</span> <span class='ocrx_word' id='word_1_701' title='bbox 1200 4350 1236 4385; x_wconf 90' lang='lat' dir='ltr'>u</span> <span class='ocrx_word' id='word_1_702' title='bbox 1254 4349 1280 4385; x_wconf 90' lang='lat' dir='ltr'>s</span> <span class='ocrx_word' id='word_1_703' title='bbox 1306 4333 1505 4385; x_wconf 82' lang='lat' dir='ltr'>laudat</span> <span class='ocrx_word' id='word_1_704' title='bbox 1531 4332 1619 4384; x_wconf 86' lang='lat' dir='ltr'>de·</span> <span class='ocrx_word' id='word_1_705' title='bbox 1677 4334 1905 4384; x_wconf 83' lang='lat' dir='ltr'>tantum</span> <span class='ocrx_word' id='word_1_706' title='bbox 1922 4336 2169 4400; x_wconf 59' lang='lat' dir='ltr'>postillae</span> <span class='ocrx_word' id='word_1_707' title='bbox 2207 4350 2377 4402; x_wconf 85' lang='lat' dir='ltr'>super</span> <span class='ocrx_word' id='word_1_708' title='bbox 2422 4333 2691 4403; x_wconf 80' lang='lat' dir='ltr'>epistolas</span> <span class='ocrx_word' id='word_1_709' title='bbox 2718 4335 2957 4389; x_wconf 82' lang='lat' dir='ltr'>‹lomini-</span> 
     </span>
     <span class='ocr_line' id='line_1_57' title="bbox 343 4401 2423 4485; baseline 0 -29"><span class='ocrx_word' id='word_1_710' title='bbox 343 4406 695 4485; x_wconf 58' lang='lat' dir='ltr'>queauctore</span> <span class='ocrx_word' id='word_1_711' title='bbox 708 4404 877 4458; x_wconf 89' lang='lat' dir='ltr'>dicit:</span> <span class='ocrx_word' id='word_1_712' title='bbox 902 4402 1262 4458; x_wconf 81' lang='lat' dir='ltr'>Wohlselten</span> <span class='ocrx_word' id='word_1_713' title='bbox 1277 4402 1620 4472; x_wconf 82' lang='lat' dir='ltr'>hatjemand</span> <span class='ocrx_word' id='word_1_714' title='bbox 1677 4401 1827 4456; x_wconf 86' lang='lat' dir='ltr'>cales</span> <span class='ocrx_word' id='word_1_715' title='bbox 1853 4419 1953 4471; x_wconf 88' lang='lat' dir='ltr'>per</span> <span class='ocrx_word' id='word_1_716' title='bbox 1979 4408 2164 4456; x_wconf 85' lang='lat' dir='ltr'>totuin</span> <span class='ocrx_word' id='word_1_717' title='bbox 2191 4421 2423 4458; x_wconf 85' lang='lat' dir='ltr'>annum.</span> 
     </span>
     <span class='ocr_line' id='line_1_58' title="bbox 344 4474 2957 4544; baseline 0 -17"><span class='ocrx_word' id='word_1_718' title='bbox 344 4490 469 4528; x_wconf 81' lang='lat' dir='ltr'>eine</span> <span class='ocrx_word' id='word_1_719' title='bbox 511 4476 698 4529; x_wconf 86' lang='lat' dir='ltr'>solche</span> <span class='ocrx_word' id='word_1_720' title='bbox 741 4475 1026 4529; x_wconf 87' lang='lat' dir='ltr'>Kenntniss</span> <span class='ocrx_word' id='word_1_721' title='bbox 1071 4475 1172 4527; x_wconf 89' lang='lat' dir='ltr'>der</span> <span class='ocrx_word' id='word_1_722' title='bbox 1198 4475 1480 4528; x_wconf 71' lang='lat' dir='ltr'>Schriften</span> <span class='ocrx_word' id='word_1_723' title='bbox 1512 4476 1621 4526; x_wconf 85' lang='lat' dir='ltr'>Au·</span> <span class='ocrx_word' id='word_1_724' title='bbox 1750 4474 1885 4544; x_wconf 78' lang='lat' dir='ltr'><strong>Pag.</strong></span> <span class='ocrx_word' id='word_1_725' title='bbox 1912 4480 2016 4531; x_wconf 68' lang='grc'>756</span> <span class='ocrx_word' id='word_1_726' title='bbox 2063 4474 2259 4528; x_wconf 81' lang='lat' dir='ltr'>Eidem</span> <span class='ocrx_word' id='word_1_727' title='bbox 2312 4477 2365 4529; x_wconf 83' lang='lat' dir='ltr'>M</span> <span class='ocrx_word' id='word_1_728' title='bbox 2384 4476 2694 4530; x_wconf 66' lang='lat' dir='ltr'>atthaeo</span> <span class='ocrx_word' id='word_1_729' title='bbox 2735 4478 2802 4528; x_wconf 85' lang='lat' dir='ltr'>de</span> <span class='ocrx_word' id='word_1_730' title='bbox 2832 4481 2957 4529; x_wconf 70' lang='lat' dir='ltr'>Cra·</span> 
     </span>
     <span class='ocr_line' id='line_1_59' title="bbox 342 4545 2956 4618; baseline 0 -19"><span class='ocrx_word' id='word_1_731' title='bbox 342 4546 567 4616; x_wconf 83' lang='lat' dir='ltr'>gustins</span> <span class='ocrx_word' id='word_1_732' title='bbox 598 4548 849 4600; x_wconf 89' lang='lat' dir='ltr'>besessen</span> <span class='ocrx_word' id='word_1_733' title='bbox 879 4547 983 4599; x_wconf 80' lang='lat' dir='ltr'>wie</span> <span class='ocrx_word' id='word_1_734' title='bbox 1010 4562 1084 4599; x_wconf 86' lang='lat' dir='ltr'>er.</span> <span class='ocrx_word' id='word_1_735' title='bbox 1130 4545 1440 4616; x_wconf 85' lang='lat' dir='ltr'>Augustini</span> <span class='ocrx_word' id='word_1_736' title='bbox 1468 4545 1622 4600; x_wconf 83' lang='lat' dir='ltr'>dicta</span> <span class='ocrx_word' id='word_1_737' title='bbox 1677 4546 1839 4598; x_wconf 82' lang='lat' dir='ltr'>oovia</span> <span class='ocrx_word' id='word_1_738' title='bbox 1864 4547 2066 4599; x_wconf 84' lang='lat' dir='ltr'>asserit</span> <span class='ocrx_word' id='word_1_739' title='bbox 2081 4547 2197 4618; x_wconf 81' lang='lat' dir='ltr'>(sed</span> <span class='ocrx_word' id='word_1_740' title='bbox 2215 4548 2587 4616; x_wconf 84' lang='lat' dir='ltr'>probabiliter</span> <span class='ocrx_word' id='word_1_741' title='bbox 2601 4551 2850 4614; x_wconf 81' lang='lat' dir='ltr'>tantum)</span> <span class='ocrx_word' id='word_1_742' title='bbox 2862 4549 2956 4600; x_wconf 69' lang='lat' dir='ltr'><strong>Fr.</strong></span> 
     </span>
     <span class='ocr_line' id='line_1_60' title="bbox 344 4616 2955 4689; baseline 0.001 -20"><span class='ocrx_word' id='word_1_743' title='bbox 344 4633 407 4670; x_wconf 83' lang='lat' dir='ltr'>ex</span> <span class='ocrx_word' id='word_1_744' title='bbox 463 4617 719 4689; x_wconf 86' lang='lat' dir='ltr'>plurimis</span> <span class='ocrx_word' id='word_1_745' title='bbox 769 4619 1018 4688; x_wconf 87' lang='lat' dir='ltr'>ejusdem</span> <span class='ocrx_word' id='word_1_746' title='bbox 1072 4618 1304 4672; x_wconf 80' lang='lat' dir='ltr'>collecta</span> <span class='ocrx_word' id='word_1_747' title='bbox 1356 4617 1622 4686; x_wconf 87' lang='lat' dir='ltr'>operibus</span> <span class='ocrx_word' id='word_1_748' title='bbox 1676 4616 2134 4672; x_wconf 76' lang='lat' dir='ltr'>Blieinetzrieder</span> <span class='ocrx_word' id='word_1_749' title='bbox 2150 4619 2409 4688; x_wconf 77' lang='lat' dir='ltr'>(Studien</span> <span class='ocrx_word' id='word_1_750' title='bbox 2430 4637 2482 4674; x_wconf 88' lang='lat' dir='ltr'><strong>u.</strong></span> <span class='ocrx_word' id='word_1_751' title='bbox 2502 4619 2687 4674; x_wconf 86' lang='lat' dir='ltr'>Mitth.</span> <span class='ocrx_word' id='word_1_752' title='bbox 2705 4637 2807 4672; x_wconf 85' lang='lat' dir='ltr'>aus</span> <span class='ocrx_word' id='word_1_753' title='bbox 2827 4619 2955 4672; x_wconf 83' lang='lat' dir='ltr'>dem</span> 
     </span>
     <span class='ocr_line' id='line_1_61' title="bbox 345 4687 2955 4760; baseline 0 -19"><span class='ocrx_word' id='word_1_754' title='bbox 345 4699 512 4756; x_wconf 88' lang='lat' dir='ltr'>(quae</span> <span class='ocrx_word' id='word_1_755' title='bbox 539 4687 846 4760; x_wconf 88' lang='lat' dir='ltr'>diligenter</span> <span class='ocrx_word' id='word_1_756' title='bbox 872 4691 1235 4743; x_wconf 83' lang='lat' dir='ltr'>recensentur</span> <span class='ocrx_word' id='word_1_757' title='bbox 1280 4689 1340 4742; x_wconf 89' lang='lat' dir='ltr'>in</span> <span class='ocrx_word' id='word_1_758' title='bbox 1368 4689 1497 4742; x_wconf 87' lang='lat' dir='ltr'>utili</span> <span class='ocrx_word' id='word_1_759' title='bbox 1524 4691 1617 4742; x_wconf 74' lang='lat' dir='ltr'>Di·</span> <span class='ocrx_word' id='word_1_760' title='bbox 1679 4689 1812 4743; x_wconf 87' lang='lat' dir='ltr'>Ben.</span> <span class='ocrx_word' id='word_1_761' title='bbox 1860 4690 1975 4742; x_wconf 83' lang='lat' dir='ltr'>und</span> <span class='ocrx_word' id='word_1_762' title='bbox 2027 4690 2154 4743; x_wconf 89' lang='lat' dir='ltr'>dem</span> <span class='ocrx_word' id='word_1_763' title='bbox 2196 4690 2330 4745; x_wconf 85' lang='lat' dir='ltr'>Cist.</span> <span class='ocrx_word' id='word_1_764' title='bbox 2373 4691 2559 4746; x_wconf 70' lang='lat' dir='ltr'>orden</span> <span class='ocrx_word' id='word_1_765' title='bbox 2604 4695 2759 4754; x_wconf 85' lang='grc'><strong>1904,</strong></span> <span class='ocrx_word' id='word_1_766' title='bbox 2786 4690 2955 4750; x_wconf 79' lang='lat' dir='ltr'>XXV,</span> 
     </span>
     <span class='ocr_line' id='line_1_62' title="bbox 341 4760 2959 4832; baseline 0 -19"><span class='ocrx_word' id='word_1_767' title='bbox 341 4764 612 4816; x_wconf 63' lang='lat' dir='ltr'>sanccione</span> <span class='ocrx_word' id='word_1_768' title='bbox 635 4769 868 4816; x_wconf 82' lang='lat' dir='ltr'>omnium</span> <span class='ocrx_word' id='word_1_769' title='bbox 885 4765 1163 4824; x_wconf 74' lang='lat' dir='ltr'>librorum,</span> <span class='ocrx_word' id='word_1_770' title='bbox 1181 4760 1281 4829; x_wconf 91' lang='lat' dir='ltr'>qui</span> <span class='ocrx_word' id='word_1_771' title='bbox 1296 4761 1622 4830; x_wconf 83' lang='lat' dir='ltr'>allegantur</span> <span class='ocrx_word' id='word_1_772' title='bbox 1675 4764 1980 4832; x_wconf 79' lang='lat'>544-556)</span> <span class='ocrx_word' id='word_1_773' title='bbox 2006 4765 2247 4828; x_wconf 72' lang='lat' dir='ltr'>postium</span> <span class='ocrx_word' id='word_1_774' title='bbox 2276 4763 2348 4815; x_wconf 84' lang='lat' dir='ltr'>ad</span> <span class='ocrx_word' id='word_1_775' title='bbox 2373 4761 2584 4825; x_wconf 79' lang='lat' dir='ltr'>literas,</span> <span class='ocrx_word' id='word_1_776' title='bbox 2612 4762 2823 4830; x_wconf 86' lang='lat' dir='ltr'>quibus</span> <span class='ocrx_word' id='word_1_777' title='bbox 2843 4775 2959 4815; x_wconf 52' lang='lat' dir='ltr'>oarz</span> 
     </span>
     <span class='ocr_line' id='line_1_63' title="bbox 346 4831 2953 4906; baseline -0 -20"><span class='ocrx_word' id='word_1_778' title='bbox 346 4831 403 4886; x_wconf 89' lang='lat' dir='ltr'>in</span> <span class='ocrx_word' id='word_1_779' title='bbox 457 4851 545 4906; x_wconf 85' lang='lat' dir='ltr'>op.</span> <span class='ocrx_word' id='word_1_780' title='bbox 597 4833 951 4901; x_wconf 74' lang='lat' dir='ltr'>Milleloquii.</span> <span class='ocrx_word' id='word_1_781' title='bbox 1005 4833 1293 4887; x_wconf 84' lang='lat' dir='ltr'>codicibus</span> <span class='ocrx_word' id='word_1_782' title='bbox 1341 4835 1398 4886; x_wconf 90' lang='lat' dir='ltr'>et</span> <span class='ocrx_word' id='word_1_783' title='bbox 1447 4833 1620 4886; x_wconf 81' lang='lat' dir='ltr'>etiam</span> <span class='ocrx_word' id='word_1_784' title='bbox 1677 4833 1896 4887; x_wconf 68' lang='lat' dir='ltr'>dinales</span> <span class='ocrx_word' id='word_1_785' title='bbox 1925 4832 2308 4904; x_wconf 65' lang='lat' dir='ltr'>‹schismatici›</span> <span class='ocrx_word' id='word_1_786' title='bbox 2354 4833 2659 4886; x_wconf 83' lang='lat' dir='ltr'>concilium</span> <span class='ocrx_word' id='word_1_787' title='bbox 2688 4832 2953 4903; x_wconf 77' lang='lat' dir='ltr'>pisanum</span> 
     </span>
    </p>
   </div>
  </div>
 </body>
</html>
