3475 5364
221 376 387 429 135

1111 360 1453 424 irimbertus,
1483 360 1729 414 Michael
1756 360 1922 417 Meld.

207 545 511 603 transiit
549 543 740 602 factus
788 545 958 619 illius
1004 546 1281 604 ecclesiae
1313 547 1536 604 cancel·
1595 546 1745 604 terio
1776 546 2172 610 admontensi,
2207 548 2329 623 qui,
2366 566 2433 605 eo
2455 547 2582 605 diro
2600 548 2877 608 incendio

201 632 466 693 *larius
480 636 863 708 etpostquam
881 635 1247 709 aliquamdiu
1261 636 1325 694 in
1341 636 1539 695 schola
1593 639 1945 711 consumpto
1985 645 2176 706 1152,
2211 638 2454 695 transiit
2485 636 2549 694 in
2579 643 2873 697 monaste-

211 722 592 799 t-heologica
621 723 981 799 magistrum
1011 724 1154 800 egit,
1196 724 1261 782 in
1306 744 1536 784 monas·

210 812 482 869 terium
514 829 556 870 s.
590 810 844 870 Victoris
877 831 939 871 se
971 815 1194 888 recepit
1213 817 1273 871 et
1293 834 1340 872 a.
1378 824 1533 879 1178

219 897 609 979 (secuudum
625 901 778 959 alios
801 910 964 964 1179
985 902 1078 961 vel
1107 913 1123 963 1
1148 900 1294 983 198)
1329 923 1361 960 0
1384 904 1536 961 vivis

217 989 429 1057 abiit,
462 990 740 1049 omnibus
771 1009 922 1065 quae
943 991 1155 1050 habuit
1173 992 1537 1068 pauperibus

220 1082 308 1136 et.
346 1079 610 1137 ecclesiis
641 1078 882 1137 relictis.
915 1080 1041 1138 Hoc
1060 1080 1114 1138 ei
1135 1081 1254 1140 fuit
1270 1082 1537 1157 positum

221 1168 658 1243 epitaphium:

223 1257 469 1315 Petrus
500 1276 677 1325 eram,
713 1275 896 1333 quem
915 1262 1084 1333 petra
1102 1259 1272 1336 tegit,
1307 1259 1538 1318 dictus-

471 1365 589 1420 que
620 1345 955 1404 Comestor:

231 1433 430 1492 Nunc
460 1434 764 1493 comedor:
799 1435 975 1493 vivus
1007 1436 1200 1508 docui,
1233 1455 1341 1494 nec
1372 1455 1533 1496 cesso

469 1524 679 1582 docere

229 1612 548 1681 Mortuus,
599 1616 670 1670 ut
714 1612 906 1671 discat
949 1615 1054 1689 qui
1098 1633 1190 1672 me
1235 1615 1399 1674 videt
1442 1615 1535 1672 in-

467 1701 832 1760 cineratum:

235 1787 420 1857 Quod
438 1808 652 1848 sumus
669 1790 784 1848 iste
813 1791 957 1850 fuit:
977 1792 1318 1868 erimusque
1348 1810 1533 1868 quan-

465 1879 667 1954 doque
700 1879 859 1954 quod
892 1880 988 1939 hic
1021 1884 1124 1939 est.

1592 724 1749 782 rium
1783 742 1826 782 s.
1861 724 2165 783 Michaelis
2191 725 2631 803 bambergense,
2666 726 2872 802 ibique

1594 812 1813 872 electus
1859 815 1955 873 est,
1998 814 2179 872 abbas
2220 824 2407 884 1160,
2457 816 2558 873 sed
2591 834 2625 872 a
2657 815 2874 874 sodali-

1595 902 1704 959 bus
1755 902 2056 977 expetitus
2118 906 2189 960 ut
2239 903 2421 961 abbas
2481 913 2643 965 1172
2693 905 2874 963 rediit

1593 990 1977 1049 Admontium
2032 988 2091 1073 (†
2140 1000 2238 1053 25.
2291 993 2423 1051 Dec.
2488 990 2693 1071 1176).
2774 993 2878 1052 Vir

1593 1086 1719 1137 erat·
1783 1080 2098 1156 insigniter
2146 1081 2373 1151 doctus,
2429 1082 2598 1157 cujus
2650 1082 2878 1157 scripta

1593 1168 1782 1226 edidit
1816 1169 1925 1227 Pez
1957 1171 2020 1227 in
2054 1186 2161 1227 suo
2195 1171 2473 1229 thesauro
2504 1172 2546 1226 t.
2571 1169 2643 1227 11.
2677 1178 2737 1229 et
2760 1171 2872 1241 1v.‚

1592 1257 1917 1332 praemisso
1979 1259 2109 1332 ejus
2186 1260 2450 1317 encomio
2532 1255 2599 1340 (t.
2662 1259 2735 1318 lI.
2816 1279 2871 1335 p.

1594 1342 1953 1427 xl—xvl):
2003 1348 2092 1405 ita
2136 1349 2696 1407 commentariorum
2740 1350 2804 1407 in
2834 1350 2872 1411 l.

1592 1436 1871 1494 ,Indicum
1916 1437 1972 1497 ll.
2010 1438 2051 1493 2
2063 1458 2088 1511 ;
2132 1436 2559 1511 expositionem
2609 1439 2645 1494 l.
2680 1438 2872 1513 Ruth,-

1591 1525 2083 1583 commentarium
2130 1525 2512 1602 allegoricum
2558 1526 2621 1583 in
2655 1525 2872 1584 selecta

1591 1613 1882 1688 quaedam
1913 1615 2038 1672 loca
2067 1616 2282 1672 cantici
2300 1616 2659 1674 canticorum
2676 1637 2701 1686 ‚·
2733 1615 2768 1672 l.
2800 1615 2874 1673 de

1590 1703 1780 1760 decem
1814 1703 2083 1761 oneribus
2127 1704 2189 1760 in
2222 1704 2508 1777 quaedam
2541 1722 2618 1762 cc.
2651 1704 2871 1774 Isaiae;

1588 1792 1652 1848 in
1684 1794 1745 1849 4.
1772 1792 1904 1868 Rey.
1942 1793 2045 1866 14,
2082 1794 2121 1848 7
2156 1789 2250 1872 (ex
2283 1792 2414 1868 ejus
2448 1793 2870 1852 commentario

1589 1880 1653 1937 iu
1686 1879 1745 1936 ll.
1779 1876 2014 1960 regum)
2050 1882 2115 1938 in
2143 1880 2288 1938 bibl.
2322 1888 2497 1940 ascet.
2516 1885 2558 1939 t.
2586 1882 2737 1946 VIII.
2758 1886 2867 1940 etc.

336 1967 646 2037 Quaedam
678 1968 908 2027 inedita
925 1969 1241 2045 reliquisse
1275 1970 1530 2041 videtur,
1590 2002 1677 2011 —
1711 1969 2117 2028 Michaelis
2178 1970 2498 2028 meldensis
2550 1970 2869 2047 archiepis·

239 2056 409 2115 inter
441 2076 600 2132 quae
630 2056 783 2116 forte
814 2059 991 2117 etiam
1026 2059 1203 2118 Liber
1234 2059 1534 2118 Ponet-isis
1590 2057 1721 2133 copi
1754 2058 2100 2117 senonensis
2135 2054 2196 2139 (†
2239 2055 2431 2139 1199)
2484 2059 2769 2134 expositio
2801 2062 2872 2117 in

237 2146 282 2203 i.
314 2165 363 2204 e.
397 2149 574 2204 totns
604 2165 839 2217 aureus,
875 2148 1015 2222 quia
1049 2148 1144 2206 hic
1165 2167 1373 2206 aureae
1393 2167 1532 2207 con·
1583 2148 1928 2221 psalterium
1977 2148 2196 2221 passim
2243 2152 2549 2223 comparet
2590 2149 2746 2206 inter
2775 2167 2869 2223 op.

235 2236 526 2293 tinent-ur
558 2236 889 2294 sententiae
920 2235 1015 2294 vel
1035 2237 1411 2312 quaestiones
1433 2257 1534 2313 pa·
1590 2254 1633 2293 0.
1667 2237 2139 2295 Bonaventurae.

237 2327 408 2382 trum
431 2324 787 2400 Augustini,
811 2325 1176 2402 Hieronymi,
1213 2326 1531 2397 Ambrosii,

238 2413 544 2490 Gregorii,
567 2412 798 2482 Isidori,
821 2414 1014 2472 Bedae
1036 2418 1095 2473 et
1114 2416 1533 2474 modernorum

237 2503 680 2579 magistrorum
694 2502 976 2560 Guilelmi
1011 2504 1406 2563 catalanensis
1425 2524 1532 2581 ep.,

238 2591 450 2651 Ivonis
483 2593 856 2650 carnotensis
888 2610 994 2668 ep„
1017 2593 1282 2652 Anselmi
1324 2598 1384 2652 et
1417 2594 1533 2651 sra-

235 2681 353 2739 ffis
385 2681 524 2756 ejus
561 2679 941 2760 Radulphi1).

340 2871 361 2921 1
381 2871 485 2922 04.
507 2859 731 2917 Paucos
743 2860 1068 2934 reperimus
1078 2864 1368 2938 exegetas,
1380 2881 1527 2938 quo-

236 2967 379 3006 rum
414 2967 600 3024 opera
630 2947 692 3005 in
723 2948 916 3007 lucem
948 2949 1249 3024 publicam
1297 2951 1531 3026 prodie-

237 3037 450 3117 rintss).
489 3031 534 3094 Ἰ
551 3037 693 3094 rim
708 3037 746 3095 b
761 3056 792 3095 e
808 3057 839 3095 r
854 3042 938 3095 tu
954 3056 981 3095 s
1015 3038 1169 3097 OSB.
1203 3040 1264 3097 in
1296 3059 1529 3098 monas-

239 3197 402 3206 ———-

323 3285 360 3336 11
390 3278 478 3332 cf.
511 3276 729 3332 Denifle
757 3278 970 3333 Archiv
997 3279 1040 3340 1.
1066 3283 1188 3337 588

313 3357 360 3421 ²)
392 3349 660 3404 Plurium
713 3350 884 3418 hujus
936 3351 1142 3405 aetatis
1182 3352 1535 3406 eruditorum

239 3424 472 3477 labores
500 3420 780 3491 exegetici
807 3425 1140 3476 manserunt
1163 3423 1387 3477 inediti.
1452 3424 1536 3477 lta

241 3494 400 3548 Odo
442 3492 671 3572 (Wode)
699 3491 846 3547 OSB.
888 3494 1306 3548 cantuariensis
1345 3512 1535 3549 mona-

239 3567 388 3620 chus
416 3581 486 3617 ex
514 3580 704 3634 priore
730 3565 906 3617 abbas
946 3582 988 3618 s.
1017 3565 1250 3619 Martini
1287 3566 1356 3619 de
1381 3566 1535 3620 Bello

240 3640 367 3706 (11
344 3641 431 3705 co)
473 3634 718 3702 reliquit
755 3637 1191 3691 commentarios
1233 3637 1295 3690 in
1337 3637 1534 3690 Penta-

241 3707 543 3767 teuchum‚
583 3706 646 3758 in
683 3711 719 3762 4
745 3705 1080 3776 Evangelia,
1119 3707 1182 3761 in
1221 3724 1308 3778 ep.
1352 3708 1535 3780 Pauli,

241 3777 492 3831 Mox-alia
522 3794 694 3848 snper
722 3777 972 3831 Psalmos
992 3781 1097 3832 etc.
1144 3779 1224 3834 cf.
1243 3755 1535 3834 Fabricius

242 3849 311 3912 V,
379 3854 507 3905 148.
569 3881 638 3889 -
701 3848 1130 3903 Matthaeus
1190 3852 1531 3915 Scor-nus,

242 3921 334 4045 gie
393 3919 668 3987 Scoruay.
729 3920 1066 3983 8050011000,
1130 3922 1199 3975 de
1239 3922 1533 4003 Scornaco)

337 3991 563 4046 Praem.
591 3991 858 4045 ecclesiae
885 3993 1096 4045 montis
1123 4011 1164 4046 s.
1191 3993 1429 4046 Martini
1449 4012 1532 4047 ca-

243 4063 591 4116 meracensis
642 4062 931 4126 dioecesis,
996 4064 1129 4118 dein
1179 4065 1535 4119 ninoviensis

243 4132 583 4188 monasterii
643 4134 817 4187 abbas
881 4134 1134 4202 quintus
1186 4137 1534 4190 ecclesiastes

243 4206 498 4258 disertus
526 4209 749 4286 (mss)
777 4205 1006 4275 scripsit
1021 4207 1534 4262 commentariosin

1684 2460 1709 2511 1
1727 2460 1761 2512 0
1774 2458 1825 2511 5.
1861 2447 2162 2507 Canticum
2192 2452 2554 2508 canticorum
2572 2448 2774 2524 plures
2796 2449 2869 2506 il-

1589 2538 1942 2595 lustrarunt.
2036 2539 2276 2596 Praeter
2346 2538 2528 2597 Irim
2543 2538 2582 2596 b
2599 2556 2629 2595 e
2645 2558 2676 2596 r
2689 2542 2717 2595 t
2732 2558 2773 2596 u
2790 2558 2871 2611 m,

1590 2626 2047 2698 Gilbertum,
2096 2627 2167 2686 de
2202 2646 2320 2702 quo
2353 2626 2421 2686 cf.
2456 2646 2639 2705 supra
2672 2648 2724 2703 p.
2764 2638 2866 2700 91,

1589 2848 1683 2914 VI,
1708 2853 1833 2906 408.
1868 2881 1927 2889 —
1956 2849 2312 2921 Nigellus
2348 2849 2691 2904 Wireker
2718 2849 2871 2903 OSB.

1589 2923 1647 2974 et
1670 2923 2003 2990 praecentor
2019 2922 2408 2975 cantuarensis
2458 2921 2508 2974 fl.
2528 2925 2685 2992 1190)
2712 2921 2873 2975 dedit

1589 2991 1987 3047 distinctiones
2004 3010 2174 3063 super
2189 2992 2258 3046 N.
2276 2996 2334 3046 et
2346 2992 2409 3046 V.
2472 2994 2871 3046 estamentum.

1590 3064 1671 3117 Cf.
1700 3066 1776 3117 ib.
1804 3063 1869 3128 V,
1899 3069 2020 3120 131.
2062 3099 2127 3106 -
2169 3064 2423 3118 Simon
2464 3064 2533 3117 de
2574 3062 2869 3117 Thondi

1590 3135 1808 3198 Scotus,
1825 3136 2139 3189 monachus
2154 3135 2531 3201 melrosensis
2550 3135 2725 3189 abbas
2741 3151 2869 3203 cog-

1589 3206 1982 3288 geshalensis
1967 3224 2028 3259 iu
2055 3206 2283 3276 Anglia,
2308 3207 2541 3261 tandem
2568 3206 2870 3287 episcopus

1590 3277 1962 3332 moraviensis
1988 3278 2049 3330 in
2077 3279 2266 3332 Scotia
2196 3281 2352 3403 fg
2367 3282 2525 3350 1184)
2554 3277 2782 3346 scripsit
2805 3275 2870 3329 in

1590 3348 1859 3419 epistolas
1904 3348 2084 3405 Pauli.
2401 3351 2492 3421 VI,
2506 3286 2651 3404 )487.

1590 3421 1817 3474 easdem
1861 3420 2145 3490 scripsisse
2153 3350 2340 3475 Csicut
2382 3423 2439 3473 et
2476 3394 2543 3473 in
2571 3348 2870 3474 Canticum

1590 3490 1909 3545 Salomonis
1962 3493 1999 3544 L
2025 3491 2061 3544 d
2078 3508 2154 3545 ar
2170 3492 2206 3545 d
2225 3511 2262 3546 u
2280 3512 2334 3546 m
2386 3491 2726 3545 monachum
2776 3508 2868 3543 cu-

1590 3579 1849 3644 prensem
1900 3563 1961 3616 in
2011 3563 2215 3627 Scotia,
2268 3564 2399 3632 post
2447 3562 2594 3615 circa
2637 3578 2687 3614 a.
2730 3566 2870 3618 1190

1589 3634 1931 3716 episcopum
1948 3634 2374 3715 brechinensem
2400 3634 2524 3705 (qui
2545 3636 2734 3686 tamen
2752 3649 2867 3687 non

1589 3705 1873 3774 reperitur
1917 3705 1978 3758 in
2022 3705 2164 3759 serie
2210 3704 2605 3776 episcoporum
2632 3721 2663 3756 a
2693 3704 2864 3756 Gams

1590 3777 1860 3840 exhibita,
1890 3794 2037 3846 quae
2065 3794 2165 3847 pro
2195 3777 2300 3831 hoc
2326 3781 2578 3857 tempore
2604 3777 2867 3829 lacunam

1589 3865 1723 3919 prae
1751 3865 1809 3901 se
1836 3820 1965 3920 f‘ert)
1994 3851 2237 3902 testatur
2251 3847 2543 3902 Fabricius
2561 3847 2655 3910 Vl,
2672 3851 2776 3903 575
2803 3862 2869 3899 ex

1595 3920 1763 4001 Visch
1789 3919 1926 3973 bibl.
1946 3920 2139 3989 script.
2158 3921 2220 3973 Ο.
2239 3918 2375 4001 Cist.
2403 3938 2457 3988 p.
2474 3924 2596 4001 3⁶15.
2628 3952 2686 3959 ·-
2720 3917 2867 3972 Vol-

1589 3990 2655 4128 22¹3,2333&ss‘slissssssssefizffsnssssmzt
2692 3991 2870 4116 Ἕξῗέ,

1588 4152 1639 4190 a.
1666 4139 1826 4196 1179)
1871 4135 2254 4203 composuisse
2299 4134 2513 4187 dicitur
2556 4150 2590 4186 a
2641 4134 2687 4187 V
2707 4133 2767 4185 is
2784 4134 2866 4186 cb

1589 4206 1626 4259 l.
1653 4223 1697 4258 0.
1726 4197 2197 4259 commentarium
2226 4211 2568 4275 perpetuum
2595 4205 2656 4258 in
2685 4204 2867 4258 Evan-

245 4277 508 4330 Psalmos
559 4280 618 4329 et
655 4275 717 4329 in
759 4277 810 4329 Is
786 4277 980 4330 «aiam.
1020 4309 1085 4318 —-
1114 4277 1159 4331 G
1180 4297 1215 4331 u
1231 4279 1287 4332 il
1303 4295 1332 4331 0
1347 4279 1367 4332 l
1383 4299 1433 4333 m
1453 4298 1491 4332 u
1509 4297 1533 4332 s
1587 4276 1739 4347 gelia
1755 4278 1859 4329 etc.
1880 4310 1946 4318 —
1972 4278 2123 4330 inter
2138 4277 2165 4329 J
2175 4277 2427 4330 acobitas
2443 4275 2691 4331 Orientis
2709 4277 2867 4328 ferax

245 4347 396 4402 OSB.
439 4347 916 4430 Petroburgensis
954 4348 1027 4419 (fl.
1058 4354 1215 4431 1168)
1256 4366 1533 4404 commen·

245 4419 426 4473 tarios
452 4420 518 4471 in
544 4418 784 4501 cantica,
826 4419 1328 4488 interpretationes
1373 4439 1533 4476 voca·

1587 4347 1896 4401 admodum
1926 4348 2167 4429 scriptor
2196 4348 2310 4401 fuit
2347 4348 2378 4400 J
2398 4366 2430 4401 a
2447 4366 2475 4401 c
2494 4365 2524 4401 0
2544 4347 2579 4399 b
2596 4365 2634 4400 u
2652 4365 2676 4400 s
2717 4351 2871 4418 (post

1588 4437 1748 4473 suam
1776 4418 1838 4472 in
1864 4420 2195 4501 episcopum
2212 4418 2544 4474 electionem
2562 4419 2868 4500 Dionysius

245 4492 519 4545 bulorum
545 4507 586 4542 s.
615 4489 945 4572 Scripturae
963 4493 1149 4543 etc.——
1166 4491 1212 4544 R
1229 4510 1261 4545 0
1277 4493 1312 4544 b
1329 4508 1358 4544 e
1374 4511 1403 4546 r
1419 4495 1444 4545 t
1459 4511 1532 4546 us
1588 4490 1795 4563 dictus)
1842 4490 1882 4542 B
1899 4507 1932 4543 a
1950 4507 1976 4541 r
2017 4491 2052 4545 8
2069 4508 2102 4542 a
2117 4491 2170 4543 11
2188 4491 2257 4543 b
2242 4509 2262 4543 1
2290 4491 2589 4561 episcopus
2614 4492 2867 4572 primum

245 4562 282 4616 8
295 4580 326 4615 0
341 4580 372 4615 r
387 4561 407 4615 i
423 4562 462 4614 b
478 4578 514 4613 a
539 4577 574 4613 a
600 4560 918 4616 scribendis
943 4566 1156 4615 auctor
1151 4581 1241 4616 im
1268 4563 1532 4633 antiquo·
1589 4561 2002 4615 Maraschensis
2046 4566 2247 4634 (1154),

243 4651 371 4687 rum
398 4632 572 4686 libris
609 4633 696 4686 ita
735 4633 943 4694 dictus,
985 4635 1224 4715 Anglns‚
1264 4651 1385 4687 can
1413 4651 1513 4704 reg

1586 4636 1779 4706 (1166;
1806 4644 1832 4696 t
1860 4637 2036 4704 1171).
2068 4580 2337 4704 Longuni)
2341 4566 2596 4704 (081)ῗὲυέ
2601 4561 2755 4703 ἓιιζὶξ
2759 4579 2867 4704 {lillis

386 4722 484 4775 ug.
533 4703 592 4756 in
645 4703 993 4758 monasterio
1047 4654 1532 4787 bridlingtonensi
1587 4706 1892 4787 editorum)
1960 4706 2289 4786 catalogum
2352 4709 2605 4760 recenset
2668 4707 2866 4758 Asse-

245 4723 323 4900 {a
343 4794 389 4831 0.
416 4793 469 4828 a.
501 4779 658 4848 1180)
686 4775 958 4845 scripsit
942 4793 1002 4829 in
1031 4776 1331 4846 plerosque
1359 4777 1533 4832 libros
1588 4776 1785 4829 mani
1824 4775 1886 4829 in
1928 4776 2063 4830 bibl.
2106 4779 2307 4831 orient.
2351 4777 2419 4840 11,
2447 4783 2569 4834 210.
2621 4778 2774 4829 Inter
2800 4792 2866 4830 ea

285 4848 505 4910 iblicos,
535 4848 604 4900 de
630 4863 766 4917 corp
771 4864 869 4901 ore
895 4849 952 4901 et
977 4847 1254 4917 sangnine
1281 4848 1530 4913 Domini,
1589 4847 2416 4902 eminentcommentariainV.
2438 4848 2579 4902 etN.
2598 4847 2658 4900 T.
2676 4865 2868 4901 secun·

247 4919 314 4972 de
343 4918 593 4972 Ecclesia
631 4918 919 4972 catholica
958 4922 1061 4972 etc.
1113 4919 1196 4973 Cf.
1235 4920 1532 4974 Fabricius
1586 4920 1722 4972 duni
1752 4918 2039 4989 duplicem
2071 4936 2296 4973 sensum
2323 4920 2601 4975 literalem
2643 4923 2699 4973 et
2724 4937 2871 4987 mys-

2754 383 2874 438 186
2966 431 2970 436 ,
