3475 5364
556 308 578 359 1
605 306 717 358 415
789 291 1160 344 1541—1563.
1188 286 1495 356 Theologia
1522 285 1636 356 pol.
1665 286 2028 352 Querhamer,
2059 287 2420 356 Hirschbeck‚
2439 290 2634 356 Loriti,
2651 292 2926 357 Anhuscr‚
3000 312 3075 364 14
3094 311 3180 364 13

549 477 1074 552 aquisgranensem
1119 475 1183 532 in
1227 473 1622 534 universitate
1673 474 1828 536 colo-
1887 469 2377 534 deformationem
2411 477 2484 535 ad
2517 477 2765 536 meliora
2794 478 2971 537 rediit
2991 498 3183 539 sensa

550 565 740 624 niensi
771 564 1058 622 decanum
1078 562 1378 621 facultatis
1403 565 1828 635 artium,theo-
1889 557 1947 643 (†
1989 558 2200 643 1563),
2246 564 2548 641 ediditque
2590 571 2828 642 praeter
2871 568 2987 626 alia
3030 588 3174 628 cum

548 654 740 731 logias
772 653 1072 712 doctorem
1103 655 1163 710 et
1198 661 1360 715 1537
1384 657 1671 713 rectorem
1691 656 1826 715 uni·
1887 652 1959 709 M.
1977 652 2164 711 Rota
2191 654 2417 712 Boethii
2432 672 2610 728 opera
2622 651 2690 735 ι),
2709 657 3169 721 Basileae1546

548 743 863 811 versitatis,
899 742 1191 818 gymnasii
1228 743 1492 801 montani
1526 749 1828 821 regentem
1887 773 1969 783 —
2015 740 2305 801 Joannem
2356 744 2756 803 Gaudentium
2805 746 3024 805 Anhu
3046 766 3178 806 ser

552 830 613 913 (†
654 830 867 911 1557),
901 831 1005 907 qui
1037 831 1177 889 stilo
1210 830 1434 905 ubique
1466 832 1657 903 docto,
1691 855 1828 893 eru·
1886 848 1929 887 s.
1995 831 2330 907 theologiae
2391 833 2454 892 in
2518 834 2811 893 academia
2857 835 3173 895 viennensi

550 922 675 982 dito
706 925 768 981 et
796 922 860 979 in
903 920 1110 995 primis
1156 920 1347 979 latino
1386 921 1766 999 impugnavit
1780 920 1826 1004 1)
1885 919 2290 995 professorem,
2325 922 2520 980 virum
2553 924 2755 1000 magni
2787 922 2895 982 zeli
2915 922 2974 1005 (†
2999 936 3159 988 1541

548 1011 793 1070 Lutheri
838 1012 899 1069 et
928 1009 1142 1067 Buceri
1186 1028 1431 1080 errores„
1476 1014 1829 1087 praesertim
1883 1008 1979 1067 vel
2037 1007 2249 1089 1542),
2306 1012 2476 1086 cujus
2522 1012 2742 1071 librum
2789 1013 3180 1073 fidelissimus

550 1102 612 1159 in
644 1100 962 1158 christiana
1006 1117 1073 1156 ac
1116 1098 1216 1173 pia
1264 1100 1331 1156 de
1363 1102 1666 1160 catholicae
1693 1104 1830 1175 fidei
1884 1098 2012 1172 ejus
2063 1099 2283 1157 amicus
2333 1099 2421 1158 Jo.
2475 1101 2915 1182 Hoffmeisterss)
2977 1103 3173 1163 edidit

550 1191 748 1267 requla
770 1187 1092 1247 assertione
1111 1206 1247 1245 cum
1263 1188 1520 1247 dilucida.
1537 1192 1828 1265 pernicio·
1886 1186 2265 1262 inscriptum:
2300 1189 2515 1248 Thesea
2537 1191 2606 1248 de
2634 1210 2709 1253 83.
2744 1193 2950 1250 missae
2981 1195 3172 1251 sacri·

552 1297 751 1338 sorum
784 1278 1093 1353 praecipue
1126 1276 1306 1351 hujus
1329 1277 1827 1339 calamitosissimi
1882 1277 2010 1348 ficio
2044 1277 2406 1353 perspicuae,
2441 1280 2659 1353 quibus
2690 1281 2879 1339 totius
2900 1282 2985 1339 rei
3005 1301 3171 1340 sum-

552 1368 730 1426 seculi
751 1368 1095 1442 dogmatum
1115 1365 1535 1437 confutatione,
1560 1369 1828 1429 Coloniae
1885 1385 1972 1422 ma
2032 1384 2263 1425 necnon
2338 1367 2757 1427 sacrificiorum
2827 1369 3174 1429 discrimina

561 1467 744 1526 1556,
779 1476 961 1531 quam
986 1456 1107 1529 jam
1142 1459 1317 1513 antea
1336 1459 1669 1532 germanice
1703 1460 1828 1518 edi·
1885 1455 2228 1530 compendio
2337 1458 2743 1528 continentur,
2842 1460 3178 1518 Colmariae

552 1545 735 1615 derat,
769 1545 1041 1606 ib.1543
1067 1576 1155 1585 —-
1179 1544 1594 1619 Casparum
1617 1547 1826 1616 Quer·
1894 1553 2079 1606 1543.

554 1635 820 1703 hamer,
855 1633 959 1708 qui
991 1634 1262 1707 quamvis
1295 1633 1481 1693 laicus
1514 1639 1575 1694 et
1595 1636 1828 1697 iteratis

551 1725 779 1783 vicibus
812 1722 1092 1781 hallensis
1134 1721 1413 1797 syndicus
1446 1728 1507 1782 et
1539 1726 1829 1801 aliquam·
1978 1723 2574 1784 652 Accuratiorem
2589 1725 2949 1784 mentionem
2981 1731 3174 1784 meret

553 1814 657 1871 diu
686 1814 750 1871 in
770 1813 1096 1870 Lutherum
1117 1815 1606 1889 pr01·›ensu8‚ejus
1624 1835 1829 1892 super·
1886 1810 2136 1869 Michael
2182 1811 2521 1889 Helding
2565 1816 3017 1890 cognominatus
3063 1814 3174 1873 Si·

553 1902 649 1960 bia
681 1903 939 1961 offensus
986 1904 1226 1958 strenue
1276 1919 1382 1974 pro
1432 1922 1495 1961 re
1544 1905 1832 1965 catholica
1887 1899 2184 1967 (ionius,
2247 1900 2498 1977 insignis
2547 1903 2720 1977 plane
2770 1904 3165 1963 concionator·

554 1992 724 2051 stetit
775 1989 837 2072 (†
898 2001 987 2053 19.
1039 1990 1208 2047 Mart.
1267 1999 1292 2051 1
1311 1988 1459 2070 557)
1512 1993 1831 2070 pluresque
1890 1988 2080 2047 Natus
2126 1992 2214 2047 est
2259 1989 2322 2047 in
2368 1991 2583 2065 oppido
2619 1992 2866 2050 Sueviae
2896 1993 3166 2070 Langen-

554 2081 785 2140 libellos
837 2080 1015 2138 utiles
1066 2078 1336 2155 vulgavit
1386 2084 1456 2138 ut
1501 2082 1663 2157 Eyne
1710 2087 1833 2142 und
1888 2078 2197 2154 enslingen
2228 2098 2275 2136 a.
2319 2090 2482 2141 1506
2532 2082 2877 2156 parentibus
2922 2081 3164 2156 quidem

557 2172 738 2228 under
787 2171 1031 2235 andern,
1083 2168 1175 2225 die
1222 2168 1382 2225 aelate
1441 2170 1701 2242 Ursae-he,
1768 2193 1831 2234 so
1889 2167 2266 2242 pauperibus,
2321 2167 2421 2226 sed
2471 2169 2823 2229 conditionis
2872 2171 3167 2230 honestae.

555 2259 811 2335 Casparn
843 2258 1220 2327 Querhamer,
1254 2275 1443 2332 eynen
1476 2259 1675 2336 Leyen
1708 2264 1833 2321 und
1891 2256 2195 2332 Tubingae
2227 2257 2442 2315 studiis
2475 2278 2710 2334 operam
2742 2260 2905 2319 dedit
2939 2257 3168 2341 (1525)

554 2345 1608 2425 BurgerzuHallebewogen,dasihm
1622 2351 1832 2411 Luters
1889 2351 1950 2404 et
1980 2345 2266 2421 magister
2298 2347 2518 2405 artium
2550 2354 2780 2407 creatus
2798 2345 2855 2431 (1
2875 2346 3026 2425 528)
3044 2349 3167 2407 dis-

558 2441 677 2499 lere
709 2438 874 2496 nicht
902 2438 1070 2494 mehr
1100 2434 1395 2493 durchaus
1435 2438 1546 2495 wie
1578 2440 1833 2499 Erstlich
1891 2434 2064 2494 cessit
2125 2435 2407 2510 venitque
2459 2438 2828 2513 Moguntiam
2879 2438 2951 2496 ad
2999 2437 3174 2497 ludos

556 2530 867 2605 gefallenn,
902 2526 1129 2601 Lipsiae
1161 2542 1201 2581 s.
1236 2543 1283 2581 a.
1321 2522 1342 2593 s
1358 2532 1565 2605 1533).
1598 2528 1832 2604 Episto-
1889 2526 2199 2583 literarum
2217 2525 2578 2599 aperiendos
2608 2527 2846 2586 Scholae
2862 2527 3172 2586 cathedra·

557 2620 675 2678 lam
707 2616 1006 2695 quandam
1038 2613 1228 2690 ipsius
1276 2612 1692 2675 Cochlaeus
1750 2620 1832 2677 la·
1888 2614 1962 2673 lis
1978 2614 2167 2671 factus
2184 2617 2276 2671 est
2294 2633 2340 2671 a.
2363 2626 2384 2676 1
2405 2624 2519 2677 531
2543 2616 2840 2693 magister,
2859 2616 3168 2675 defuncta-

555 2710 680 2768 tine
714 2708 894 2768 vertit
942 2702 1323 2777 inscriptam:
1379 2704 1656 2764 Tabulam
1701 2728 1831 2766 con-

556 2800 959 2857 tradictionum
1013 2792 1275 2866 Lutheri,
1342 2793 1605 2852 Dresden
1663 2808 1827 2860 1535

554 2887 619 2946 in
654 2897 690 2948 4
723 2891 830 2944 etc.
849 2905 862 2942 ε
896 2884 1030 2941 hinc
1050 2885 1110 2939 et
1129 2898 1234 2953 pro
1256 2881 1367 2938 fide
1387 2883 1674 2942 catholica
1695 2905 1831 2945 con-

555 2976 832 3034 tumelias
913 2978 1004 3030 est
1065 2988 1273 3047 passus
1286 2965 1354 3048 2).
1432 3003 1516 3014 -—
1577 2974 1831 3033 Paulum

554 3064 609 3122 H
625 3065 644 3122 i
661 3085 692 3122 r
707 3084 733 3122 s
750 3083 779 3122 c
799 3065 837 3121 h
853 3063 891 3120 b
908 3081 937 3120 e
956 3080 985 3119 c
1004 3061 1042 3117 k
1077 3060 1374 3118 doctorem
1406 3059 1831 3135 ingolstadien-

554 3171 679 3212 sem
714 3146 940 3234 (1541)
993 3152 1054 3209 et
1083 3148 1547 3207 concionatorem
1578 3153 1829 3213 ratisbo-

553 3239 874 3322 nensem3).
938 3274 1025 3285 —
1088 3238 1499 3296 Henricum
1573 3241 1829 3301 Loriti

552 3352 658 3391 seu
708 3333 1183 3396 Glareanum,
1236 3331 1444 3386 natum
1499 3329 1562 3386 in
1610 3332 1828 3407 oppido

551 3423 747 3481 Mollis
798 3421 937 3498 pagi
989 3419 1213 3486 GlaruS,
1261 3417 1543 3476 celebrem
1579 3420 1827 3494 philolo-

549 3532 709 3588 gum,
744 3509 1162 3587 geographum,
1198 3507 1489 3565 musicum
1512 3513 1571 3566 et
1592 3513 1827 3584 poetam

549 3621 583 3659 a
616 3600 1013 3659 Maximiliano
1044 3598 1240 3656 laurea
1259 3596 1559 3664 donatum,
1596 3600 1822 3657 condis·

548 3691 810 3766 cipulum
848 3687 1117 3763 Zwinglii
1153 3691 1212 3745 et
1235 3686 1499 3756 Vadiani,
1536 3688 1825 3762 quiinitio

546 3780 783 3855 quidem
816 3796 1032 3854 magno
1064 3776 1269 3835 ardore
1302 3775 1565 3834 adhaesit
1595 3783 1824 3851 protes-

546 3871 804 3927 tantium
853 3865 1335 3925 innovationibus
1387 3865 1824 3925 reformationis

545 3977 756 4026 amore,
792 3957 891 4015 sed
927 3954 1129 4013 videns
1178 3953 1475 4011 horridam
1524 3954 1826 4014 inductam

546 4081 863 4088 n0--——

624 4147 658 4214 s)
689 4145 769 4201 Cf.
817 4142 1112 4196 Harzhcim
1157 4161 1213 4211 p.
1257 4147 1356 4197 ‘241
1382 4162 1392 4198 ς
1440 4141 1664 4196 Streber
1709 4143 1822 4198 KL.

545 4217 664 4346 ΠΕ),
687 4220 917 4356 ὲ1.7ἒ]’ὐε
945 4283 1339 4354 biographiam
1380 4283 1657 4353 insignem
1690 4301 1722 4336 a
1751 4285 1821 4338 N.

544 4353 755 4413 Paulus
783 4357 1160 4426 conscriptam
1179 4356 1235 4408 in
1262 4354 1530 4424 hist.·pol.
1556 4355 1640 4408 Bl.
1664 4361 1820 4413 1893.

545 4432 768 4567 11⁹³?2CE
784 4436 1005 4555 {soboli
1033 4497 1379 4552 Baierisches
1406 4497 1819 4552 Gelehrtenlex.

539 4573 836 4628 Landshut
855 4577 990 4628 1795
1022 4590 1077 4639 p.
1094 4575 1214 4626 330.
1246 4569 1382 4637 Ejus
1411 4571 1585 4622 frater
1610 4570 1639 4622 J
1661 4588 1691 4624 o
1711 4588 1744 4623 a
1761 4590 1819 4624 n·

540 4662 663 4699 nes
753 4644 1326 4712 chrysostomus
1413 4641 1561 4694 OSB.
1642 4643 1819 4696 abbas

538 4717 932 4786 Scheyerensis
961 4725 1005 4780 (†
1033 4719 1191 4784 1558)
1234 4712 1456 4783 scripsit
1481 4724 1665 4766 contra
1694 4718 1818 4767 celm-

535 4808 651 4844 sum
681 4793 991 4857 Scripturae
1015 4789 1223 4840 divinae
1241 4790 1535 4852 axiomata,
1561 4790 1697 4840 1557
1717 4803 1758 4845 8,
1780 4787 1815 4840 l.

537 4862 620 4920 cf.
648 4860 861 4914 Paulus
888 4857 1162 4912 Katholik
1191 4861 1346 4914 1892.
1377 4857 1415 4918 l,
1442 4860 1563 4912 553.

1890 2723 2003 2780 que
2035 2721 2216 2762 uxore
2249 2704 2558 2763 ordinatus
2592 2707 2875 2774 sacerdoS,
2907 2726 3041 2765 mox
3074 2707 3172 2764 in-

1889 2795 2141 2851 stitutus
2173 2794 2446 2852 ecclesiae
2492 2795 2843 2853 cathedralis
2876 2795 3168 2871 parochus

1890 2879 2132 2964 (1533).
2225 2881 2621 2941 Concionandi
2698 2904 2967 2954 munere,
3047 2903 3170 2961 quo

1886 2991 2102 3047 magna
2134 2971 2444 3047 diligentia
2495 2976 2555 3031 et
2587 2973 2926 3032 auditorum
2962 2973 3165 3032 fructu

1887 3060 2129 3119 functus
2182 3063 2289 3124 est,
2337 3061 2420 3119 ita
2464 3061 2722 3131 emicuit,
2775 3066 2847 3121 ut
2878 3063 3168 3121 Albertus

1886 3151 2035 3208 card.
2070 3168 2207 3208 eum
2253 3150 2510 3208 voluerit
2560 3151 2774 3210 habere
2825 3153 3166 3228 episcopum

1885 3240 2224 3297 auxiliarem
2246 3239 2376 3313 jam
2415 3249 2596 3303 1537.
2645 3241 2851 3299 Dictus
2883 3244 2977 3299 est
3008 3241 3166 3317 epis-

1885 3347 2064 3404 copus
2097 3329 2383 3397 Sidoniae,
2406 3327 2544 3388 hinc
2566 3329 2693 3404 ipse
2709 3330 3164 3407 cognominatus

1884 3418 2175 3476 Sidonius
2240 3418 2626 3477 concionibus
2669 3416 2849 3500 (127)
2884 3421 3159 3495 exposuit

1885 3508 2194 3565 Proverbia
2229 3507 2568 3582 Solomonia,
2623 3528 2773 3584 quae
2804 3507 3165 3583 prodierunt

1882 3596 2120 3654 demum
2153 3596 2496 3671 Moguntiae
2536 3607 2691 3659 1571
2721 3619 2733 3667 ;
2781 3598 2912 3656 aliis
2949 3605 3027 3659 84
3063 3616 3160 3656 ex-

1883 3686 2084 3760 posuit
2115 3686 2394 3744 veritates
2414 3687 2756 3762 praecipuas
2790 3685 2928 3744 fidei
2961 3686 3161 3745 catho-

1884 3775 2045 3838 licae,
2080 3794 2232 3849 quae
2267 3774 2378 3833 sub
2399 3775 2579 3834 titulo
2606 3775 2993 3834 Catachismus
3025 3795 3160 3851 pro-

1883 3863 2124 3922 dierunt
2172 3864 2248 3921 ib.
2291 3873 2476 3932 15513
2520 3874 2702 3934 1553;
2747 3875 2929 3932 1557;
2974 3875 3164 3933 1561;

1890 3963 2088 4020 15703
2146 3961 2340 4022 15853
2392 3953 2575 4011 latine
2620 3953 2807 4012 factae
2841 3975 2875 4012 a
2907 3954 2967 4011 T.
3014 3954 3158 4012 Bre-

1881 4040 2162 4113 denbach,
2181 4042 2456 4100 Coloniae
2485 4052 2665 4113 1562;
2699 4042 2948 4102 Lovanii
2973 4052 3162 4112 1567;

1890 4139 2084 4202 1577;
2138 4131 2498 4206 Antverpiae
2559 4142 2737 4194 1593.
2803 4133 2946 4190 Cum
2994 4131 3161 4190 Julio

1883 4220 2052 4296 Pflug
2085 4239 2240 4279 unus
2287 4240 2318 4277 e
2364 4220 2570 4295 primis
2621 4222 2683 4278 in
2716 4221 3027 4281 Germania
3059 4238 3159 4279 ex-

1878 4309 2101 4368 ercitiis
2163 4309 2574 4384 spiritualibus
2649 4311 3032 4369 excolendum
3097 4327 3164 4367 se

1877 4399 2125 4457 tradidit
2167 4398 2223 4460 b.
2271 4399 2448 4458 Petro
2499 4399 2688 4457 Faber
2741 4396 2986 4479 (1542).
3070 4398 3160 4457 Ob

1878 4488 2234 4547 eminentem
2280 4488 2562 4564 pietatem
2607 4494 2668 4547 et
2717 4489 3047 4548 doctrinam
3081 4488 3163 4546 ab

1953 4720 1987 4777 ¹)
2017 4712 2281 4766 Schrocdl
2309 4712 2421 4767 KL.
2451 4712 2518 4765 V.
2545 4718 2650 4768 610
2677 4731 2746 4768 ss.

1948 4789 1988 4854 ²)
2017 4784 2097 4838 Cf.
2129 4784 2196 4838 N.
2225 4784 2438 4837 Paulus
2466 4785 2565 4838 der
2595 4782 3158 4854 Augustinermbnch

1871 4855 1955 4909 do,
1987 4855 2364 4919 Hoffmeister‚
2393 4857 2668 4925 Freiburg
2690 4861 2822 4914 1891
2845 4874 2890 4910 c,
2907 4859 2940 4910 4
2960 4874 3014 4924 p.
3033 4858 3162 4911 102.
