3475 5364
307 377 472 432 1557

994 358 1272 426 Duarene,
1300 358 1469 423 sinze,
1499 357 1684 429 Nigri,
1711 358 1964 414 Jacobus
1990 357 2203 429 Melph.

2764 378 2930 431 1558

299 548 414 605 sint
431 546 844 622 coynoscerede
859 548 1123 621 personis
1140 547 1526 605 ecclesiasticis
1541 541 1587 626 ¹)
1613 545 1981 605 'notationes
2026 546 2088 603 et
2131 544 2461 604 additiones
2495 545 2726 621 adjecit,
2775 546 2931 604 Gan-

301 639 409 697 etc.
443 668 528 677 —
563 636 646 694 De
677 634 976 694 beneficiis
1008 635 1199 712 plene,
1245 636 1416 704 clare,
1451 654 1585 694 eru·
1643 633 1779 693 davi
1823 644 2019 705 15783
2054 635 2412 710 Antverpiae
2454 643 2615 697 1593
2651 635 2716 693 in
2747 635 2784 696 f.

301 724 424 783 dite
444 724 569 802 egit
587 728 649 784 et
666 724 1013 783 Franciscus
1033 725 1082 782 D
1097 744 1138 783 u
1154 744 1187 782 a
1203 743 1233 782 r
1248 743 1279 781 e
1295 744 1334 781 n
1350 744 1382 783 e
1404 721 1585 805 (Dua-

300 809 453 893 rein)
478 813 829 883 Briocensi8‚
862 813 1157 889 professor
1179 814 1337 889 juris
1366 813 1584 872 bituri-

302 903 494 962 censis
515 947 528 973 ,
593 903 861 962 doctrina
921 908 983 961 et
1041 903 1308 962 moribus
1372 903 1583 971 clarus,

300 992 458 1051 omni
487 992 918 1068 antiquitatum
963 1010 1177 1069 genere
1221 992 1490 1051 imbutus
1525 987 1585 1073 (†

309 1075 521 1161 1559),
571 1082 639 1139 de
683 1083 871 1139 sacris
913 1081 1201 1141 Ecclesiae
1249 1083 1586 1140 ministeriis

300 1190 368 1229 ac
399 1170 676 1244 beneficiis
705 1172 759 1234 ll.
796 1174 854 1246 8,
900 1170 1174 1230 Lutetiae
1213 1180 1374 1234 1551
1413 1170 1479 1230 in
1514 1181 1583 1240 43

308 1268 506 1329 15643
554 1260 712 1319 inter
741 1263 815 1320 tr.
841 1261 961 1334 jur.
998 1279 1096 1321 un.
1130 1258 1248 1321 XV.
1281 1280 1337 1336 p.
1376 1269 1445 1329 23
1495 1259 1583 1320 ed.

300 1348 555 1407 Schilter
583 1368 626 1412 s,
660 1349 695 1410 L
737 1357 938 1419 17083
992 1358 1191 1412 17:20:
1234 1349 1465 1425 adjecta
1495 1352 1587 1407 est

299 1456 404 1514 pro
455 1437 730 1498 libertate
779 1437 1051 1497 ecclesiae
1113 1438 1434 1515 gallicanae
1483 1437 1585 1496 ad·

296 1545 506 1587 versus
539 1547 837 1587 romanam
868 1528 1065 1586 aulam
1097 1527 1355 1586 defensio
1402 1524 1585 1608 (acer-

297 1610 476 1698 rima)
517 1616 860 1692 parisiensis
891 1616 1087 1675 curiae
1120 1616 1416 1676 Ludovico
1449 1617 1584 1675 Gal·

298 1706 510 1765 liarum
541 1706 668 1782 regi
701 1705 998 1781 quondam
1030 1706 1264 1775 oblata,
1307 1725 1459 1781 quae
1491 1710 1584 1766 ta·

297 1813 436 1854 men
450 1794 748 1870 prohibita
762 1797 868 1865 est,
886 1814 1035 1870 opus
1050 1814 1187 1855 vero
1215 1835 1242 1863 ,
1257 1792 1440 1854 donec
1460 1814 1583 1855 cor·

296 1884 571 1959 rigatur‘
618 1883 989 1958 prohibetur,
1037 1885 1214 1943 nimis
1246 1885 1401 1943 enim
1436 1885 1583 1944 atris

298 1973 594 2032 coloribus
623 1973 847 2031 abusus
880 1973 1164 2048 quosdam
1185 1973 1378 2049 carpit
1409 1980 1469 2033 et
1489 1994 1581 2033 re·

298 2062 625 2138 prehendit.
672 2096 759 2106 —
806 2063 893 2121 De
921 2064 1152 2121 sublimi
1178 2064 1582 2137 archipraesu-

298 2153 416 2210 lum
447 2159 601 2209 statu
631 2158 683 2209 et
711 2153 1027 2210 conditione
1067 2152 1256 2228 deque
1290 2150 1581 2229 singulari

298 2241 362 2299 in
394 2241 790 2317 suffraganeos
816 2241 1228 2316 jurisdictione
1274 2245 1336 2299 et
1367 2247 1580 2301 metro-

297 2329 571 2405 politicae
604 2329 757 2388 sedis
789 2330 1197 2406 praerogativa
1251 2329 1585 2406 disputavit

297 2418 525 2476 Arnoul
575 2419 771 2476 Ruze
833 2414 1170 2500 (Ruzaeus),
1235 2420 1580 2487 Blessensi8‚

298 2507 613 2565 canonicus
644 2509 1007 2566 carnotensis
1039 2504 1268 2587 (1505)
1316 2513 1377 2568 et
1408 2528 1577 2567 aure·

298 2596 594 2665 lianensi8‚
634 2597 793 2671 juris
838 2595 1148 2671 professor,
1197 2598 1583 2657 cancellarius

298 2686 710 2746 universitatis
762 2687 1191 2747 aurelianensis
1255 2684 1315 2771 (†
1371 2684 1581 2770 1550).

297 2775 444 2851 Ejus
499 2795 735 2851 quoque
795 2779 889 2834 est
936 2780 1227 2835 tractatus
1281 2778 1441 2852 juris
1489 2798 1580 2836 re·

296 2863 564 2943 qaziaffl),
611 2865 853 2924 Parisiis
903 2875 1103 2934 15343
1159 2875 1360 2936 1542;
1415 2877 1569 2929 1551

298 2953 359 3012 in
385 2963 420 3015 4
443 2972 576 3012 cum
597 2954 1009 3031 supplemento
1040 2955 1303 3031 Philippi
1322 2956 1369 3014 P
1384 2974 1462 3014 ro
1478 2956 1518 3014 b
1534 2956 1580 3024 i;

297 3043 675 3117 intertr.jur.
698 3062 797 3104 un.
820 3049 862 3104 t.
886 3044 1010 3105 XII.
1044 3078 1131 3089 ——
1160 3045 1581 3125 Philippus

299 3131 351 3188 N
367 3131 389 3188 i
405 3151 443 3206 g
459 3132 523 3188 ri
543 3138 933 3208 cognomento
953 3133 1025 3192 de
1055 3133 1094 3191 C
1109 3153 1216 3192 am
1233 3154 1270 3208 p
1287 3151 1338 3203 ο,
1374 3135 1437 3192 in
1458 3135 1581 3193 Mo-

297 3219 446 3277 rinis
480 3225 674 3290 natus9
713 3221 758 3295 j.
793 3239 849 3282 u.
884 3221 1105 3289 doctor,
1153 3223 1275 3283 ord.
1309 3225 1582 3297 equitum

298 3307 534 3367 velleris
580 3311 744 3368 aurei
788 3310 1188 3381 cancellariae,
1236 3311 1582 3388 primusque

301 3398 808 3474 antverpiensium
856 3398 1166 3474 episcopus
1219 3401 1580 3470 nominatus,

299 3486 398 3546 sed
418 3490 791 3562 praemature
812 3487 1125 3547 defunctus
1157 3498 1213 3549 4.
1233 3490 1364 3548 Jan.
1397 3499 1579 3556 1562,

299 3576 582 3635 disseruit
612 3577 680 3634 de
711 3579 1058 3651 exemptione
1080 3579 1373 3647 canonica,
1405 3598 1582 3653 quem

299 3669 375 3729 tr.
408 3665 528 3723 Car.
560 3665 633 3724 de
666 3665 1063 3743 l'Espinoy
1083 3667 1460 3726 consiliarius
1493 3687 1579 3726 se·

299 3757 477 3813 natus
510 3755 816 3814 Flandriae
848 3755 912 3814 in
944 3756 1136 3815 lucem
1169 3757 1440 3832 protulit,
1476 3776 1580 3815 an·

378 4001 413 4060 ¹)
444 3997 526 4052 cf.
554 3996 787 4051 Schulte
813 4002 864 4056 3.
892 4002 1027 4058 554:
1055 3997 1199 4052 Zeck
1226 3997 1338 4052 KL.
1366 3999 1430 4063 X,
1458 4001 1579 4057 8463

299 4069 482 4123 Feller
516 4069 629 4129 VH.
657 4073 780 4133 213,
821 4069 922 4138 qui
957 4069 1026 4124 de
1053 4071 1178 4140 ejus
1203 4069 1471 4140 operibus
1498 4069 1582 4123 ita

300 4142 518 4194 censet:
565 4139 714 4194 Tous
742 4156 830 4193 ces
858 4157 1136 4210 ouvrages
1162 4145 1293 4195 sont
1318 4158 1388 4194 en
1414 4140 1578 4206 latin,

1737 820 1878 875 713.
1901 813 2152 871 Plurimi
2173 816 2332 884 sunt,
2355 813 2542 889 quiin
2561 814 2931 890 argumentis

1641 903 1968 979 theologiae
2000 903 2322 961 moralis
2365 903 2457 961 vel
2490 904 2930 979 pastoralis

1641 991 1862 1049 versati
1896 991 2035 1060 sint,
2084 1010 2232 1066 quos
2276 992 2396 1050 fere
2438 992 2773 1051 nominasse
2805 993 2927 1051 suf-

1640 1079 1814 1151 ficiet,
1867 1098 2002 1139 cum
2051 1081 2360 1157 theologos
2404 1081 2767 1153 celebriores,
2822 1082 2929 1156 qui

1639 1169 1933 1244 ejusmodi
1975 1173 2324 1246 argumenta
2365 1169 2552 1229 solide
2596 1170 2929 1240 tractarint,

1637 1258 1796 1317 inter
1827 1258 2059 1317 scholae
2098 1259 2405 1335 theologos
2442 1260 2565 1334 jam
2614 1278 2927 1318 recensue-

1639 1348 1845 1406 rimus.
1897 1347 2237 1407 Jacobus
2271 1348 2927 1423 Melphithensis,

1640 1437 1745 1512 qui
1779 1456 1814 1495 a
1842 1456 1964 1513 reg.
1997 1436 2120 1495 obs.
2169 1437 2243 1495 ad
2276 1437 2631 1513 Capuccinos
2663 1438 2925 1508 transiit,

1641 1525 1734 1583 vir
1765 1532 1891 1584 erat
1922 1527 2233 1585 sanctitate
2254 1527 2430 1596 vitae,
2466 1527 2766 1587 doctrinae
2787 1546 2925 1586 eru-

1641 1615 1880 1685 ditione,
1926 1614 1988 1672 in
2021 1615 2200 1674 rebus
2234 1615 2367 1673 fidei
2401 1618 2831 1691 pertractandis
2862 1635 2928 1675 ac

1638 1704 1702 1762 in
1735 1722 1811 1763 ss.
1846 1703 2167 1779 Scripturis
2211 1705 2567 1779 explicandis
2609 1704 2927 1765 admodum

1642 1798 1963 1868 praestans
2042 1794 2393 1852 Innumeros
2464 1794 2527 1852 in
2589 1796 2925 1870 praecipuis

1639 1883 1852 1942 Italiae
1883 1882 2226 1941 civitatibus
2271 1882 2344 1941 ad
2378 1884 2798 1958 poenitentiam
2834 1903 2925 1943 re-

1638 1971 1841 2030 duxit:
1877 1971 1979 2030 sed
1996 1972 2311 2048 praecipue
2343 1973 2405 2030 in
2426 1972 2650 2048 populo
2678 1973 2925 2049 epidau-

1637 2061 1832 2129 riensi,
1868 2062 1973 2136 qui
2004 2080 2140 2119 eum
2172 2061 2282 2119 sibi
2315 2060 2650 2137 episcopum
2682 2082 2717 2120 a
2740 2063 2927 2122 Paulo

1638 2149 1732 2208 IV.
1780 2149 1967 2209 enixis
2016 2150 2295 2226 precibus
2342 2151 2685 2225 postulavit.
2750 2151 2927 2210 Senio

1637 2241 1969 2298 venerando
1986 2239 2287 2298 confectus
2307 2239 2730 2315 laboribusque
2746 2241 2921 2299 attri-

1635 2331 1737 2386 tus
1790 2329 2134 2404 Messapiae,
2198 2328 2258 2385 in
2309 2348 2487 2405 quam
2538 2330 2841 2388 civitatem
2890 2350 2926 2388 a

1635 2436 1882 2493 prorege
1961 2417 2298 2492 provinciae
2376 2418 2775 2494 hydruntinae
2850 2418 2927 2478 ob

1635 2509 2011 2582 praedicatae
2043 2506 2310 2565 veritatis
2353 2508 2764 2566 testimonium
2795 2507 2924 2566 fue-

1635 2599 1730 2655 rat
1775 2596 2093 2673 relegatus,
2143 2595 2540 2671 placidissime
2584 2597 2648 2655 in
2693 2597 2927 2655 Christo

1636 2686 1864 2760 quievit
1895 2706 1943 2744 a.
1988 2695 2182 2749 1561:
2230 2704 2418 2760 eaque
2459 2686 2577 2745 fuit
2619 2686 2778 2762 apud
2818 2705 2924 2763 po-

1639 2776 1810 2850 pulos
1844 2776 1981 2833 illos
2028 2776 2157 2848 ejus
2204 2776 2619 2835 sanctimoniae
2665 2777 2820 2834 fama
2864 2780 2927 2835 et

1635 2864 1960 2941 gratitud0,
1994 2876 2067 2922 ut
2096 2865 2297 2923 eadem
2329 2865 2394 2923 in
2426 2865 2667 2924 civitate
2698 2865 2792 2923 illi
2812 2884 2923 2942 pu-

1638 2954 1787 3012 blice
1820 2958 2013 3013 erecta
2043 2954 2228 3013 fuerit
2258 2956 2471 3017 statua.
2518 2954 2676 3014 Haec
2695 2956 2925 3030 potiora

1637 3043 1900 3116 ejusdem
1948 3062 2155 3118 opera:
2209 3042 2251 3101 I
2286 3045 2470 3102 divini
2507 3047 2748 3117 precetti
2797 3045 2922 3102 dal-

1636 3133 1674 3191 l'
1694 3134 1921 3209 Angelo
1973 3152 2008 3192 a
2055 3133 2215 3191 Mose
2264 3132 2665 3192 divinamente
2717 3133 2839 3192 dati
2890 3153 2923 3192 e

1637 3240 1745 3296 per
1805 3223 1851 3280 il
1900 3221 2091 3280 Verbo
2154 3221 2456 3280 incarnato
2519 3225 2925 3297 apertamente

1636 3310 1950 3368 dichiarati
1993 3330 2024 3369 e
2055 3311 2212 3368 dalla
2244 3310 2451 3369 Cbiesa
2481 3311 2756 3369 cattolica
2787 3330 2925 3369 con-

1636 3398 1893 3469 fermati,
1942 3399 2202 3457 Venetiis
2242 3408 2443 3470 15703
2497 3407 2660 3461 1575
2712 3400 2777 3456 in
2827 3410 2922 3461 16.

1635 3477 2004 3564 recognitum
2018 3490 2080 3546 et
2090 3490 2415 3546 correctum
2431 3509 2445 3557 ς
2463 3487 2708 3563 Neapoli
2727 3499 2753 3550 1
2769 3499 2800 3551 5
2814 3498 2847 3549 9
2859 3499 2889 3550 7
2907 3510 2921 3560 ;

1636 3578 1705 3635 de
1739 3578 2067 3650 praeceptis
2097 3577 2405 3650 Ecclesiae,
2437 3576 2509 3634 de
2540 3576 2923 3636 immaculata

1639 3666 1703 3724 V.
1752 3666 1970 3724 Mariae
2015 3665 2412 3741 conceptione,
2461 3666 2766 3725 conciones
2810 3670 2920 3729 etc.

1636 3774 1787 3830 quae
1807 3755 2055 3813 collecta
2069 3753 2419 3831 prodierunt
2435 3754 2696 3812 Venetiis
2726 3767 2746 3817 1
2768 3765 2799 3818 5
2812 3765 2844 3817 3
2858 3765 2889 3818 5
2907 3777 2920 3826 ;

1646 3854 1809 3907 1575
1846 3847 1908 3903 et
1947 3852 2129 3907 1578.
2173 3875 2260 3887 -
2295 3844 2379 3902 De
2398 3845 2601 3917 pri-mo
2633 3850 2682 3901 et
2714 3863 2921 3921 mayno

1637 3936 1900 3992 caritatis
1947 3928 2310 4011 praecepto1)
2373 3932 2658 3991 disseruit
2708 3934 2922 3992 Petrus

1637 4023 1731 4080 Br
1750 4040 1883 4081 avo
1915 4024 2136 4081 artium
2167 4040 2232 4080 ac
2263 4022 2592 4099 theologiae
2622 4023 2921 4102 magister,

1636 4112 1915 4171 ecclesiae
1936 4111 2293 4170 cathedralis
2326 4131 2367 4170 s.
2390 4110 2680 4170 Dominici
2713 4112 2921 4170 calcia-

299 4211 415 4264 fort
438 4213 670 4264 savants
697 4213 754 4265 et
780 4217 1073 4282 sagement
1112 4211 1294 4276 ecrite,
1331 4212 1473 4266 dans
1499 4212 1580 4266 les
1634 4202 1821 4260 tensis
1867 4201 2199 4269 cunoniGUS,
2246 4200 2546 4274 compluti
2603 4211 2783 4263 1533.
2834 4235 2922 4246 --

298 4283 439 4336 bons
480 4281 767 4352 principes
812 4283 882 4337 de
919 4284 1354 4354 jurisprudence
1405 4286 1462 4338 et
1511 4284 1580 4338 de

300 4353 514 4408 morale
543 4354 886 4409 chreffienne.

379 4428 415 4495 ί)
467 4423 547 4478 De
594 4425 703 4480 hoc
752 4425 1022 4479 disseruit
1078 4426 1252 4480 etiam
1305 4425 1581 4496 Aegidius

300 4494 343 4547 L
360 4513 388 4549 e
405 4515 456 4549 m
478 4513 511 4549 a
527 4496 547 4548 i
564 4513 588 4548 s
605 4499 630 4550 t
643 4513 669 4548 r
686 4513 714 4550 e
754 4497 1063 4552 advocatus
1088 4497 1369 4566 generalis
1398 4497 1581 4579 parla-

301 4567 479 4620 menti
517 4567 845 4649 parisiensis
885 4575 932 4650 ('3†
958 4572 1008 4625 5.
1035 4567 1166 4622 Dec.
1208 4571 1368 4639 1562)
1408 4587 1468 4622 m
1511 4571 1579 4622 tr.

290 4638 408 4707 jur.
431 4655 587 4694 univ.
617 4641 660 4692 t.
680 4639 817 4704 XIL,
864 4643 1013 4693 sicut
1039 4640 1211 4694 etiam
1237 4645 1343 4695 Des
1368 4644 1580 4710 appela-

299 4713 436 4765 tions
462 4728 656 4765 comme
693 4714 894 4779 d'abus,
934 4711 1164 4765 Parisiis
1193 4716 1362 4774 1653;
1410 4716 1578 4772 1675;

300 4784 456 4838 1680.
509 4780 592 4837 Cf.
619 4781 849 4836 Schulte
877 4783 971 4846 III,
999 4788 1118 4848 555,
1163 4799 1333 4852 quem
1368 4784 1578 4852 passim
1636 4802 1762 4852 crya
1813 4787 1983 4838 Deum
2049 4792 2095 4836 et
2146 4787 2461 4851 proximum
2513 4780 2727 4850 Pragae

1635 4290 1942 4348 Cornelius
1976 4291 2023 4347 B
2040 4290 2111 4349 lo
2129 4308 2159 4348 c
2172 4289 2212 4347 k
2228 4290 2306 4348 iu
2324 4308 2351 4348 s
2388 4287 2751 4370 (Blocchius)
2800 4290 2918 4348 Ha-

1634 4380 2090 4454 gaecomitanuS,
2123 4397 2247 4437 can.
2282 4397 2402 4455 reg.
2426 4378 2728 4454 Ultrajecti
2761 4379 2924 4454 prior

1636 4477 1866 4539 (1532;
1901 4466 1937 4535 †
1964 4464 2158 4549 1553)
2192 4468 2428 4544 scripsit
2456 4471 2532 4530 tr.
2565 4469 2633 4526 de
2675 4471 2923 4526 se'monia

1713 4641 2170 4712 ¹)A1bertus
2233 4611 2418 4694 nonies
2479 4639 2550 4692 de
2615 4640 2921 4692 autten-

1637 4713 1840 4766 stein
1887 4715 1934 4782 (†
1978 4714 2137 4782 1550)
2182 4726 2417 4764 aureum
2464 4713 2535 4762 tr.
2585 4713 2645 4764 de
2695 4714 2925 4836 carli-{gp

301 4852 368 4906 de
413 4852 556 4918 aliis,
604 4870 747 4925 quos
785 4853 875 4907 hic
903 4856 1280 4919 nominamus,
1326 4855 1579 4909 conferre
1636 4855 1834 4909 edidit.
1886 4854 1969 4910 Cf.
2020 4853 2089 4906 de
2133 4870 2199 4908 eo
2246 4851 2557 4908 Balbinum
2614 4852 2922 4906 Bohemiae

298 4922 451 4979 licet.

1636 4927 1836 4982 doctae
1864 4927 1931 4992 ΙΙ,
1959 4930 2081 4984 101.
