3475 5364
488 328 650 382 1339
719 316 1090 372 1521—1540.
1117 313 1149 366 J
1156 330 1221 368 us
1248 315 1600 373 canonicum.
1629 315 1961 380 Gambarus,
1980 314 2646 381 Cittadin0‚Landriano,
2668 314 2855 385 Gigas
2929 331 3096 385 1340

479 499 630 559 Pisis
679 499 1017 558 cathedram
1062 501 1215 558 rexit
1264 501 1465 578 ibique
1506 513 1601 565 13.
1637 501 1759 560 Oct.
1818 505 1980 559 creta
2056 501 2290 560 concilii
2367 501 2748 577 provincialis
2798 499 3100 560 florentini

488 599 649 652 1535
705 607 880 648 senex
941 610 990 646 a.
1046 599 1117 652 81
1192 590 1351 648 diem
1403 596 1761 666 postremam
1818 588 1873 672 (1
1893 600 2141 653 517-1
2161 586 2332 671 518),
2381 610 2531 664 quae
2580 590 2932 665 prodierunt
2962 590 3099 650 Flo-

479 677 646 740 vidit.
720 678 845 736 Sibi
905 678 1021 753 ipsi
1085 680 1423 753 sepulcrum
1484 680 1762 739 fabricari
1817 680 2041 738 rentiae
2082 690 2246 742 1564
2279 683 2342 738 et
2380 680 2539 755 apud
2570 679 2764 738 Mansi
2795 679 3097 754 Supplem.

478 768 683 827 vivens
717 768 965 836 curavit,
1016 785 1130 834 ,ne
1180 770 1431 844 posteris
1479 771 1604 828 suis
1637 788 1761 829 cre·
1818 770 1891 827 ad
1926 788 2084 833 conc.
2114 769 2210 831 IV.
2247 778 2616 837 407-500,
2667 768 2739 826 de
2770 768 2991 843 quibus
3022 768 3095 825 cf.

480 857 703 927 deret,‘
741 860 813 915 ut
845 857 905 914 in
939 857 1238 932 epitaphio
1270 858 1540 935 legimus.
1605 860 1759 918 Dum
1819 858 2016 917 Hefele
2038 891 2060 902 -
2083 858 2560 935 Hergenroether
2628 858 2766 917 VIII
2841 860 2873 930 ἓ
2949 868 3094 920 909.

478 947 706 1005 viveret
782 947 857 1005 ob
934 945 1277 1019 disputandi
1356 949 1757 1025 sagacitatem,
1813 927 2066 1022 §cripsit
2125 948 2607 1006 commentarium
2671 947 2735 1004 in
2783 947 3096 1023 Extravag.

479 1035 941 1110 praelectionum
995 1035 1371 1094 vivacitatem
1417 1043 1479 1095 et
1522 1038 1759 1113 elegan—
1814 1036 1853 1094 J
1857 1037 1967 1094 ulii
1988 1038 2060 1095 ΙΙ.
2082 1038 2151 1095 de
2170 1038 2427 1095 electione
2443 1038 2764 1095 sinwniaca
2781 1055 2924 1094 rom.
2943 1053 3095 1109 pon·

479 1125 624 1184 tiam
655 1143 873 1201 magna
891 1127 1018 1182 erat
1041 1126 1170 1200 ejus
1202 1124 1387 1183 fama:
1422 1126 1562 1185 hinc
1581 1126 1759 1184 undi-
1816 1128 1984 1201 tificis
2001 1124 2056 1207 (1
2076 1141 2127 1186 4.
2146 1126 2183 1183 J
2189 1146 2280 1184 an.
2304 1138 2330 1189 1
2349 1124 2516 1203 506),
2551 1145 2730 1201 quam
2750 1125 3094 1184 electionem

480 1234 594 1288 que
644 1215 759 1273 suit
808 1213 1102 1272 invitatus
1165 1215 1656 1289 splendidissimis
1700 1219 1761 1273 et
1815 1234 1884 1273 ex
1909 1216 2046 1290 jure
2079 1234 2230 1274 novo
2263 1234 2367 1291 per
2397 1214 2630 1273 Julium
2651 1214 2723 1271 ΙΙ.
2757 1214 2982 1273 sancito
2999 1214 3096 1271 in·

478 1302 581 1363 illo
613 1322 755 1362 aevo
792 1303 983 1362 adhuc
1014 1303 1271 1361 insolitis
1303 1304 1759 1378 pollicitationi·
1816 1304 2080 1363 validam
2111 1307 2324 1374 censet,
2359 1304 2578 1363 Romae
2605 1313 2789 1366 1528.
2824 1304 3095 1362 Ceterum

478 1393 610 1461 bus,
629 1393 864 1452 oblatae
884 1393 1047 1449 fuere
1078 1392 1387 1450 cathedrae
1405 1394 1759 1453 honorificae
1815 1394 1939 1468 ipse
1971 1397 2155 1469 optat,
2196 1397 2269 1452 ut
2314 1394 2457 1452 haec
2501 1392 2852 1452 constitutio
2885 1391 3096 1451 radici-

478 1501 512 1540 a
541 1482 915 1559 principibus
947 1482 1008 1538 et
1041 1481 1369 1539 academiis.
1433 1482 1517 1540 Ea
1561 1488 1760 1541 tamen
1815 1488 1914 1541 tus
1962 1483 2275 1540 tolleretur
2323 1502 2436 1550 ,ne
2486 1481 2793 1557 contingat
2837 1482 2979 1540 olim
3023 1500 3094 1539 ex

477 1576 614 1646 post
633 1572 761 1646 ejus
778 1573 1030 1628 mortem
1049 1570 1371 1629 obliterata
1394 1570 1529 1640 fuit,
1566 1590 1760 1646 neque
1813 1572 1932 1630 ista
1964 1572 2299 1629 schismatis
2322 1572 2573 1646 alicujus
2591 1589 2792 1629 semen
2821 1571 2966 1630 oriri
2981 1565 3027 1650 ¹)
3046 1578 3093 1627 ⁴¹.

478 1661 636 1719 enim
668 1663 906 1718 tantum
938 1663 1031 1716 est
1061 1660 1189 1733 ejus
1216 1678 1464 1734 operum
1480 1662 1756 1736 pretium,
1823 1662 1918 1719 Tr.
1954 1662 2023 1718 de
2053 1661 2449 1734 beneficiorum
2465 1662 2903 1735 permutatione,
2937 1660 3095 1718 inter

479 1768 737 1825 quorum
767 1750 1049 1824 pleraque
1073 1749 1175 1823 jus
1208 1749 1540 1823 respiciunt
1570 1750 1757 1819 civile,
1813 1753 1987 1810 tract.
2027 1751 2185 1825 juris
2231 1750 2389 1807 univ.
2438 1749 2555 1806 XV.
2627 1760 2676 1819 l,
2716 1757 2837 1810 2108
2875 1767 2978 1820 ss.;
3023 1750 3095 1806 de

478 1853 665 1914 pauca
673 1839 774 1914 jus
790 1838 1137 1897 canonicum
1151 1840 1217 1918 ¹).
1251 1839 1344 1895 Ad
1361 1839 1470 1897 hoc
1486 1842 1762 1914 spectant
1814 1841 2023 1913 officiis
2054 1847 2105 1896 et
2134 1840 2472 1897 auctoritate
2517 1840 2686 1913 leyati
2716 1858 2754 1895 a
2784 1834 2982 1910 latere,
3013 1838 3092 1895 ib.

477 1930 874 1986 commentum
922 1945 1101 2000 super
1140 1927 1375 1985 rubrica
1406 1929 1474 1985 de
1492 1929 1758 2002 judiciis,
1816 1928 1969 2000 XIII,
2013 1940 2063 1997 1,
2107 1937 2223 1991 150
2259 1946 2363 1995 ss.;
2399 1927 2662 1985 Venetiis
2710 1935 2864 1990 1585
2900 1926 2962 1984 in
2994 1926 3030 1988 f.

480 2016 634 2074 Pisis
704 2026 904 2087 14s4;
967 2016 1207 2074 consilia
1273 2013 1475 2097 (τοο),
1540 2017 1759 2091 Papiae
2325 2074 2332 2082 ,

487 2115 823 2168 1512-31
863 2110 906 2162 t.
943 2117 978 2166 4
1015 2105 1078 2162 in
1109 2105 1147 2161 f.
1181 2123 1314 2163 cum
1338 2106 1597 2164 auctoris
1618 2106 1757 2164 vita.
1908 2114 2053 2167 622.
2087 2107 2172 2163 De
2206 2105 2656 2180 quaestionibus
2700 2104 3095 2180 sinyularibus

478 2194 906 2253 Commentaria
965 2195 1028 2251 in
1090 2194 1411 2270 decretales,
1477 2195 1759 2270 Lugduni
1814 2195 2205 2269 disputarunt
2280 2194 2709 2268 praetermissis
2760 2193 3095 2250 Hen1·ico

487 2293 682 2352 15573
747 2283 1011 2341 Venetiis
1067 2292 1229 2345 1576
1277 2283 1342 2342 in
1373 2283 1411 2341 f.
1477 2283 1760 2352 Quamvis
1815 2284 2038 2343 Grefe
2071 2281 3094 2359 Goettingensi‚professoreinuni-

476 2375 919 2431 tuereturconc.
936 2372 1229 2447 pisanum,
1260 2391 1380 2431 non
1406 2379 1759 2431 tamencum
1814 2374 2093 2431 versitate
2143 2372 2414 2448 lipsiensi
2460 2366 2958 2453 (1481—1521)
3004 2404 3093 2413 —

478 2462 793 2520 Gallicanis
824 2461 1127 2519 illimitate
1147 2461 1462 2536 profitetur
1481 2462 1757 2522 concilio·
1816 2463 2047 2521 Paulo
2125 2462 2526 2520 Cittadino
2603 2460 2701 2540 (de
2777 2454 3091 2539 Citadinis)

477 2571 608 2609 rum
642 2550 1012 2626 generalium
1056 2569 1234 2626 super
1264 2569 1574 2610 romanum
1607 2571 1756 2626 pon·
1815 2551 2249 2621 Mediolanensi,
2296 2552 2358 2608 in
2405 2550 2700 2607 academia
2731 2548 3092 2624 friburgensi

477 2640 694 2699 tificem
727 2641 1160 2710 auctoritatem,
1204 2639 1306 2698 sed
1339 2640 1651 2700 concilium
1687 2641 1758 2699 de
1813 2641 2013 2719 legum
2075 2642 2420 2716 interprete,
2484 2639 2595 2697 sub
2640 2638 3095 2697 mediolanensis

478 2750 544 2789 eo
575 2733 813 2788 tantum
863 2731 924 2787 in
974 2730 1205 2788 casibus
1255 2729 1612 2804 quibusdam
1656 2731 1756 2805 ju·
1812 2730 2089 2789 ecclesiae
2150 2729 2605 2804 archiepiscopis
2655 2731 2790 2805 post
2834 2729 3095 2786 reditum

476 2820 671 2877 dicare
704 2836 876 2893 posse
910 2818 1190 2893 opinatur
1220 2825 1329 2878 etc.
1363 2851 1452 2862 ·—-·
1483 2818 1522 2876 J
1538 2838 1570 2877 o
1589 2819 1758 2877 doci
1813 2820 1876 2877 in
1895 2820 2151 2895 patriam
2171 2819 2639 2895 appellationum
2660 2816 2864 2892 judice
2899 2817 3093 2876 totius

475 2909 546 2965 de
579 2908 623 2965 F
639 2927 672 2967 o
688 2926 729 2965 n
744 2909 771 2965 t
787 2927 820 2964 a
834 2907 951 2964 nis
977 2907 1192 2983 Judicis
1211 2907 1629 2984 appellationis
1652 2926 1752 2982 po·
1813 2908 2150 2983 provinciae
2167 2909 2229 2968 in
2246 2908 2370 2967 foro
2387 2907 2781 2967 ecclesiastico
2799 2902 2859 2984 (†
2877 2917 2900 2968 l
2920 2902 3089 2985 525),

476 2997 604 3072 puli
651 2995 982 3054 rhodiensis
1017 2993 1079 3078 (†
1114 3016 1168 3071 p.
1216 3016 1264 3054 a.
1308 2992 1496 3077 1538)
1544 2997 1759 3055 scholia
1812 2999 1982 3072 cujus
2015 3001 2210 3057 exstat
2241 3000 2336 3056 sat
2368 2997 2642 3072 copiosus
2691 2999 2767 3052 tr.
2786 2997 2953 3070 Juris
2973 3014 3091 3070 pa-

476 3085 537 3143 in
569 3085 1025 3144 constitutiones
1058 3085 1292 3143 Bonis
1303 3086 1458 3144 acii
1492 3089 1556 3144 et
1602 3086 1756 3145 Cle·
1813 3094 2078 3145 tronatus
2138 3091 2199 3146 et
2260 3087 2580 3145 summaria
2639 3085 3094 3143 distinctionum

476 3175 762 3233 mentis
814 3194 951 3232 cum
999 3175 1124 3233 vita
1188 3174 1227 3232 J
1244 3175 1515 3234 oannis
1577 3174 1756 3233 XXII.
1812 3194 1878 3234 ac
1911 3177 2328 3250 quaestionum
2362 3193 2679 3233 causarum
2699 3173 2941 3242 decreti,
2964 3190 3008 3231 s.
3031 3173 3089 3242 1.,

476 3264 826 3339 prodierunt
855 3264 1094 3322 Parisiis
1140 3274 1319 3326 1527.
1352 3297 1438 3308 —-
1472 3264 1758 3323 Petrus
1812 3286 1860 3326 a.
1895 3270 1955 3324 et
1986 3286 2041 3324 n.
2075 3264 2453 3342 typographi,
2487 3263 2849 3340 Argentinae
2892 3272 3090 3330 1506;

477 3353 823 3412 Andreas
869 3353 1291 3412 Gambarus
1353 3349 1753 3434 (Gammarus)
1811 3355 2090 3430 Lugduni
2148 3362 2345 3424 1573;
2408 3353 2674 3412 Venetiis
2727 3361 2893 3415 1583
2942 3351 3006 3408 in
3049 3350 3089 3408 f.

477 3462 581 3501 seu
613 3443 684 3501 de
718 3442 1090 3500 Gambarinis
1121 3461 1178 3500 n.
1220 3451 1383 3506 1480
1432 3443 1497 3501 in
1529 3443 1756 3503 ditione
1812 3462 1944 3502 cum
1995 3445 2295 3502 Boccho
2346 3442 2417 3501 de
2469 3443 2645 3500 Curte
2693 3440 2971 3515 Papiensi
3031 3442 3093 3498 et

477 3532 845 3602 bononiensi,
872 3533 916 3608 j.
952 3552 1011 3590 u,
1045 3532 1268 3602 doctor,
1297 3532 1453 3607 juris
1488 3533 1755 3591 canonici
1811 3533 1904 3595 J0.
1938 3533 2276 3600 Nicolai3
2308 3532 2388 3589 ib.
2431 3543 2593 3594 1607
2629 3549 2765 3589 cum
2796 3529 2949 3589 card.
2984 3529 3089 3590 Si-

474 3620 786 3696 professor,
800 3621 1054 3679 vicarius
1073 3623 1366 3696 generalis
1386 3625 1514 3679 erat
1532 3622 1755 3680 archie·
1810 3643 1869 3679 m
1885 3641 1918 3681 o
1934 3641 1976 3680 n
1991 3641 2021 3680 e
2039 3625 2066 3679 t
2080 3625 2108 3679 t
2125 3642 2159 3681 a
2217 3655 2306 3665 —-
2369 3622 2415 3680 B
2434 3640 2466 3679 e
2482 3639 2511 3677 r
2527 3639 2566 3677 n
2583 3640 2616 3678 a
2632 3640 2663 3677 r
2677 3620 2807 3678 din
2828 3638 2862 3678 o
2910 3618 2955 3677 L
2971 3638 3005 3676 a
3019 3637 3090 3676 n-

474 3712 698 3787 piscopi
732 3711 1031 3769 florentini
1064 3711 1102 3768 J
1106 3711 1212 3769 ulii
1257 3710 1329 3769 de
1361 3710 1601 3769 Medici:
1649 3712 1755 3786 qui
1812 3711 2086 3770 driano
2118 3710 2275 3787 juris
2309 3711 2581 3768 consulto
2617 3705 2695 3790 (fi.
2738 3704 2952 3789 1524),
2986 3708 3091 3783 qui

474 3801 848 3874 postmodum
864 3799 1087 3858 electus
1104 3799 1367 3876 pontifex
1385 3801 1498 3858 sub
1517 3801 1755 3858 nomine
1812 3800 2216 3858 additionibus
2232 3799 2620 3873 locupletavit
2639 3798 2894 3857 aliorum
2913 3814 3092 3872 opera

475 3889 790 3948 Clementis
854 3889 980 3948 VII.
1044 3908 1178 3947 eum
1228 3889 1369 3948 fecit
1420 3890 1753 3948 audttorem
1809 3894 1880 3947 ut
1911 3889 2298 3947 Dominici
2347 3888 2419 3946 de
2452 3907 2497 3946 s·
2531 3887 2881 3947 Geminiano
2913 3903 3092 3962 super

474 3978 658 4036 Rotae
694 3975 935 4058 (1526),
970 3978 1109 4036 dein
1144 3975 1369 4059 (1527)
1420 3979 1752 4037 auditorem
1811 3979 1848 4036 l.
1899 3978 1994 4037 VI.
2057 3978 2457 4047 decretalium,
2521 3974 3088 4037 Panormitani

476 4086 517 4125 S.
551 4068 764 4125 Palatii
799 4067 1109 4141 apostolici
1143 4071 1203 4125 et
1235 4068 1522 4125 vicarium
1556 4086 1752 4139 suum,
1808 4067 2033 4143 glossas
2098 4086 2276 4142 super
2324 4066 2734 4136 decretalibus,
2786 4066 2876 4125 Jo.
2929 4064 3090 4124 Petri

473 4176 601 4215 mox
649 4168 701 4219 7.
735 4159 886 4231 Aug.
929 4165 1092 4217 1528
1159 4157 1499 4231 episcopum
1550 4157 1752 4214 faven-
1811 4157 2159 4214 Ferrarii
2190 4157 2488 4233 papiensis
2522 4156 2839 4230 practicam
2859 4157 2968 4213 etc.
3010 4186 3080 4195 —

473 4247 685 4303 tinum.
750 4244 915 4303 Obiit
962 4248 1162 4303 tamen
1197 4246 1259 4303 in
1308 4245 1522 4304 itinere
1557 4245 1630 4302 ad
1662 4265 1754 4303 ec·
1809 4246 2283 4321 Hieronymo
2335 4246 2566 4321 Gigas
2613 4263 2682 4303 ex
2730 4245 2878 4303 urbe
2910 4243 3088 4302 Foro-

474 4336 711 4393 clesiam
727 4352 895 4392 suam
911 4334 1110 4393 eodem
1128 4354 1175 4391 a.
1190 4334 1752 4409 menseSeptembri.
1814 4335 2136 4410 sempronii
2173 4331 2251 4414 (fi.
2298 4332 2505 4415 1527),
2541 4335 2712 4408 cujus
2744 4338 2819 4391 tr.
2852 4334 2921 4391 de
2941 4349 3087 4405 pen-

476 4423 727 4499 Collegit
758 4423 995 4481 nomine
1044 4424 1136 4481 sui
1182 4424 1607 4500 archiepiscopi
1649 4423 1752 4482 de·
1808 4424 2063 4482 sionibus
2095 4425 2479 4483 ecelesiasticis
2529 4442 2699 4498 saepe
2744 4422 2983 4496 prodiit,
3019 4423 3091 4479 ut

1808 4513 2086 4588 Lugduni
2126 4511 2559 4582 1546;‘1563;
2593 4512 2855 4571 venetiis
2889 4521 3086 4580 1570;

802 4662 812 4673 ‚
1064 4663 1074 4674 ,
1809 4603 2079 4660 Coloniae
2122 4612 2320 4671 16193
2353 4619 2631 4675 responsa
2664 4602 2993 4676 familiaria
3023 4600 3088 4658 in

550 4670 587 4729 ι)
616 4662 697 4717 Cf.
750 4662 1078 4718 Tiraboschi
1132 4663 1222 4718 VI.
1274 4685 1327 4734 p.
1370 4671 1419 4722 1.
1460 4665 1497 4719 1.
1538 4671 1587 4722 2.
1633 4681 1679 4719 c.
1719 4671 1753 4721 5

474 4754 527 4790 n.
552 4739 623 4791 43
651 4753 750 4799 ss.;
779 4736 1046 4789 Schroedl
1073 4734 1183 4788 KL.
1211 4741 1271 4793 32
1298 4741 1465 4793 1440:
1520 4736 1752 4790 Schulte

475 4809 539 4868 ΙΙ,
568 4811 701 4867 361;
748 4807 1004 4876 Argelati
1046 4807 1084 4873 Ι,
1112 4811 1243 4868 539;
1298 4808 1477 4862 Boeza,
1522 4808 1583 4860 in
1630 4810 1753 4877 ejus
1885 4812 1922 4879 Ι)
1951 4809 2033 4863 cf.
2097 4808 2165 4863 N.
2231 4808 2440 4862 Paulus
2495 4807 2766 4862 Katholik
2829 4811 2966 4864 1899
3020 4808 3086 4871 11,

470 4885 578 4932 vita
604 4879 870 4946 operibus
898 4878 1220 4947 praemissa.
1807 4883 2105 4936 379-384.

2002 4744 2126 4752 ———-
