3475 5364
352 360 429 410 ‘fg
440 361 471 412 5
925 341 1265 395 Vincentius
1293 341 1335 393 F
1339 358 1460 404 err.,
1490 344 1622 394 Ant.
1650 340 1884 400 Parvus,
1915 340 2085 393 Leon.
2113 341 2181 393 de
2210 339 2391 393 Datis.
2846 357 2966 410 736

350 529 568 588 mentis
589 527 719 588 VII.
751 528 983 605 legatus
1014 528 1087 586 ad
1121 546 1320 605 regem
1352 528 1630 587 Franciae
1688 527 1820 602 ejus
1853 527 2159 602 opusculis
2207 529 2268 585 et
2298 526 2567 602 epistolis
2602 522 2716 607 (7),
2752 527 2966 585 Valen-

349 619 568 677 missus
587 616 924 677 Valentiam
944 617 1126 687 venit,
1160 637 1225 675 ac
1247 617 1630 675 Vincentium
1686 615 1813 675 tiae
1872 626 2027 679 1591
2058 638 2071 686 3
2133 626 2295 679 1855
2323 639 2336 683 ;
2387 634 2703 685 sermones,
2770 615 2969 674 Ulmae

350 727 415 764 ex
450 708 673 765 virtute
706 711 768 765 et
798 706 1070 766 doctrina
1112 707 1506 765 clarissimum
1541 724 1628 764 se·
1696 714 1893 775 14753
1945 705 2221 764 Coloniae
2261 714 2602 768 1482-—87
2653 709 2695 762 t.
2731 715 2769 766 4
2803 705 2866 763 in
2897 706 2968 770 f.;

350 815 486 855 cum
530 799 661 854 toto
696 796 1015 873 legationis
1061 800 1326 871 tempore
1359 796 1629 853 retinuit.
1688 794 2079 869 Argentorati
2136 803 2333 864 1485;
2423 802 2615 863 1503;
2692 794 2971 870 Lugduni

349 886 576 944 Deinde
621 885 684 943 in
731 903 942 960 papam
984 885 1210 944 electus
1245 881 1629 965 (Benedictus
1696 894 1896 953 14903
1952 893 2149 953 14973
2206 893 2368 946 1516
2418 882 2505 941 ed.
2553 883 2877 958 praecipua
2906 883 2970 941 in

348 974 505 1033 XIII.
552 973 915 1054 appellatus)
968 974 1330 1032 Avenionem
1377 973 1629 1033 accitum
1686 992 1783 1048 pp.
1820 983 1888 1042 33
1946 982 2142 1040 1523;
2195 972 2557 1047 Antverpiae
2598 981 2796 1041 15703
2846 974 2971 1031 Au-

349 1063 881 1139 poenitentiarium
913 1064 1197 1138 majorem
1229 1063 1496 1138 sacrique
1525 1082 1629 1139 pa·
1687 1065 1896 1138 gustas
1915 1061 1980 1119 V.
2021 1071 2183 1124 1729
2218 1065 2326 1119 etc.
2361 1065 2428 1119 et
2459 1079 2631 1137 saepe
2665 1060 2806 1120 alibi
2838 1080 2970 1136 par-

349 1153 480 1211 latii
513 1153 870 1228 magist-:um
891 1152 1215 1211 constituit
1231 1172 1281 1214 a.
1313 1162 1498 1214 1395.
1546 1153 1631 1210 De
1692 1151 1803 1209 tim
1837 1151 1931 1209 vel
1969 1151 2354 1226 conjunctim,
2401 1151 2507 1225 qui
2536 1154 2739 1209 tamen
2770 1151 2972 1225 prouti

351 1244 457 1301 hoc
488 1245 684 1300 tamen
707 1241 1025 1317 posteriori
1045 1259 1289 1299 munere
1311 1242 1487 1301 Ehrle
1520 1242 1628 1299 du·

348 1332 432 1389 bit
440 1336 518 1389 at.
541 1331 893 1389 Vincentius
907 1331 1204 1389 Avenione
1216 1334 1454 1389 tantum
1464 1331 1631 1389 bien-

349 1422 450 1479 nio
472 1426 867 1479 commoratus
888 1420 1025 1478 dein
1041 1441 1090 1478 a.
1119 1431 1136 1480 l
1158 1429 1280 1482 399
1300 1438 1436 1478 suas
1458 1437 1628 1495 apos·

349 1509 557 1568 tolicas
580 1508 980 1583 expeditiones
1016 1528 1135 1568 non
1155 1508 1348 1568 solum
1368 1527 1475 1584 per
1495 1508 1629 1567 His-

350 1598 605 1674 paniam,
624 1599 724 1657 sed
746 1597 926 1655 etiam
946 1618 1049 1674 per
1062 1598 1630 1674 Galliam,Belgium‚

350 1706 626 1764 magnam
661 1686 1032 1746 Britanniam
1076 1688 1138 1745 et
1168 1687 1404 1746 Italiam
1433 1687 1633 1761 coepit

342 1779 537 1852 jussu,
572 1781 642 1833 ut
673 1779 925 1834 eventus
957 1776 1136 1834 etiam
1170 1776 1391 1847 docuit,
1413 1776 1632 1835 Christi

351 1866 602 1924 Domini.
663 1865 1038 1935 BenedictuS,
1072 1868 1143 1924 ut
1173 1866 1368 1924 virum
1403 1864 1631 1924 detine-

349 1960 459 2024 ret,
506 1955 910 2029 episcopatum
959 1955 1362 2025 valentinum,
1411 1955 1530 2013 imo
1573 1959 1633 2012 et

351 2044 666 2102 cardinalis
697 2043 1054 2121 dignitatem
1076 2044 1315 2114 obtulit,
1350 2043 1453 2103 sed
1472 2044 1629 2101 frus-

350 2144 469 2191 tra:
491 2151 674 2207 quare
689 2152 825 2191 eum
843 2133 917 2190 ad
933 2132 1228 2192 efficacius
1243 2131 1631 2192 concionandi

352 2239 570 2280 munus
582 2221 924 2281 obeundum
937 2221 1381 2281 missionarium
1393 2226 1628 2297 aposto-

351 2312 532 2371 licum
563 2311 833 2369 instituit
863 2331 994 2369 cum
1029 2311 1411 2387 amplissimis
1445 2310 1631 2368 facul-

351 2400 592 2462 tatibus,
617 2401 954 2459 Peccatores
975 2400 1316 2459 innumeros
1338 2400 1410 2459 ad
1429 2399 1632 2474 poeni·

351 2490 624 2557 tentiam,
647 2490 1161 2548 Mohammedanos
1184 2485 1254 2559 (c.
1281 2486 1500 2569 8000),
1520 2489 1560 2547 J
1563 2508 1632 2546 u-

352 2580 527 2637 daeos
560 2574 632 2658 (c.
671 2577 931 2653 25000),
967 2578 1298 2638 haereticos
1328 2579 1398 2636 ad
1433 2596 1631 2636 veram

353 2669 526 2727 fidem
560 2667 837 2744 perduxit
855 2670 1206 2743 cooperante
1232 2668 1480 2728 Domino
1503 2670 1631 2726 stu·

353 2757 562 2834 pendis
593 2757 913 2816 miraculis.
964 2756 1329 2833 Quocunque
1359 2758 1634 2816 veniebat

353 2846 681 2905 mirabilem
715 2842 1008 2906 excitabat
1040 2847 1507 2917 commotionem,
1541 2847 1633 2904 in—

1685 1240 1992 1316 leguntur,
2045 1259 2164 1299 non
2213 1259 2245 1298 e
2290 1258 2471 1298 manu
2514 1240 2705 1315 ipsius
2749 1258 2791 1297 s.
2826 1238 2969 1298 Vin-

1687 1330 1868 1388 centii
1916 1329 2285 1404 prodierunt,
2332 1328 2435 1387 sed
2480 1329 2554 1386 ab
2596 1327 2971 1387 auditoribus

1688 1437 1756 1476 ex
1792 1437 1892 1477 ore
1926 1416 2176 1476 dicentis
2227 1418 2363 1493 plus
2393 1419 2670 1477 minusve
2701 1422 2972 1476 accurate

1687 1511 1749 1566 et
1779 1507 1983 1565 limate
2031 1508 2259 1583 excepti
2293 1507 2474 1576 fuere,
2523 1507 2615 1565 vel
2663 1510 2808 1565 sunt
2838 1511 2969 1565 tan·

1687 1600 1819 1654 tum
1853 1597 2202 1656 concionum
2235 1597 2536 1656 schemata
2567 1601 2627 1654 et
2656 1596 2971 1654 adumbra—

1687 1686 1915 1744 tiones:
1951 1686 2089 1744 hinc
2120 1704 2238 1744 non
2274 1703 2510 1760 semper
2527 1684 2788 1744 reddunt
2814 1686 2971 1743 tanti

1692 1775 1804 1832 viri
1837 1775 2163 1851 ingenium.
2227 1774 2496 1833 Ceterum
2545 1774 2720 1850 pauci
2753 1792 2969 1833 sermo·

1689 1883 1794 1922 nes
1829 1872 2156 1938 supersunt
2175 1882 2281 1939 pro
2299 1882 2549 1923 numero
2568 1881 2720 1939 quos
2740 1863 2969 1932 habuit,

1689 1973 1825 2012 nam
1879 1953 2040 2011 ultra
2094 1963 2327 2016 20.000
2363 1952 2638 2011 habuisse
2684 1952 2877 2010 fertur
2906 1948 2969 2030 ¹).

1688 2043 1773 2100 Ex
1799 2043 2054 2115 epistolis
2073 2043 2352 2100 memoria
2371 2043 2555 2118 digna
2574 2044 2668 2100 est
2686 2061 2771 2108 ea,
2793 2060 2970 2117 quam

1687 2132 2001 2207 inscripsit
2030 2131 2347 2189 Benedicto
2381 2131 2534 2189 XIII.
2586 2149 2772 2206 papae
2818 2133 2971 2188 Ave-

1689 2222 1868 2279 nione
1921 2219 2151 2279 sedenti
2194 2221 2263 2279 de
2305 2222 2417 2295 fine
2466 2221 2666 2277 'nundi
2717 2228 2765 2277 et
2799 2222 2968 2277 Anti·
3080 2269 3087 2274 .

1688 2310 1901 2367 christo
1936 2306 2182 2390 (1412),
2216 2328 2395 2384 quem
2420 2309 2542 2384 jam
2576 2329 2626 2370 a.
2670 2318 2832 2371 1403
2867 2327 2972 2367 na·

1691 2402 1821 2456 tum
1869 2417 1994 2457 esse
2027 2399 2269 2473 conjicit
2298 2417 2367 2456 ex
2399 2397 2756 2457 tristissima
2774 2398 2972 2456 Eccle-

1690 2488 1813 2545 siae
1846 2486 2197 2558 conditione,
2233 2487 2471 2561 saepius
2492 2486 2654 2545 edita
2684 2489 2744 2545 et
2773 2487 2838 2545 in
2869 2506 2969 2545 va·

1689 2577 1812 2635 rias
1847 2595 2014 2635 versa
2059 2577 2315 2653 linguas,
2364 2576 2547 2658 latine
2596 2576 2753 2651 apud
2786 2576 2970 2652 Fages

1691 2686 1782 2741 op.
1818 2666 1916 2724 cit.
1951 2665 2196 2742 append.
2230 2664 2823 2724 LXXVI—LXXXV.

1787 2854 1928 2907 395.
1963 2845 2358 2903 Antonius
2381 2820 2971 2903 ParvusO.Praed.

355 2941 562 3013 gentes
583 2939 723 3012 post
743 2954 806 2994 se
837 2936 1019 2994 traxit
1048 2936 1257 2994 turbas
1291 2937 1633 3013 linguarum
1688 2934 2086 2993 Bononiensis
2147 2934 2396 3009 insignis
2454 2933 2831 2992 concionator
2888 2926 2971 3013 (fl.

355 3026 705 3084 charismate
737 3025 1008 3083 illustris.
1056 3026 1307 3083 Demum
1329 3024 1632 3083 laboribus
1701 3018 1893 3101 1403)
1942 3023 2154 3081 habuit
2200 3041 2517 3092 sermones,
2564 3040 2668 3081 seu
2714 3024 2971 3098 quadra-

354 3116 577 3173 sractus
611 3113 876 3173 Venetiis
911 3109 1195 3195 (Vannes)
1229 3113 1293 3172 in
1326 3114 1635 3173 Britannia
1686 3114 1958 3189 yesimale
2007 3116 2451 3187 nuncupatum,
2517 3129 2687 3186 saepe
2747 3111 2972 3169 editum

354 3204 568 3262 minori
606 3212 637 3265 5
662 3206 801 3280 Apr.
832 3213 996 3265 1419
1032 3204 1128 3277 pie
1160 3202 1429 3272 decessit,
1465 3223 1500 3262 a
1528 3203 1631 3262 Ca—
1691 3204 1820 3259 sine
1853 3201 2114 3260 auctoris
2147 3202 2385 3260 nomine
2418 3220 2462 3259 s.
2482 3202 2521 3260 l.
2552 3211 2709 3267 1501
2738 3221 2751 3268 ;
2788 3200 2972 3257 Vene-

356 3293 503 3352 lixto
537 3291 623 3349 111
655 3311 707 3356 a.
736 3301 897 3355 1455
934 3292 1092 3351 inter
1124 3296 1359 3351 sanctos
1390 3293 1632 3354 relatus.
1692 3291 1793 3348 tiis
1821 3289 2977 3365 15053Lugduni15063Parisiis1531.

357 3382 483 3440 Etsi
527 3381 845 3440 Benedicto
878 3379 1038 3445 ΧΙΙΙ,
1084 3381 1448 3450 adhaereret,
1496 3399 1635 3439 eum
1690 3412 1779 3422 —
1812 3379 2259 3437 Leonardus
2304 3378 2376 3437 de
2424 3379 2642 3437 Datis
2676 3379 2738 3436 Ο.
2776 3376 2973 3435 Praed.

358 3469 592 3546 saepius
638 3470 888 3541 monuit,
941 3472 1012 3528 ut
1058 3471 1150 3528 vel
1198 3470 1460 3535 cessione
1506 3470 1633 3545 paci
1693 3467 2030 3525 Florentiae
2107 3472 2286 3525 natus
2364 3486 2593 3525 morum
2665 3466 2974 3543 gravitate.

357 3560 650 3618 Ecclesiae
681 3561 1047 3618 consuleret:
1082 3559 1240 3635 quod
1263 3577 1398 3618 cum
1435 3558 1527 3617 hic
1549 3558 1634 3616 fa·
1693 3556 1979 3625 doctrina,
2001 3555 2356 3631 dicendique
2388 3556 2580 3631 gratia
2608 3558 2671 3613 et
2699 3554 2979 3628 facundia

359 3666 485 3707 cere
515 3654 863 3718 recusasset,
911 3648 1148 3707 demum
1192 3649 1320 3724 ipse
1350 3649 1544 3724 palam
1577 3647 1632 3704 ei
1692 3644 1781 3702 ita
1812 3644 2076 3715 emicuit,
2124 3648 2194 3702 ut
2239 3645 2496 3702 nominis
2543 3644 2636 3702 sui
2668 3643 2824 3702 fama
2857 3644 2977 3717 pri-

359 3737 731 3796 renunciavit
777 3749 832 3801 6.
865 3738 1000 3796 Jan.
1046 3747 1205 3799 1416
1255 3738 1518 3812 aliosque
1562 3738 1635 3794 ad

358 3827 515 3886 idem
547 3827 969 3902 praestandum
1005 3827 1277 3885 hortatus
1310 3830 1415 3888 est.
1480 3826 1636 3884 Reli-

1774 3839 1807 3904 ι)
1837 3835 1918 3887 cf.
1970 3834 2091 3902 ejus
2143 3832 2318 3885 vitam
2365 3834 2596 3885 auctore
2642 3830 2824 3885 sodali
2870 3829 2978 3883 Pe·

359 3917 492 3990 quit
521 3916 751 3990 aliquot
782 3916 1065 3991 opuscula
1098 3917 1352 3974 ascetica
1372 3916 1639 3991 (collecta
1693 3909 1719 3960 ¹³
1731 3923 1760 3958 1·
1776 3922 1807 3959 0
1871 3904 1919 3958 R
1933 3922 1967 3958 a
1981 3922 2021 3957 11
2037 3922 2064 3956 2
2081 3921 2114 3957 a
2129 3921 2169 3956 11
2185 3920 2217 3958 0
2280 3902 2513 3971 praevio
2575 3902 2978 3957 commentario

357 4007 445 4063 ed.
462 4005 704 4063 Parisiis
733 4002 940 4083 1901),
979 4006 1137 4063 inter
1148 4023 1300 4079 quae
1314 4007 1637 4064 tractatum

1692 3977 2039 4030 illustratam
2090 3976 2149 4029 in
2200 3975 2343 4029 actis
2393 3973 2485 4029 SS.
2536 3974 2611 4028 ad
2661 3978 2710 4030 5.
2759 3976 2804 4025 A
2850 3992 2894 4029 r.
2941 3974 2979 4033 Ι,

1691 4052 1977 4105 482-512
2000 4046 2258 4116 aliosque
2281 4045 2625 4117 biographos
2640 4045 2795 4115 apud
2810 3993 2858 4110 ὃ
2876 4064 2911 4098 u
2931 4064 2980 4099 e-

358 4094 517 4152 vitae
549 4093 881 4169 ΒΡῙΥῘῙΉΨῙῘ8
901 4112 1007 4152 ⁸0¹²
1036 4094 1105 4152 de
1122 4096 1397 4153 ‘'mrim’‘
1413 4095 1638 4152 'mmm‘
1695 4120 1801 4173 tif
1824 4121 1863 4184 1,
1891 4123 2026 4176 765:
2052 4122 2246 4172 tamen
2270 4116 2645 4199 biographiae
2673 4116 2982 4171 anteriores

357 4184 755 4253 formativum,
787 4181 1176 4260 Magdeburgi
1214 4193 1412 4253 14933
1449 4183 1636 4242 Vena·
1695 4209 1807 4245 non
1863 4190 2127 4246 omnibus
2177 4206 2426 4244 numeris
2486 4192 2624 4242 sunt
2671 4190 2979 4243 absolutae.

360 4272 459 4330 fiis
517 4282 715 4339 15003
766 4271 1046 4348 Lugduni
1112 4284 1126 4331 1
1149 4282 1269 4335 535
1299 4294 1311 4341 3
1365 4273 1638 4331 Coloniae
1696 4263 1906 4317 Nostra
1929 4265 2116 4316 aetate
2147 4261 2363 4332 prodiit
2387 4260 2636 4314 Histoire
2663 4261 2733 4314 de
2749 4259 2981 4314 S.Vinc.

368 4372 566 4430 1616;
616 4361 862 4420 Tolosae
919 4372 1105 4431 1655,
1156 4362 1334 4419 etiarn
1384 4362 1447 4419 in
1492 4362 1638 4420 alias

361 4450 593 4525 linguas
627 4470 895 4520 versum3
947 4454 1020 4508 tr.
1068 4451 1137 4508 de
1167 4452 1425 4509 oratione
1457 4452 1639 4508 domi-

360 4542 511 4615 nica,
539 4540 819 4616 Lugduni
849 4546 1047 4610 15233
1083 4540 1405 4599 Consolatio
1436 4542 1498 4597 in
1519 4547 1639 4598 ten·

1695 4335 1929 4397 Ferrier,
1959 4333 2189 4387 Parisiis
2229 4337 2364 4391 1901
2410 4336 2448 4385 t.
2475 4338 2507 4388 2
2547 4331 2634 4386 ed.
2662 4338 2711 4388 2.
2753 4335 2981 4385 auctore

1697 4406 1756 4460 P.
1784 4409 1963 4475 Fages
2006 4405 2225 4458 fructus
2265 4403 2587 4457 studiorum
2633 4420 2680 4456 a.
2710 4407 2793 4468 15,
2837 4419 2983 4470 quae

1697 4479 1770 4531 ob
1815 4477 2074 4547 copiosas
2120 4476 2370 4539 notitias,
2411 4475 2770 4539 documenta,
2799 4474 2984 4537 litera·

1697 4552 1885 4602 turam
1915 4551 2019 4603 etc.
2047 4550 2132 4600 est
2157 4548 2425 4617 pretiosa,
2466 4547 2536 4599 de
2564 4562 2678 4614 qua
2706 4547 2775 4599 cf.
2806 4544 2984 4597 Finke

361 4629 669 4687 lotionibus
687 4635 889 4688 contra
904 4625 1080 4702 fidem
1096 4650 1123 4700 ,·
1156 4629 1427 4705 Mysaris
1445 4647 1482 4705 y
1508 4646 1638 4687 con-
1695 4620 1891 4675 histor.
1919 4618 2112 4673 Jahrb.
2142 4623 2280 4676 1896
2364 4661 2375 4673 .
2404 4623 2632 4674 23—39.
2686 4616 2768 4672 Cf.
2813 4617 2985 4670 etiam

362 4718 732 4795 templacions
777 4718 845 4775 de
890 4719 950 4776 la
995 4719 1173 4777 missa
1205 4719 1299 4777 vel
1347 4717 1523 4775 etiam
1559 4718 1641 4777 De

1698 4691 1821 4745 Nic.
1878 4691 2164 4745 Antonius
2210 4691 2277 4744 ΙΙ.
2347 4732 2358 4744 .
2405 4695 2475 4746 10
2516 4706 2562 4745 ο.
2601 4694 2634 4745 3
2674 4707 2730 4743 n.
2771 4692 2841 4746 68
2885 4705 2984 4743 ss:

1698 4761 1933 4816 Zockler
1960 4761 2219 4816 Realenc.
2246 4761 2561 4823 V1‚48-51
2584 4783 2596 4819 ;
2624 4758 2985 4814 StockerKL.

362 4808 448 4865 las
484 4806 845 4866 ceremonias
891 4805 962 4866 de
995 4808 1053 4866 la
1084 4808 1279 4877 missa,
1329 4806 1641 4866 Valentiae
1697 4834 1847 4888 ΧΨ.
1874 4837 2188 4891 978-983;
2219 4831 2413 4887 gener
2431 4832 2494 4888 v·
2518 4831 2714 4885 Ferre„
2735 4849 2777 4884 Β,
2800 4830 2986 4883 Labe„

371 4905 534 4960 1588
584 4901 656 4954 tr.
710 4897 984 4954 nonnihil
1032 4897 1272 4963 dubius,
1325 4914 1457 4954 cum
1507 4897 1641 4954 aliis
1701 4905 1821 4958 und
1847 4904 2104 4969 Wirken‚
2132 4902 2324 4958 Berlin
2354 4907 2507 4959 1830.
