3475 5364
357 355 387 407 7
400 354 470 406 81
1509 335 1804 392 Goossens,
2846 354 2876 401 7
2889 353 2922 406 g
2934 353 2967 404 2

352 522 708 580 exhibentur
756 521 1090 597 fragmenta
1132 519 1384 580 duarum
1430 519 1634 590 episto-
1696 523 1906 592 1408).
1939 517 2207 578 Plurima
2238 520 2480 595 reliquit
2499 521 2787 595 opuscula
2815 539 2974 579 asce-

349 611 543 668 larum
591 610 859 686 ejusdem
872 605 938 689 1).
988 644 1074 653 —-
1127 609 1354 668 Gerlaci
1397 608 1461 665 in
1510 608 1635 666 vita
1689 607 1820 674 tica,
1873 627 1941 666 ex
1993 608 2214 682 quibus
2248 627 2435 684 pauca
2484 613 2625 667 sunt
2674 610 2852 679 edita,
2904 613 2973 667 ut

350 699 649 775 spirituali
710 699 994 776 magister
1051 705 1114 757 et
1157 698 1378 757 amicus
1423 696 1634 756 intime
1688 698 1995 770 Speculum
2019 706 2390 773 peccatorum
2414 698 2476 756 in
2493 697 2581 760 ed.
2616 698 2973 759 Imitationis

350 789 655 847 familiaris
703 788 820 845 fuit
868 787 909 847 J
924 806 1212 849 oannes
1277 788 1632 846 Goossens
1689 786 1912 845 Christi
1962 805 2080 844 cur.
2134 787 2396 855 Hirsche‚
2449 788 2651 847 Berlin
2712 796 2871 852 1873
2922 789 2968 857 I,

350 879 489 938 Vos
520 897 634 936 van
666 876 945 936 Heusden
991 875 1175 956 (quod
1206 880 1299 936 est
1331 877 1496 934 locus
1528 895 1631 951 pa·
1692 884 1948 938 482--5
1962 885 2059 937 04

350 961 529 1048 ttius)
564 967 699 1026 Can.
732 986 778 1023 r.
812 986 856 1023 s.
890 968 1040 1041 Aug.
1087 966 1251 1042 prior
1280 964 1633 1025 windeshei-

350 1056 571 1114 mensis
601 1061 664 1114 et
694 1055 1168 1132 congregationis
1217 1056 1396 1130 hujus
1441 1052 1635 1112 nomi·
1783 1063 1925 1116 393.
2006 1054 2330 1113 Michael
2410 1054 2828 1131 Pragensis
2909 1055 2972 1116 Ο.

351 1146 440 1204 nis
494 1145 780 1220 superior,
830 1145 927 1203 cui
975 1164 1024 1203 a.
1082 1153 1160 1206 29
1212 1144 1489 1219 praefuit,
1541 1142 1634 1201 vir
1689 1142 1883 1202 Carth.
1935 1142 2098 1218 prior
2147 1143 2539 1220 agsbacensis,
2574 1144 2711 1203 dein
2743 1140 2974 1225 (1391)

351 1235 506 1309 pius,
542 1232 802 1302 humilis,
825 1233 1129 1292 sodalibus
1150 1233 1507 1292 carissimus.
1542 1231 1634 1290 Ad
1689 1232 1864 1292 vallis
1925 1251 1967 1290 s.
2021 1232 2285 1291 Mauritii
2332 1233 2395 1291 in
2448 1233 2626 1309 Gyrio
2660 1228 2724 1312 (†
2762 1237 2972 1306 1401),

352 1342 649 1382 summum
683 1341 812 1381 eam
841 1323 1141 1398 promovit
1188 1322 1392 1381 florem
1436 1321 1635 1379 omnia
1690 1320 2147 1380 concinnavitex
2183 1321 2360 1381 dictis
2391 1324 2631 1397 patrum
2664 1322 2974 1398 egregium

350 1430 641 1471 renovans
690 1415 751 1469 et
797 1416 1157 1481 restaurans,
1205 1411 1528 1479 ecclesiam,
1560 1410 1634 1468 li·
1690 1410 1996 1487 dialogum
2027 1411 2100 1468 de
2129 1412 2389 1469 custodia
2424 1412 2775 1488 viryinitatis
2803 1410 2865 1467 ll.
2903 1419 2974 1480 23

349 1502 611 1578 turgicos
630 1500 813 1559 libros
832 1505 894 1559 et
914 1500 1173 1570 domum,
1195 1500 1633 1560 bibliothecam.
1691 1501 2105 1558 remediarium
2154 1500 2355 1574 abjecti
2400 1502 2623 1579 prioris
2666 1504 2728 1559 et
2772 1499 2973 1575 cujus-

350 1591 464 1650 Pro
496 1590 905 1649 emendatione
923 1592 1127 1648 textus
1159 1590 1437 1666 vulgatae
1471 1608 1633 1689 mag·
1690 1606 1926 1690 cunque
1942 1588 2069 1647 loco
2085 1590 2232 1648 moti
2247 1588 2511 1648 officialis
2523 1589 2804 1666 religiosi,
2822 1606 2976 1664 quae

349 1699 487 1738 nam
517 1679 706 1756 gessit
737 1675 1276 1756 sou1e1tud1nem1).
1319 1678 1518 1737 Hinc
1505 1696 1633 1753 ipso
1690 1678 1947 1754 reperies
1970 1677 2037 1735 in
2056 1678 2197 1736 bibl.
2221 1682 2392 1737 ascet.
2411 1679 2602 1737 Pezii
2631 1678 2708 1748 ΙΙ,
2729 1688 2972 1742 95·170

352 1769 636 1845 magistro
680 1768 998 1829 admodum
1042 1766 1293 1827 dilatata
1336 1768 1453 1826 fuit
1497 1785 1630 1844 con·
1690 1770 1752 1825 et
1787 1775 2155 1831 229-468,
2187 1801 2273 1811 -
2306 1769 2376 1826 In
2396 1768 2599 1827 eadem
2617 1767 2979 1826 bibliotheca

349 1857 633 1934 gregatio,
685 1854 812 1932 ipso
862 1860 1064 1915 tutore
1110 1877 1325 1934 magna
1374 1856 1637 1916 encomia
1689 1856 1786 1926 IX,
1825 1865 2169 1920 255—379
2219 1860 2409 1915 exstat
2450 1857 2485 1913 l.
2519 1858 2587 1915 de
2617 1857 2829 1915 tuenda
2862 1858 2974 1914 οἰν-

349 1946 561 2005 retulit
580 1965 615 2004 a
634 1945 875 2005 concilio
896 1946 1330 2005 constantiensi
1346 1942 1410 2028 (†
1429 1955 1483 2007 2.
1501 1946 1632 2004 Dec.
1689 1948 1845 2021 pinis
1877 1946 1996 2004 Deo
2026 1953 2385 2004 consecratae
2415 1948 2794 2004 sanctimonia
2815 1946 2975 2003 Gre-

359 2031 567 2115 1424).
602 2069 688 2078 —
708 2035 817 2093 His
839 2035 1070 2094 duobus
1091 2039 1394 2110 tamquam
1415 2035 1633 2093 tertius
1689 2054 1730 2110 g
1746 2054 1779 2094 o
1795 2034 1896 2093 rii
1926 2054 1994 2093 ex
2011 2035 2314 2110 provincia
2331 2034 2684 2104 Sclavoniae,
2705 2033 2978 2110 magistri

350 2123 654 2184 addendus
672 2126 763 2182 est
777 2124 1036 2183 Joannes
1066 2126 1113 2182 Β
1136 2143 1165 2181 r
1183 2125 1199 2181 i
1217 2123 1634 2183 nckerinck
1690 2124 1754 2181 in
1786 2124 2034 2194 artibus,
2067 2124 2691 2201 doctoristheologiaQ
2713 2122 2978 2181 canonici

352 2213 691 2272 Geldrensis
735 2234 792 2271 n.
826 2231 871 2271 c.
913 2222 1098 2282 1359,
1133 2214 1238 2289 qui
1287 2213 1635 2272 ardentibus
1690 2218 1753 2271 et
1784 2213 2224 2289 poenitentiarii
2255 2213 2596 2271 turonensis
2639 2214 2718 2286 (fi.
2766 2206 2973 2292 1411).
3074 2252 3081 2256 -

352 2302 595 2361 Gerardi
614 2302 830 2361 Groote
849 2302 1230 2361 concionibus
1249 2305 1542 2361 attractus
1565 2305 1635 2360 ut
1693 2336 1777 2345 —
1809 2302 1849 2360 J
1868 2302 2151 2361 acobus
2202 2302 2456 2379 Magni
2505 2299 2609 2382 (Le
2654 2296 2876 2373 Grand)
2913 2301 2976 2359 Ο.

350 2392 544 2451 socius
593 2391 781 2449 fidelis
832 2391 884 2449 ei
935 2390 1206 2451 adhaesit
1235 2392 1300 2448 in
1333 2391 1457 2450 suis
1490 2391 1633 2449 mis·
1692 2390 1747 2449 S.
1801 2393 1954 2467 Aug.
2008 2391 2337 2449 Tolosanus
2353 2386 2419 2472 ¹),
2472 2391 2536 2448 in
2585 2391 2978 2452 universitate

351 2481 623 2539 sionibus
657 2480 1012 2556 apostolicis.
1047 2481 1191 2539 Post
1219 2482 1350 2556 eJus
1382 2483 1632 2539 mortem
1691 2480 1969 2555 patavina
2046 2480 2450 2555 philosophiae
2527 2485 2588 2538 et
2647 2479 2979 2556 theologiae

352 2567 581 2649 (1384)
633 2587 764 2627 cum
816 2569 948 2627 aliis
997 2569 1347 2645 disciplinae
1377 2569 1632 2645 piissimi
1690 2568 1897 2628 doctor
1946 2573 2089 2638 erat,
2138 2569 2343 2627 Carolo
2381 2569 2469 2626 VI.
2518 2569 2742 2628 Galliae
2786 2569 2911 2644 regi
2945 2588 2981 2627 a

348 2657 821 2718 Flor.Radewini
853 2677 916 2717 se
947 2658 1210 2718 tradidit.
1244 2659 1631 2719 Postmodum
1691 2658 2171 2719 confessionibus.
2205 2657 2316 2717 Hic
2331 2659 2384 2717 ei
2404 2657 2978 2735 archiepiscopatum

352 2749 620 2807 solicitus
653 2751 780 2807 erat
810 2748 882 2806 de
903 2748 1253 2808 mulieribus
1273 2748 1461 2808 bonae
1493 2768 1630 2808 con-
1690 2749 1914 2807 obtulit
1990 2748 2485 2824 burdigalensem,
2539 2767 2715 2823 quem
2777 2752 2977 2806 tamen

350 2837 718 2907 versationis,
770 2840 842 2895 ut
887 2836 1036 2896 alter
1084 2857 1287 2897 earum
1318 2838 1635 2897 institutor
1689 2838 1956 2897 modeste
1988 2838 2116 2913 ipse
2152 2838 2449 2896 recusavit
2493 2834 2553 2917 (†
2585 2858 2639 2912 p.
2675 2857 2724 2896 a.
2766 2834 2976 2918 1422).

352 2927 446 2986 vel
488 2928 839 2985 reformator
887 2927 1075 3002 possit
1134 2926 1334 2986 haberi
1397 2928 1634 3004 piisque
1692 2927 1943 3002 Scripsit
1958 2927 2351 3003 sopholoyium
2370 2945 2474 2985 seu
2496 2925 2569 2985 de
2589 2926 2979 3002 inquisitione

351 3016 475 3075 suis
504 3014 1021 3075 exhortationibus
1071 3034 1274 3074 omnes
1328 3016 1400 3076 ad
1448 3017 1632 3076 vitam
1689 3015 1929 3075 divinae
1982 3016 2313 3090 sapientiae
2347 3016 2407 3073 11.
2457 3028 2547 3085 10,
2594 3016 2658 3073 in
2708 3034 2827 3091 quo
2859 3015 2978 3075 lec-

349 3123 485 3164 vere
517 3103 896 3163 christianam
920 3104 1251 3163 ducendam
1282 3105 1630 3184 incitavit2).
1688 3108 1849 3165 tores
1883 3105 2206 3180 sapientiae
2252 3123 2449 3163 amore
2491 3105 2805 3163 incendere
2835 3104 2977 3163 niti·

349 3193 657 3270 Ejusmodi
688 3194 1131 3252 exhortationes
1162 3213 1232 3253 ex
1264 3194 1393 3270 ejus
1427 3212 1528 3252 ore
1559 3195 1632 3253 ab
1689 3199 1808 3259 tur,
1845 3213 1887 3252 s.
1925 3195 1959 3251 l.
1995 3213 2042 3251 a.
2078 3200 2139 3251 et
2169 3213 2225 3251 n.
2272 3194 2632 3269 typographi
2680 3192 2979 3276 (Coloniae

349 3282 723 3342 auditoribus
756 3286 1025 3358 exceptas
1060 3283 1370 3357 literisque
1401 3284 1633 3360 consig-
1690 3302 1735 3342 c.
1778 3280 2004 3359 1474);
2069 3282 2304 3340 Parisiis
2347 3290 2523 3352 1477,
2567 3292 2766 3351 15063
2816 3283 2977 3359 Lug—

349 3375 518 3430 natas
567 3370 807 3429 demum
868 3371 1057 3430 edidit
1124 3372 1266 3430 Moll
1334 3372 1634 3433 Kerkhist.
1690 3372 1838 3431 duni
1885 3382 2075 3439 14853
2134 3378 2332 3439 1495;
2396 3380 2587 3440 14983
2648 3381 2807 3435 1585
2845 3374 2906 3428 in
2939 3370 2977 3427 f·

350 3460 605 3530 Archief,
670 3460 1043 3520 Amsterdam
1107 3469 1268 3524 1866
1322 3482 1376 3538 p.
1428 3471 1505 3523 99
1559 3481 1633 3520 ss.
1691 3462 1863 3519 Illius
1928 3479 2066 3536 pars
2117 3460 2326 3534 gallice
2386 3460 2568 3518 etiam
2617 3460 2841 3535 prodiit
2888 3459 2977 3518 in—

351 3549 517 3609 Obiit
530 3549 1237 3626 religiosissimusvir26.
1259 3552 1426 3611 Mart.
1457 3561 1632 3613 1419.
1691 3550 1937 3626 scripta:
1976 3548 2058 3607 Le
2097 3548 2306 3605 Trbsor
2336 3550 2404 3605 de
2436 3549 2709 3622 Sapience
2739 3552 2801 3606 et
2832 3548 2980 3606 fleur

351 3672 433 3682 —-—
469 3637 620 3696 Addi
668 3642 867 3713 potest
910 3642 972 3696 et
1016 3639 1306 3698 Henricus
1356 3640 1555 3715 Eger
1603 3660 1636 3697 a
1692 3640 1765 3698 de
1827 3642 1996 3697 toute
2061 3637 2239 3695 bonte
2292 3637 2504 3712 rempli
2554 3636 2628 3694 de
2676 3637 2978 3713 plusieurs

349 3727 1051 3810 patriaCalcarens‘is
1072 3727 1285 3800 dictuS,
1303 3728 1636 3806 theologiae
1692 3729 1917 3788 bonnes
1950 3725 2255 3797 autoriteS,
2291 3725 2526 3783 Chablis
2569 3736 2762 3794 14783
2818 3726 2978 3783 Pari-

348 3817 553 3878 doctor
583 3815 956 3891 parisiensis,
990 3818 1092 3891 qui
1129 3837 1176 3875 a.
1212 3821 1389 3876 natus
1428 3819 1637 3896 372in-
1694 3817 1798 3875 siis
1856 3826 2051 3884 14863
2113 3823 2306 3881 1487;
2350 3824 2544 3884 14993
2588 3825 2771 3878 1519.
2835 3814 2979 3890 Ejus

348 3924 587 3982 gressus
619 3909 715 3963 est
747 3905 810 3963 0.
845 3905 1038 3963 Carth.
1074 3906 1211 3965 Suis
1227 3907 1473 3965 monitis
1496 3926 1632 3969 eon·
1694 3904 2111 3966 annotationes
2174 3903 2237 3961 in
2290 3904 2349 3961 ll.
2404 3921 2598 3961 sacros
2649 3904 2977 3972 universos,

347 3994 706 4071 discipulum
725 4012 899 4053 suum
917 3995 1045 4053 Ger.
1062 3995 1276 4054 Groote
1296 3991 1391 4077 (cf.
1406 4016 1460 4071 p.
1483 3992 1636 4076 718)
1691 3996 1757 4054 in
1790 3996 1850 4053 ll.
1887 3992 2328 4053 Sententiarum
2366 3993 2600 4066 aliaque
2632 3998 2980 4052 manserunt

348 4085 421 4142 ad
453 4083 803 4143 sanctiorem
834 4084 1073 4142 induxit
1104 4085 1303 4142 vitam.
1339 4085 1635 4145 Graviori-
1694 4084 1936 4143 inedita.
1960 4116 2044 4126 --
2069 4083 2199 4156 Guy
2220 4081 2293 4139 de
2326 4082 2523 4157 Boye
2557 4083 2822 4157 plurium
2845 4100 2979 4142 suc-

346 4174 460 4232 bus
492 4173 843 4231 muneribus
892 4172 999 4230 diu
1029 4174 1090 4230 in
1124 4191 1231 4231 suo
1266 4175 1508 4233 functus
1543 4179 1638 4234 est
1697 4173 1922 4233 cessive
1984 4170 2340 4231 dioecesium
2419 4173 2675 4246 praesul,
2739 4173 2981 4230 demum

346 4262 585 4321 ordine:
636 4262 915 4336 spiritum
950 4281 1084 4320 vere
1116 4260 1462 4339 religioSum
1499 4265 1636 4338 plu·
1696 4263 2170 4337 archiepiscopus
2216 4260 2502 4319 remensis
2546 4256 2977 4341 (1390-1409)

346 4352 565 4410 timum
614 4351 927 4426 promovit,
977 4349 1354 4409 devotionem
1404 4371 1546 4429 erga
1581 4354 1634 4411 b.
1697 4353 1937 4428 scripsit
1968 4351 2052 4408 Le
2096 4351 2384 4408 doctrinal
2429 4350 2496 4406 de
2541 4350 2816 4425 Sapience
2860 4353 2980 4408 tres

346 4440 649 4517 Virginem
683 4440 945 4514 impense
977 4440 1333 4515 propagavit
1352 4436 1481 4522 (20.
1503 4443 1635 4501 Dec.
1698 4442 1848 4500 utile
1894 4447 1927 4498 a
1971 4443 2108 4497 tout
2149 4457 2398 4514 persone
2446 4457 2598 4513 pour
2630 4440 2684 4498 le
2717 4439 2878 4497 salut
2907 4438 2980 4496 de

426 4681 571 4751 ¹)Of.
597 4681 648 4737 J.
676 4678 732 4735 C.
763 4697 873 4733 van
900 4679 1021 4733 Slee
1049 4679 1184 4749 allg.
1216 4679 1270 4734 d.
1305 4680 1514 4751 Biogr.
1545 4681 1642 4735 XL
1699 4608 2353 4750 fonZeA'Il'idlgtlaliiudriicupssti
2376 4608 2688 4734 I'lfgfdlsralrliae.
2727 4609 2815 4734 lg.
2824 4611 2982 4733 eggis

348 4756 470 4810 324.
1699 4752 1988 4806 Antonius
2017 4753 2065 4806 ΙΙ
2094 4751 2129 4806 1.
2158 4756 2242 4807 10.
2271 4767 2317 4804 c.
2344 4756 2375 4806 2
2404 4769 2458 4805 n.
2485 4756 2552 4807 .)6
2575 4769 2642 4803 ss.
2662 4754 2742 4811 ςΕ
2750 4753 2869 4803 eret
2888 4750 2979 4814 IV,

422 4828 460 4890 ⁸)
490 4824 572 4879 Cf.
600 4822 835 4878 Schulze
863 4820 1124 4875 Realeno.
1169 4821 1640 4885 111³,409-411;
1696 4821 2218 4881 349-542C0vi11e
2246 4821 2315 4875 de
2340 4822 2539 4875 Jacobi
2568 4820 2760 4891 Magni
2789 4820 2908 4873 vita
2926 4825 2983 4873 et
3040 4890 3041 4893 Ἰ

347 4900 405 4948 et
428 4899 599 4949 antea
625 4893 860 4948 Hirsche
884 4892 960 4948 ib.
990 4893 1085 4957 11²,
1114 4896 1413 4950 738—745.
1697 4896 1983 4965 operibus,
2011 4892 2241 4949 Parisiis
2267 4898 2422 4949 1889.
