<?xml version="1.0" encoding="UTF-8"?>
<!DOCTYPE html PUBLIC "-//W3C//DTD XHTML 1.0 Transitional//EN"
    "http://www.w3.org/TR/xhtml1/DTD/xhtml1-transitional.dtd">
<html xmlns="http://www.w3.org/1999/xhtml" xml:lang="en" lang="en">
 <head>
  <title>
</title>
<meta http-equiv="Content-Type" content="text/html;charset=utf-8" />
  <meta name='ocr-system' content='tesseract 3.04.00' />
  <meta name='ocr-capabilities' content='ocr_page ocr_carea ocr_par ocr_line ocrx_word'/>
</head>
<body>
  <div class='ocr_page' id='page_1' title='image "./nomenclatorlite10hurtgoog_0502.png"; bbox 0 0 3475 5364; ppageno 0'>
   <div class='ocr_carea' id='block_1_1' title="bbox 477 347 598 400">
    <p class='ocr_par' dir='ltr' id='par_1_1' title="bbox 477 347 598 400">
     <span class='ocr_line' id='line_1_1' title="bbox 477 347 598 400; baseline 0 -1"><span class='ocrx_word' id='word_1_1' title='bbox 477 347 598 400; x_wconf 74' lang='lat'><strong>895</strong></span> 
     </span>
    </p>
   </div>
   <div class='ocr_carea' id='block_1_2' title="bbox 1052 331 2511 402">
    <p class='ocr_par' dir='ltr' id='par_1_2' title="bbox 1052 331 2511 402">
     <span class='ocr_line' id='line_1_2' title="bbox 1052 331 2511 402; baseline -0.001 -16"><span class='ocrx_word' id='word_1_2' title='bbox 1052 335 1418 388; x_wconf 71' lang='lat'>1451—1475.</span> <span class='ocrx_word' id='word_1_3' title='bbox 1448 331 1759 401; x_wconf 81' lang='lat' dir='ltr'><strong>Theologia</strong></span> <span class='ocrx_word' id='word_1_4' title='bbox 1786 331 2109 401; x_wconf 74' lang='lat' dir='ltr'><strong>dogmatica</strong></span> <span class='ocrx_word' id='word_1_5' title='bbox 2135 336 2192 386; x_wconf 88' lang='lat' dir='ltr'><strong>et</strong></span> <span class='ocrx_word' id='word_1_6' title='bbox 2217 332 2511 402; x_wconf 80' lang='lat' dir='ltr'><strong>polemica.</strong></span> 
     </span>
    </p>
   </div>
   <div class='ocr_carea' id='block_1_3' title="bbox 2961 339 3109 404">
    <p class='ocr_par' dir='ltr' id='par_1_3' title="bbox 2961 339 3109 404">
     <span class='ocr_line' id='line_1_3' title="bbox 2961 339 3109 404; baseline -0.014 0"><span class='ocrx_word' id='word_1_7' title='bbox 2961 339 3109 404; x_wconf 71' lang='lat' dir='ltr'><strong>sse</strong></span> 
     </span>
    </p>
   </div>
   <div class='ocr_carea' id='block_1_4' title="bbox 473 516 3089 684">
    <p class='ocr_par' dir='ltr' id='par_1_4' title="bbox 473 516 3089 684">
     <span class='ocr_line' id='line_1_4' title="bbox 473 516 3087 595; baseline 0.002 -22"><span class='ocrx_word' id='word_1_8' title='bbox 473 516 705 575; x_wconf 89' lang='lat' dir='ltr'><strong>concilii</strong></span> <span class='ocrx_word' id='word_1_9' title='bbox 742 522 1099 591; x_wconf 84' lang='lat' dir='ltr'><strong>potestatem</strong></span> <span class='ocrx_word' id='word_1_10' title='bbox 1134 537 1312 594; x_wconf 87' lang='lat' dir='ltr'><strong>supra</strong></span> <span class='ocrx_word' id='word_1_11' title='bbox 1344 539 1528 595; x_wconf 88' lang='lat' dir='ltr'><strong>papae</strong></span> <span class='ocrx_word' id='word_1_12' title='bbox 1547 525 1749 578; x_wconf 83' lang='lat' dir='ltr'><strong>aucto·</strong></span> <span class='ocrx_word' id='word_1_13' title='bbox 1804 520 1984 580; x_wconf 62' lang='lat' dir='ltr'><strong>tuit«.</strong></span> <span class='ocrx_word' id='word_1_14' title='bbox 2051 520 2203 577; x_wconf 87' lang='lat' dir='ltr'><strong>Hinc</strong></span> <span class='ocrx_word' id='word_1_15' title='bbox 2237 518 2517 578; x_wconf 87' lang='lat' dir='ltr'><strong>Nicolaus</strong></span> <span class='ocrx_word' id='word_1_16' title='bbox 2553 518 2613 575; x_wconf 89' lang='lat' dir='ltr'><strong>V.</strong></span> <span class='ocrx_word' id='word_1_17' title='bbox 2646 518 2922 595; x_wconf 52' lang='lat' dir='ltr'><strong>‘Eugenii</strong></span> <span class='ocrx_word' id='word_1_18' title='bbox 2956 539 3087 578; x_wconf 86' lang='lat' dir='ltr'><strong>suc·</strong></span> 
     </span>
     <span class='ocr_line' id='line_1_5' title="bbox 473 605 3089 684; baseline 0.001 -21"><span class='ocrx_word' id='word_1_19' title='bbox 473 605 712 665; x_wconf 80' lang='lat' dir='ltr'><strong>ritatem</strong></span> <span class='ocrx_word' id='word_1_20' title='bbox 746 608 981 677; x_wconf 87' lang='lat' dir='ltr'><strong>extulit,</strong></span> <span class='ocrx_word' id='word_1_21' title='bbox 1016 627 1191 682; x_wconf 90' lang='lat' dir='ltr'><strong>quem</strong></span> <span class='ocrx_word' id='word_1_22' title='bbox 1226 609 1288 665; x_wconf 92' lang='lat' dir='ltr'><strong>in</strong></span> <span class='ocrx_word' id='word_1_23' title='bbox 1310 609 1483 667; x_wconf 88' lang='lat' dir='ltr'><strong>finem</strong></span> <span class='ocrx_word' id='word_1_24' title='bbox 1508 609 1751 684; x_wconf 73' lang='lat' dir='ltr'><strong>scripsit</strong></span> <span class='ocrx_word' id='word_1_25' title='bbox 1806 627 2004 667; x_wconf 88' lang='lat' dir='ltr'><strong>cessor</strong></span> <span class='ocrx_word' id='word_1_26' title='bbox 2048 627 2183 666; x_wconf 88' lang='lat' dir='ltr'><strong>eum</strong></span> <span class='ocrx_word' id='word_1_27' title='bbox 2229 609 2304 666; x_wconf 92' lang='lat' dir='ltr'><strong>ob</strong></span> <span class='ocrx_word' id='word_1_28' title='bbox 2337 608 2609 666; x_wconf 84' lang='lat' dir='ltr'><strong>eximiam</strong></span> <span class='ocrx_word' id='word_1_29' title='bbox 2665 607 2998 666; x_wconf 88' lang='lat' dir='ltr'><strong>doctrinam</strong></span> <span class='ocrx_word' id='word_1_30' title='bbox 3030 618 3089 666; x_wconf 85' lang='lat' dir='ltr'><strong>et</strong></span> 
     </span>
    </p>
   </div>
   <div class='ocr_carea' id='block_1_5' title="bbox 441 695 1750 4521">
    <p class='ocr_par' dir='ltr' id='par_1_5' title="bbox 441 695 1750 4521">
     <span class='ocr_line' id='line_1_6' title="bbox 472 695 1748 773; baseline 0.002 -22"><span class='ocrx_word' id='word_1_31' title='bbox 472 695 508 751; x_wconf 91' lang='lat' dir='ltr'><strong>l.</strong></span> <span class='ocrx_word' id='word_1_32' title='bbox 529 697 599 753; x_wconf 75' lang='lat' dir='ltr'><strong>de</strong></span> <span class='ocrx_word' id='word_1_33' title='bbox 618 698 1026 755; x_wconf 79' lang='lat' dir='ltr'><strong><em>concordantia</em></strong></span> <span class='ocrx_word' id='word_1_34' title='bbox 1045 699 1321 756; x_wconf 75' lang='lat' dir='ltr'><strong>catholica</strong></span> <span class='ocrx_word' id='word_1_35' title='bbox 1341 699 1398 760; x_wconf 78' lang='lat' dir='ltr'><strong>ll.</strong></span> <span class='ocrx_word' id='word_1_36' title='bbox 1422 700 1478 768; x_wconf 89' lang='lat'><strong>3,</strong></span> <span class='ocrx_word' id='word_1_37' title='bbox 1516 699 1579 756; x_wconf 89' lang='lat' dir='ltr'><strong>in</strong></span> <span class='ocrx_word' id='word_1_38' title='bbox 1613 699 1748 773; x_wconf 88' lang='lat' dir='ltr'><strong>qui-</strong></span> 
     </span>
     <span class='ocr_line' id='line_1_7' title="bbox 471 782 1750 862; baseline 0.002 -21"><span class='ocrx_word' id='word_1_39' title='bbox 471 782 584 842; x_wconf 84' lang='lat' dir='ltr'><strong>bus</strong></span> <span class='ocrx_word' id='word_1_40' title='bbox 615 785 744 843; x_wconf 86' lang='lat' dir='ltr'><strong>fuse</strong></span> <span class='ocrx_word' id='word_1_41' title='bbox 776 785 904 861; x_wconf 87' lang='lat' dir='ltr'><strong>agit</strong></span> <span class='ocrx_word' id='word_1_42' title='bbox 937 786 1009 843; x_wconf 90' lang='lat' dir='ltr'><strong>de</strong></span> <span class='ocrx_word' id='word_1_43' title='bbox 1032 787 1277 862; x_wconf 86' lang='lat' dir='ltr'><strong>juribus</strong></span> <span class='ocrx_word' id='word_1_44' title='bbox 1298 791 1359 845; x_wconf 86' lang='lat' dir='ltr'><strong>et</strong></span> <span class='ocrx_word' id='word_1_45' title='bbox 1390 788 1750 846; x_wconf 89' lang='lat' dir='ltr'><strong>auctoritate</strong></span> 
     </span>
     <span class='ocr_line' id='line_1_8' title="bbox 472 874 1749 952; baseline 0.002 -21"><span class='ocrx_word' id='word_1_46' title='bbox 472 874 872 940; x_wconf 87' lang='lat' dir='ltr'><strong>conciliorum,</strong></span> <span class='ocrx_word' id='word_1_47' title='bbox 896 894 1075 949; x_wconf 90' lang='lat' dir='ltr'><strong>quam</strong></span> <span class='ocrx_word' id='word_1_48' title='bbox 1093 876 1368 951; x_wconf 85' lang='lat' dir='ltr'><strong>pontifice</strong></span> <span class='ocrx_word' id='word_1_49' title='bbox 1385 876 1749 952; x_wconf 87' lang='lat' dir='ltr'><strong>superiorem</strong></span> 
     </span>
     <span class='ocr_line' id='line_1_9' title="bbox 472 960 1746 1039; baseline 0.002 -19"><span class='ocrx_word' id='word_1_50' title='bbox 472 966 694 1032; x_wconf 88' lang='lat' dir='ltr'><strong>tuetur,</strong></span> <span class='ocrx_word' id='word_1_51' title='bbox 731 964 794 1021; x_wconf 89' lang='lat' dir='ltr'><strong>in</strong></span> <span class='ocrx_word' id='word_1_52' title='bbox 826 983 1012 1039; x_wconf 89' lang='lat' dir='ltr'><strong>eoque</strong></span> <span class='ocrx_word' id='word_1_53' title='bbox 1044 960 1426 1024; x_wconf 84' lang='lat' dir='ltr'><strong>donationem</strong></span> <span class='ocrx_word' id='word_1_54' title='bbox 1460 967 1746 1024; x_wconf 87' lang='lat' dir='ltr'><strong>Constan-</strong></span> 
     </span>
     <span class='ocr_line' id='line_1_10' title="bbox 469 1052 1747 1130; baseline 0.003 -22"><span class='ocrx_word' id='word_1_55' title='bbox 469 1052 583 1110; x_wconf 84' lang='lat' dir='ltr'>tini</span> <span class='ocrx_word' id='word_1_56' title='bbox 618 1053 690 1110; x_wconf 88' lang='lat' dir='ltr'><strong>M.</strong></span> <span class='ocrx_word' id='word_1_57' title='bbox 724 1052 932 1127; x_wconf 76' lang='lat' dir='ltr'><strong>rejicit.</strong></span> <span class='ocrx_word' id='word_1_58' title='bbox 970 1054 1098 1112; x_wconf 89' lang='lat' dir='ltr'><strong>Huc</strong></span> <span class='ocrx_word' id='word_1_59' title='bbox 1129 1055 1388 1130; x_wconf 78' lang='lat' dir='ltr'><strong>pertinet</strong></span> <span class='ocrx_word' id='word_1_60' title='bbox 1418 1056 1594 1114; x_wconf 88' lang='lat' dir='ltr'><strong>etiam</strong></span> <span class='ocrx_word' id='word_1_61' title='bbox 1617 1055 1747 1130; x_wconf 86' lang='lat' dir='ltr'><strong>ejus</strong></span> 
     </span>
     <span class='ocr_line' id='line_1_11' title="bbox 470 1141 1746 1218; baseline 0.004 -21"><span class='ocrx_word' id='word_1_62' title='bbox 470 1141 617 1216; x_wconf 83' lang='lat' dir='ltr'><strong>disp.</strong></span> <span class='ocrx_word' id='word_1_63' title='bbox 651 1143 721 1198; x_wconf 80' lang='lat' dir='ltr'><strong>de</strong></span> <span class='ocrx_word' id='word_1_64' title='bbox 751 1145 1091 1201; x_wconf 74' lang='lat' dir='ltr'><strong>auctoritate</strong></span> <span class='ocrx_word' id='word_1_65' title='bbox 1118 1145 1492 1218; x_wconf 76' lang='lat' dir='ltr'><strong>praesidendi</strong></span> <span class='ocrx_word' id='word_1_66' title='bbox 1525 1147 1585 1202; x_wconf 82' lang='lat' dir='ltr'><strong>in</strong></span> <span class='ocrx_word' id='word_1_67' title='bbox 1614 1163 1746 1202; x_wconf 81' lang='lat' dir='ltr'><strong>con-</strong></span> 
     </span>
     <span class='ocr_line' id='line_1_12' title="bbox 469 1231 1748 1308; baseline 0.002 -21"><span class='ocrx_word' id='word_1_68' title='bbox 469 1231 600 1289; x_wconf 75' lang='lat' dir='ltr'><strong>cilio</strong></span> <span class='ocrx_word' id='word_1_69' title='bbox 638 1233 896 1307; x_wconf 76' lang='lat' dir='ltr'><strong>ymerali</strong></span> <span class='ocrx_word' id='word_1_70' title='bbox 940 1231 1102 1291; x_wconf 88' lang='lat' dir='ltr'><strong>edita</strong></span> <span class='ocrx_word' id='word_1_71' title='bbox 1148 1253 1182 1291; x_wconf 86' lang='lat' dir='ltr'><strong>a</strong></span> <span class='ocrx_word' id='word_1_72' title='bbox 1232 1235 1356 1291; x_wconf 79' lang='lat' dir='ltr'><strong>Dfix</strong></span> <span class='ocrx_word' id='word_1_73' title='bbox 1406 1234 1468 1291; x_wconf 92' lang='lat' dir='ltr'><strong>in</strong></span> <span class='ocrx_word' id='word_1_74' title='bbox 1515 1252 1605 1308; x_wconf 90' lang='lat' dir='ltr'><strong>op.</strong></span> <span class='ocrx_word' id='word_1_75' title='bbox 1642 1233 1748 1291; x_wconf 84' lang='lat' dir='ltr'><strong>der</strong></span> 
     </span>
     <span class='ocr_line' id='line_1_13' title="bbox 469 1319 1745 1399; baseline 0.003 -23"><span class='ocrx_word' id='word_1_76' title='bbox 469 1319 752 1378; x_wconf 77' lang='lat' dir='ltr'><strong>deutsche</strong></span> <span class='ocrx_word' id='word_1_77' title='bbox 785 1321 1059 1380; x_wconf 88' lang='lat' dir='ltr'><strong>Cardinal</strong></span> <span class='ocrx_word' id='word_1_78' title='bbox 1091 1322 1162 1383; x_wconf 81' lang='lat' dir='ltr'><strong>N.</strong></span> <span class='ocrx_word' id='word_1_79' title='bbox 1196 1342 1247 1379; x_wconf 78' lang='lat' dir='ltr'><strong>v,</strong></span> <span class='ocrx_word' id='word_1_80' title='bbox 1283 1323 1451 1390; x_wconf 83' lang='lat' dir='ltr'><strong>Cusa,</strong></span> <span class='ocrx_word' id='word_1_81' title='bbox 1487 1323 1745 1399; x_wconf 87' lang='lat' dir='ltr'><strong>Regens-</strong></span> 
     </span>
     <span class='ocr_line' id='line_1_14' title="bbox 468 1409 1746 1485; baseline 0.002 -20"><span class='ocrx_word' id='word_1_82' title='bbox 468 1409 624 1485; x_wconf 87' lang='lat' dir='ltr'><strong>burg</strong></span> <span class='ocrx_word' id='word_1_83' title='bbox 664 1420 846 1472; x_wconf 74' lang='lat'>1847.</span> <span class='ocrx_word' id='word_1_84' title='bbox 880 1411 925 1480; x_wconf 89' lang='grc' dir='ltr'><strong>Ι,</strong></span> <span class='ocrx_word' id='word_1_85' title='bbox 963 1422 1286 1473; x_wconf 78' lang='lat'>475—91.</span> <span class='ocrx_word' id='word_1_86' title='bbox 1322 1413 1401 1469; x_wconf 83' lang='lat' dir='ltr'><strong>At</strong></span> <span class='ocrx_word' id='word_1_87' title='bbox 1432 1430 1565 1469; x_wconf 91' lang='lat' dir='ltr'><strong>cum</strong></span> <span class='ocrx_word' id='word_1_88' title='bbox 1594 1411 1746 1469; x_wconf 83' lang='lat' dir='ltr'><strong>vidit</strong></span> 
     </span>
     <span class='ocr_line' id='line_1_15' title="bbox 467 1499 1748 1577; baseline 0.001 -23"><span class='ocrx_word' id='word_1_89' title='bbox 467 1499 938 1558; x_wconf 81' lang='lat' dir='ltr'><strong>adversariorum</strong></span> <span class='ocrx_word' id='word_1_90' title='bbox 970 1500 1220 1577; x_wconf 86' lang='lat' dir='ltr'><strong>Eugenii</strong></span> <span class='ocrx_word' id='word_1_91' title='bbox 1253 1500 1348 1558; x_wconf 92' lang='lat' dir='ltr'><strong>IV.</strong></span> <span class='ocrx_word' id='word_1_92' title='bbox 1397 1505 1645 1559; x_wconf 90' lang='lat' dir='ltr'><strong>conatus</strong></span> <span class='ocrx_word' id='word_1_93' title='bbox 1687 1505 1748 1558; x_wconf 84' lang='lat' dir='ltr'><strong>et</strong></span> 
     </span>
     <span class='ocr_line' id='line_1_16' title="bbox 468 1587 1742 1665; baseline 0.004 -22"><span class='ocrx_word' id='word_1_94' title='bbox 468 1587 668 1645; x_wconf 85' lang='lat' dir='ltr'><strong>studia</strong></span> <span class='ocrx_word' id='word_1_95' title='bbox 697 1607 764 1646; x_wconf 92' lang='lat' dir='ltr'><strong>eo</strong></span> <span class='ocrx_word' id='word_1_96' title='bbox 795 1607 1053 1665; x_wconf 85' lang='lat' dir='ltr'><strong>vergere,</strong></span> <span class='ocrx_word' id='word_1_97' title='bbox 1101 1595 1173 1648; x_wconf 89' lang='lat' dir='ltr'><strong>ut</strong></span> <span class='ocrx_word' id='word_1_98' title='bbox 1217 1590 1414 1649; x_wconf 90' lang='lat' dir='ltr'><strong>dirum</strong></span> <span class='ocrx_word' id='word_1_99' title='bbox 1447 1590 1510 1648; x_wconf 84' lang='lat' dir='ltr'><strong>in</strong></span> <span class='ocrx_word' id='word_1_100' title='bbox 1547 1589 1742 1648; x_wconf 80' lang='lat' dir='ltr'><strong>Eccle-</strong></span> 
     </span>
     <span class='ocr_line' id='line_1_17' title="bbox 468 1676 1741 1748; baseline 0.003 -15"><span class='ocrx_word' id='word_1_101' title='bbox 468 1676 611 1734; x_wconf 84' lang='lat' dir='ltr'><strong>siam</strong></span> <span class='ocrx_word' id='word_1_102' title='bbox 659 1676 906 1736; x_wconf 84' lang='lat' dir='ltr'><strong>schisma</strong></span> <span class='ocrx_word' id='word_1_103' title='bbox 950 1683 1352 1748; x_wconf 82' lang='lat' dir='ltr'><strong>renovaretur,</strong></span> <span class='ocrx_word' id='word_1_104' title='bbox 1402 1698 1602 1737; x_wconf 89' lang='lat' dir='ltr'><strong>eorum</strong></span> <span class='ocrx_word' id='word_1_105' title='bbox 1637 1699 1741 1737; x_wconf 90' lang='lat' dir='ltr'><strong>au·</strong></span> 
     </span>
     <span class='ocr_line' id='line_1_18' title="bbox 468 1764 1742 1827; baseline 0.003 -5"><span class='ocrx_word' id='word_1_106' title='bbox 468 1764 694 1823; x_wconf 86' lang='lat' dir='ltr'><strong>daciam</strong></span> <span class='ocrx_word' id='word_1_107' title='bbox 746 1767 1076 1826; x_wconf 85' lang='lat' dir='ltr'><strong>detestatus</strong></span> <span class='ocrx_word' id='word_1_108' title='bbox 1127 1768 1434 1826; x_wconf 87' lang='lat' dir='ltr'><strong>Julianum</strong></span> <span class='ocrx_word' id='word_1_109' title='bbox 1489 1769 1742 1827; x_wconf 88' lang='lat' dir='ltr'><strong>Caesari-</strong></span> 
     </span>
     <span class='ocr_line' id='line_1_19' title="bbox 468 1856 1743 1932; baseline 0.003 -21"><span class='ocrx_word' id='word_1_110' title='bbox 468 1873 631 1923; x_wconf 88' lang='lat' dir='ltr'><strong>num‚</strong></span> <span class='ocrx_word' id='word_1_111' title='bbox 684 1874 859 1930; x_wconf 87' lang='lat' dir='ltr'><strong>quem</strong></span> <span class='ocrx_word' id='word_1_112' title='bbox 914 1857 1241 1916; x_wconf 82' lang='lat' dir='ltr'><strong>honorabili</strong></span> <span class='ocrx_word' id='word_1_113' title='bbox 1306 1856 1592 1916; x_wconf 81' lang='lat' dir='ltr'><strong>vocabulo</strong></span> <span class='ocrx_word' id='word_1_114' title='bbox 1641 1877 1743 1932; x_wconf 89' lang='lat' dir='ltr'><strong>pa-</strong></span> 
     </span>
     <span class='ocr_line' id='line_1_20' title="bbox 466 1949 1744 2021; baseline 0.003 -21"><span class='ocrx_word' id='word_1_115' title='bbox 466 1949 616 2001; x_wconf 87' lang='lat' dir='ltr'><strong>trem</strong></span> <span class='ocrx_word' id='word_1_116' title='bbox 650 1963 825 2003; x_wconf 89' lang='lat' dir='ltr'><strong>suum</strong></span> <span class='ocrx_word' id='word_1_117' title='bbox 846 1949 908 2003; x_wconf 88' lang='lat' dir='ltr'><strong>et</strong></span> <span class='ocrx_word' id='word_1_118' title='bbox 928 1951 1367 2021; x_wconf 79' lang='lat' dir='ltr'><strong>praeceptorem</strong></span> <span class='ocrx_word' id='word_1_119' title='bbox 1398 1964 1744 2021; x_wconf 84' lang='lat' dir='ltr'><strong>nuncupare</strong></span> 
     </span>
     <span class='ocr_line' id='line_1_21' title="bbox 465 2032 1743 2110; baseline 0.003 -21"><span class='ocrx_word' id='word_1_120' title='bbox 465 2032 636 2102; x_wconf 89' lang='lat' dir='ltr'><strong>solet,</strong></span> <span class='ocrx_word' id='word_1_121' title='bbox 671 2039 734 2091; x_wconf 89' lang='lat' dir='ltr'><strong>et</strong></span> <span class='ocrx_word' id='word_1_122' title='bbox 770 2036 1026 2093; x_wconf 82' lang='lat' dir='ltr'><strong>Aeneam</strong></span> <span class='ocrx_word' id='word_1_123' title='bbox 1061 2035 1315 2094; x_wconf 89' lang='lat' dir='ltr'><strong>Silvium</strong></span> <span class='ocrx_word' id='word_1_124' title='bbox 1361 2038 1603 2093; x_wconf 84' lang='lat' dir='ltr'><strong>secutus</strong></span> <span class='ocrx_word' id='word_1_125' title='bbox 1636 2054 1743 2110; x_wconf 90' lang='lat' dir='ltr'><strong>pro</strong></span> 
     </span>
     <span class='ocr_line' id='line_1_22' title="bbox 469 2121 1741 2199; baseline 0.003 -22"><span class='ocrx_word' id='word_1_126' title='bbox 469 2121 733 2198; x_wconf 83' lang='lat' dir='ltr'><strong>Eugenio</strong></span> <span class='ocrx_word' id='word_1_127' title='bbox 765 2122 859 2180; x_wconf 91' lang='lat' dir='ltr'><strong>IV.</strong></span> <span class='ocrx_word' id='word_1_128' title='bbox 895 2125 1143 2199; x_wconf 84' lang='lat' dir='ltr'><strong>ejusque</strong></span> <span class='ocrx_word' id='word_1_129' title='bbox 1166 2126 1522 2183; x_wconf 82' lang='lat' dir='ltr'><strong>auctoritate</strong></span> <span class='ocrx_word' id='word_1_130' title='bbox 1557 2125 1741 2199; x_wconf 88' lang='lat' dir='ltr'><strong>scrip—</strong></span> 
     </span>
     <span class='ocr_line' id='line_1_23' title="bbox 463 2212 1743 2288; baseline 0.002 -21"><span class='ocrx_word' id='word_1_131' title='bbox 463 2213 545 2268; x_wconf 88' lang='lat' dir='ltr'><strong>tis</strong></span> <span class='ocrx_word' id='word_1_132' title='bbox 577 2214 639 2269; x_wconf 84' lang='lat' dir='ltr'><strong>et</strong></span> <span class='ocrx_word' id='word_1_133' title='bbox 669 2212 802 2270; x_wconf 83' lang='lat' dir='ltr'><strong>viva</strong></span> <span class='ocrx_word' id='word_1_134' title='bbox 846 2231 988 2271; x_wconf 85' lang='lat' dir='ltr'><strong>voce</strong></span> <span class='ocrx_word' id='word_1_135' title='bbox 1020 2214 1371 2272; x_wconf 73' lang='lat' dir='ltr'><strong>decertavit:</strong></span> <span class='ocrx_word' id='word_1_136' title='bbox 1424 2232 1545 2288; x_wconf 89' lang='lat' dir='ltr'><strong>qua</strong></span> <span class='ocrx_word' id='word_1_137' title='bbox 1576 2213 1647 2272; x_wconf 92' lang='lat' dir='ltr'><strong>de</strong></span> <span class='ocrx_word' id='word_1_138' title='bbox 1681 2233 1743 2271; x_wconf 90' lang='lat' dir='ltr'><strong>re</strong></span> 
     </span>
     <span class='ocr_line' id='line_1_24' title="bbox 464 2301 1741 2378; baseline 0.003 -21"><span class='ocrx_word' id='word_1_139' title='bbox 464 2301 814 2359; x_wconf 81' lang='lat' dir='ltr'><strong>consulatur</strong></span> <span class='ocrx_word' id='word_1_140' title='bbox 860 2303 987 2377; x_wconf 81' lang='lat' dir='ltr'><strong>ejus</strong></span> <span class='ocrx_word' id='word_1_141' title='bbox 1031 2322 1120 2378; x_wconf 91' lang='lat' dir='ltr'><strong>ep.</strong></span> <span class='ocrx_word' id='word_1_142' title='bbox 1173 2304 1360 2378; x_wconf 89' lang='lat' dir='ltr'><strong>prima</strong></span> <span class='ocrx_word' id='word_1_143' title='bbox 1392 2303 1464 2361; x_wconf 88' lang='lat' dir='ltr'><strong>ad</strong></span> <span class='ocrx_word' id='word_1_144' title='bbox 1501 2303 1741 2360; x_wconf 87' lang='lat' dir='ltr'><strong>Roderi·</strong></span> 
     </span>
     <span class='ocr_line' id='line_1_25' title="bbox 465 2390 1743 2469; baseline 0.002 -22"><span class='ocrx_word' id='word_1_145' title='bbox 465 2408 595 2447; x_wconf 86' lang='lat' dir='ltr'><strong>cum</strong></span> <span class='ocrx_word' id='word_1_146' title='bbox 645 2390 1122 2450; x_wconf 79' lang='lat' dir='ltr'><strong>archidiaconum</strong></span> <span class='ocrx_word' id='word_1_147' title='bbox 1167 2392 1239 2451; x_wconf 90' lang='lat' dir='ltr'><strong>de</strong></span> <span class='ocrx_word' id='word_1_148' title='bbox 1284 2392 1539 2451; x_wconf 87' lang='lat' dir='ltr'><strong>Trevino</strong></span> <span class='ocrx_word' id='word_1_149' title='bbox 1587 2393 1743 2469; x_wconf 90' lang='lat' dir='ltr'><strong>regis</strong></span> 
     </span>
     <span class='ocr_line' id='line_1_26' title="bbox 466 2478 1742 2544; baseline 0.003 -8"><span class='ocrx_word' id='word_1_150' title='bbox 466 2478 750 2537; x_wconf 84' lang='lat' dir='ltr'><strong>Castellae</strong></span> <span class='ocrx_word' id='word_1_151' title='bbox 795 2480 856 2538; x_wconf 92' lang='lat' dir='ltr'><strong>in</strong></span> <span class='ocrx_word' id='word_1_152' title='bbox 907 2481 1397 2544; x_wconf 79' lang='lat' dir='ltr'><strong>francofordiensi</strong></span> <span class='ocrx_word' id='word_1_153' title='bbox 1444 2487 1742 2540; x_wconf 86' lang='lat' dir='ltr'><strong>conventu</strong></span> 
     </span>
     <span class='ocr_line' id='line_1_27' title="bbox 466 2569 1741 2646; baseline 0.002 -22"><span class='ocrx_word' id='word_1_154' title='bbox 466 2571 775 2637; x_wconf 89' lang='lat' dir='ltr'><strong>oratorem,</strong></span> <span class='ocrx_word' id='word_1_155' title='bbox 823 2569 886 2627; x_wconf 92' lang='lat' dir='ltr'><strong>in</strong></span> <span class='ocrx_word' id='word_1_156' title='bbox 933 2589 1051 2644; x_wconf 89' lang='lat' dir='ltr'><strong>qua</strong></span> <span class='ocrx_word' id='word_1_157' title='bbox 1095 2571 1167 2629; x_wconf 90' lang='lat' dir='ltr'><strong>de</strong></span> <span class='ocrx_word' id='word_1_158' title='bbox 1199 2571 1419 2629; x_wconf 87' lang='lat' dir='ltr'><strong>summi</strong></span> <span class='ocrx_word' id='word_1_159' title='bbox 1448 2571 1741 2646; x_wconf 87' lang='lat' dir='ltr'><strong>pontificis</strong></span> 
     </span>
     <span class='ocr_line' id='line_1_28' title="bbox 465 2659 1735 2732; baseline 0.004 -18"><span class='ocrx_word' id='word_1_160' title='bbox 465 2660 759 2732; x_wconf 71' lang='lat' dir='ltr'><strong>potestate</strong></span> <span class='ocrx_word' id='word_1_161' title='bbox 806 2677 872 2717; x_wconf 86' lang='lat' dir='ltr'><strong>ex</strong></span> <span class='ocrx_word' id='word_1_162' title='bbox 922 2659 1294 2719; x_wconf 79' lang='lat' dir='ltr'><strong>fundamenti</strong></span> <span class='ocrx_word' id='word_1_163' title='bbox 1344 2662 1585 2719; x_wconf 85' lang='lat' dir='ltr'><strong>notione</strong></span> <span class='ocrx_word' id='word_1_164' title='bbox 1619 2661 1735 2719; x_wconf 85' lang='lat' dir='ltr'><strong>dis-</strong></span> 
     </span>
     <span class='ocr_line' id='line_1_29' title="bbox 464 2746 1740 2829; baseline 0.004 -26"><span class='ocrx_word' id='word_1_165' title='bbox 464 2765 681 2817; x_wconf 77' lang='lat' dir='ltr'><strong>serenS,</strong></span> <span class='ocrx_word' id='word_1_166' title='bbox 745 2768 868 2806; x_wconf 90' lang='lat' dir='ltr'><strong>eam</strong></span> <span class='ocrx_word' id='word_1_167' title='bbox 933 2750 1202 2829; x_wconf 25' lang='lat' dir='ltr'><strong>conciliis·</strong></span> <span class='ocrx_word' id='word_1_168' title='bbox 1257 2753 1319 2808; x_wconf 90' lang='lat' dir='ltr'><strong>et</strong></span> <span class='ocrx_word' id='word_1_169' title='bbox 1366 2746 1740 2826; x_wconf 81' lang='lat' dir='ltr'><strong>principibus</strong></span> 
     </span>
     <span class='ocr_line' id='line_1_30' title="bbox 463 2837 1737 2909; baseline 0.004 -17"><span class='ocrx_word' id='word_1_170' title='bbox 463 2837 780 2909; x_wconf 83' lang='lat' dir='ltr'><strong>praeponit</strong></span> <span class='ocrx_word' id='word_1_171' title='bbox 795 2856 860 2894; x_wconf 92' lang='lat' dir='ltr'><strong>ac</strong></span> <span class='ocrx_word' id='word_1_172' title='bbox 875 2838 1127 2896; x_wconf 89' lang='lat' dir='ltr'><strong>schisma</strong></span> <span class='ocrx_word' id='word_1_173' title='bbox 1141 2838 1500 2897; x_wconf 87' lang='lat' dir='ltr'><strong>diabolicum</strong></span> <span class='ocrx_word' id='word_1_174' title='bbox 1518 2839 1737 2897; x_wconf 84' lang='lat' dir='ltr'><strong>crimen</strong></span> 
     </span>
     <span class='ocr_line' id='line_1_31' title="bbox 463 2925 1739 3001; baseline 0.003 -19"><span class='ocrx_word' id='word_1_175' title='bbox 463 2928 525 2982; x_wconf 89' lang='lat' dir='ltr'><strong>et</strong></span> <span class='ocrx_word' id='word_1_176' title='bbox 555 2925 743 3001; x_wconf 78' lang='lat' dir='ltr'><strong>stygis</strong></span> <span class='ocrx_word' id='word_1_177' title='bbox 774 2926 1045 2984; x_wconf 88' lang='lat' dir='ltr'><strong>abortum</strong></span> <span class='ocrx_word' id='word_1_178' title='bbox 1093 2929 1375 2986; x_wconf 84' lang='lat' dir='ltr'><strong>nominat.</strong></span> <span class='ocrx_word' id='word_1_179' title='bbox 1441 2928 1630 2986; x_wconf 88' lang='lat' dir='ltr'><strong>Etiam</strong></span> <span class='ocrx_word' id='word_1_180' title='bbox 1675 2929 1739 2986; x_wconf 91' lang='lat' dir='ltr'><strong>in</strong></span> 
     </span>
     <span class='ocr_line' id='line_1_32' title="bbox 461 3014 1740 3092; baseline 0.004 -22"><span class='ocrx_word' id='word_1_181' title='bbox 461 3014 701 3090; x_wconf 86' lang='lat' dir='ltr'><strong>negotio</strong></span> <span class='ocrx_word' id='word_1_182' title='bbox 763 3032 895 3072; x_wconf 87' lang='lat' dir='ltr'><strong>cum</strong></span> <span class='ocrx_word' id='word_1_183' title='bbox 955 3015 1188 3075; x_wconf 84' lang='lat' dir='ltr'><strong>Husitis</strong></span> <span class='ocrx_word' id='word_1_184' title='bbox 1248 3021 1474 3092; x_wconf 88' lang='lat' dir='ltr'><strong>partem</strong></span> <span class='ocrx_word' id='word_1_185' title='bbox 1526 3016 1740 3075; x_wconf 88' lang='lat' dir='ltr'><strong>habuit</strong></span> 
     </span>
     <span class='ocr_line' id='line_1_33' title="bbox 462 3102 1734 3181; baseline 0.004 -22"><span class='ocrx_word' id='word_1_186' title='bbox 462 3102 753 3177; x_wconf 85' lang='lat' dir='ltr'><strong>binasque</strong></span> <span class='ocrx_word' id='word_1_187' title='bbox 784 3103 858 3161; x_wconf 90' lang='lat' dir='ltr'><strong>ad</strong></span> <span class='ocrx_word' id='word_1_188' title='bbox 878 3123 976 3163; x_wconf 89' lang='lat' dir='ltr'><strong>eos</strong></span> <span class='ocrx_word' id='word_1_189' title='bbox 998 3111 1309 3181; x_wconf 87' lang='lat' dir='ltr'><strong>propterea</strong></span> <span class='ocrx_word' id='word_1_190' title='bbox 1329 3106 1531 3164; x_wconf 86' lang='lat' dir='ltr'><strong>literas</strong></span> <span class='ocrx_word' id='word_1_191' title='bbox 1552 3107 1734 3175; x_wconf 81' lang='lat' dir='ltr'><strong>dedit,</strong></span> 
     </span>
     <span class='ocr_line' id='line_1_34' title="bbox 460 3193 1733 3267; baseline 0.004 -19"><span class='ocrx_word' id='word_1_192' title='bbox 460 3194 522 3248; x_wconf 92' lang='lat' dir='ltr'><strong>et</strong></span> <span class='ocrx_word' id='word_1_193' title='bbox 570 3193 631 3249; x_wconf 92' lang='lat' dir='ltr'><strong>in</strong></span> <span class='ocrx_word' id='word_1_194' title='bbox 680 3194 1078 3267; x_wconf 87' lang='lat' dir='ltr'><strong>promovenda</strong></span> <span class='ocrx_word' id='word_1_195' title='bbox 1128 3196 1348 3255; x_wconf 92' lang='lat' dir='ltr'><strong>unione</strong></span> <span class='ocrx_word' id='word_1_196' title='bbox 1382 3196 1733 3254; x_wconf 82' lang='lat' dir='ltr'><strong>Graecorum</strong></span> 
     </span>
     <span class='ocr_line' id='line_1_35' title="bbox 460 3282 1739 3360; baseline 0.004 -22"><span class='ocrx_word' id='word_1_197' title='bbox 460 3298 592 3338; x_wconf 89' lang='lat' dir='ltr'><strong>cum</strong></span> <span class='ocrx_word' id='word_1_198' title='bbox 646 3282 903 3341; x_wconf 83' lang='lat' dir='ltr'><strong>Ecclesia</strong></span> <span class='ocrx_word' id='word_1_199' title='bbox 950 3303 1220 3343; x_wconf 88' lang='lat' dir='ltr'><strong>romana:</strong></span> <span class='ocrx_word' id='word_1_200' title='bbox 1285 3304 1403 3360; x_wconf 90' lang='lat' dir='ltr'><strong>qua</strong></span> <span class='ocrx_word' id='word_1_201' title='bbox 1449 3285 1512 3342; x_wconf 90' lang='lat' dir='ltr'><strong>in</strong></span> <span class='ocrx_word' id='word_1_202' title='bbox 1562 3304 1739 3343; x_wconf 86' lang='lat' dir='ltr'><strong>causa</strong></span> 
     </span>
     <span class='ocr_line' id='line_1_36' title="bbox 460 3370 1733 3450; baseline 0.004 -23"><span class='ocrx_word' id='word_1_203' title='bbox 460 3370 681 3428; x_wconf 87' lang='lat' dir='ltr'><strong>missus</strong></span> <span class='ocrx_word' id='word_1_204' title='bbox 734 3376 827 3430; x_wconf 85' lang='lat' dir='ltr'><strong>est</strong></span> <span class='ocrx_word' id='word_1_205' title='bbox 878 3373 1108 3450; x_wconf 88' lang='lat' dir='ltr'><strong>legatus</strong></span> <span class='ocrx_word' id='word_1_206' title='bbox 1158 3374 1733 3449; x_wconf 85' lang='lat' dir='ltr'><strong>Constantinopolim</strong></span> 
     </span>
     <span class='ocr_line' id='line_1_37' title="bbox 441 3461 1733 3538; baseline 0.004 -22"><span class='ocrx_word' id='word_1_207' title='bbox 441 3464 636 3536; x_wconf 82' lang='lat' dir='ltr'><strong>-atque</strong></span> <span class='ocrx_word' id='word_1_208' title='bbox 670 3461 807 3519; x_wconf 91' lang='lat' dir='ltr'><strong>inde</strong></span> <span class='ocrx_word' id='word_1_209' title='bbox 827 3462 1236 3538; x_wconf 81' lang='lat' dir='ltr'><strong>imperatorem</strong></span> <span class='ocrx_word' id='word_1_210' title='bbox 1272 3463 1346 3522; x_wconf 85' lang='lat' dir='ltr'><strong>ad</strong></span> <span class='ocrx_word' id='word_1_211' title='bbox 1365 3482 1523 3525; x_wconf 89' lang='lat' dir='ltr'><strong>conc.</strong></span> <span class='ocrx_word' id='word_1_212' title='bbox 1556 3465 1733 3522; x_wconf 86' lang='lat' dir='ltr'><strong>comi·</strong></span> 
     </span>
     <span class='ocr_line' id='line_1_38' title="bbox 457 3549 1730 3633; baseline 0.004 -27"><span class='ocrx_word' id='word_1_213' title='bbox 457 3553 621 3608; x_wconf 87' lang='lat' dir='ltr'><strong>tatus</strong></span> <span class='ocrx_word' id='word_1_214' title='bbox 654 3555 743 3608; x_wconf 85' lang='lat' dir='ltr'><strong>est</strong></span> <span class='ocrx_word' id='word_1_215' title='bbox 773 3551 1155 3612; x_wconf 88' lang='lat' dir='ltr'><strong>florentinum</strong></span> <span class='ocrx_word' id='word_1_216' title='bbox 1190 3549 1435 3633; x_wconf 84' lang='lat'>(1437).</span> <span class='ocrx_word' id='word_1_217' title='bbox 1488 3553 1579 3610; x_wconf 86' lang='lat' dir='ltr'><strong>Ab</strong></span> <span class='ocrx_word' id='word_1_218' title='bbox 1616 3554 1730 3611; x_wconf 82' lang='lat' dir='ltr'><strong>Eu-</strong></span> 
     </span>
     <span class='ocr_line' id='line_1_39' title="bbox 456 3639 1729 3715; baseline 0.002 -18"><span class='ocrx_word' id='word_1_219' title='bbox 456 3640 631 3715; x_wconf 88' lang='lat' dir='ltr'><strong>genio</strong></span> <span class='ocrx_word' id='word_1_220' title='bbox 664 3639 759 3697; x_wconf 92' lang='lat' dir='ltr'><strong>IV.</strong></span> <span class='ocrx_word' id='word_1_221' title='bbox 794 3642 856 3699; x_wconf 90' lang='lat' dir='ltr'><strong>in</strong></span> <span class='ocrx_word' id='word_1_222' title='bbox 890 3641 1258 3700; x_wconf 85' lang='lat' dir='ltr'><strong>Germaniam</strong></span> <span class='ocrx_word' id='word_1_223' title='bbox 1293 3642 1629 3701; x_wconf 84' lang='lat' dir='ltr'><strong>destinatur</strong></span> <span class='ocrx_word' id='word_1_224' title='bbox 1660 3642 1729 3700; x_wconf 80' lang='lat' dir='ltr'><strong>ad</strong></span> 
     </span>
     <span class='ocr_line' id='line_1_40' title="bbox 455 3729 1732 3807; baseline 0.003 -22"><span class='ocrx_word' id='word_1_225' title='bbox 455 3729 894 3804; x_wconf 83' lang='lat' dir='ltr'><strong>impediendum</strong></span> <span class='ocrx_word' id='word_1_226' title='bbox 916 3732 1185 3799; x_wconf 82' lang='lat' dir='ltr'><strong>schisma,</strong></span> <span class='ocrx_word' id='word_1_227' title='bbox 1220 3735 1399 3807; x_wconf 87' lang='lat' dir='ltr'><strong>atque</strong></span> <span class='ocrx_word' id='word_1_228' title='bbox 1419 3731 1561 3789; x_wconf 87' lang='lat' dir='ltr'><strong>adeo</strong></span> <span class='ocrx_word' id='word_1_229' title='bbox 1583 3734 1732 3789; x_wconf 84' lang='lat' dir='ltr'><strong>stre-</strong></span> 
     </span>
     <span class='ocr_line' id='line_1_41' title="bbox 455 3819 1734 3897; baseline 0.003 -22"><span class='ocrx_word' id='word_1_230' title='bbox 455 3837 573 3876; x_wconf 92' lang='lat' dir='ltr'><strong>nue</strong></span> <span class='ocrx_word' id='word_1_231' title='bbox 605 3819 904 3893; x_wconf 86' lang='lat' dir='ltr'><strong>pontificis</strong></span> <span class='ocrx_word' id='word_1_232' title='bbox 930 3838 1166 3879; x_wconf 84' lang='lat' dir='ltr'><strong>causam</strong></span> <span class='ocrx_word' id='word_1_233' title='bbox 1188 3822 1328 3897; x_wconf 88' lang='lat' dir='ltr'><strong>egit,</strong></span> <span class='ocrx_word' id='word_1_234' title='bbox 1349 3824 1422 3879; x_wconf 88' lang='lat' dir='ltr'><strong>ut</strong></span> <span class='ocrx_word' id='word_1_235' title='bbox 1440 3821 1514 3878; x_wconf 87' lang='lat' dir='ltr'><strong>ab</strong></span> <span class='ocrx_word' id='word_1_236' title='bbox 1537 3824 1734 3879; x_wconf 85' lang='lat' dir='ltr'><strong>Aenea</strong></span> 
     </span>
     <span class='ocr_line' id='line_1_42' title="bbox 456 3906 1733 3985; baseline 0.003 -21"><span class='ocrx_word' id='word_1_237' title='bbox 456 3906 642 3966; x_wconf 86' lang='lat' dir='ltr'><strong>Silvio</strong></span> <span class='ocrx_word' id='word_1_238' title='bbox 658 3909 953 3967; x_wconf 85' lang='lat' dir='ltr'><strong>diceretur</strong></span> <span class='ocrx_word' id='word_1_239' title='bbox 966 3909 1450 3985; x_wconf 85' lang='lat' dir='ltr'><strong>Eugenianorum</strong></span> <span class='ocrx_word' id='word_1_240' title='bbox 1465 3911 1733 3969; x_wconf 88' lang='lat' dir='ltr'><strong>omnium</strong></span> 
     </span>
     <span class='ocr_line' id='line_1_43' title="bbox 454 3995 1732 4074; baseline 0.004 -22"><span class='ocrx_word' id='word_1_241' title='bbox 454 3995 757 4058; x_wconf 80' lang='lat' dir='ltr'><strong>Hercules,</strong></span> <span class='ocrx_word' id='word_1_242' title='bbox 821 3999 1003 4057; x_wconf 91' lang='lat' dir='ltr'><strong>Porro</strong></span> <span class='ocrx_word' id='word_1_243' title='bbox 1050 4000 1114 4056; x_wconf 90' lang='lat' dir='ltr'><strong>in</strong></span> <span class='ocrx_word' id='word_1_244' title='bbox 1148 3999 1304 4058; x_wconf 89' lang='lat' dir='ltr'><strong>hisce</strong></span> <span class='ocrx_word' id='word_1_245' title='bbox 1337 3999 1732 4074; x_wconf 83' lang='lat' dir='ltr'><strong>legationibus</strong></span> 
     </span>
     <span class='ocr_line' id='line_1_44' title="bbox 453 4086 1730 4165; baseline 0.005 -25"><span class='ocrx_word' id='word_1_246' title='bbox 453 4089 603 4144; x_wconf 84' lang='lat' dir='ltr'><strong>teste</strong></span> <span class='ocrx_word' id='word_1_247' title='bbox 635 4088 834 4144; x_wconf 85' lang='lat' dir='ltr'><strong>Aenea</strong></span> <span class='ocrx_word' id='word_1_248' title='bbox 866 4086 1051 4144; x_wconf 85' lang='lat' dir='ltr'><strong>Silvio</strong></span> <span class='ocrx_word' id='word_1_249' title='bbox 1076 4089 1270 4154; x_wconf 85' lang='lat' dir='ltr'><strong>,tanti</strong></span> <span class='ocrx_word' id='word_1_250' title='bbox 1294 4090 1405 4146; x_wconf 86' lang='lat' dir='ltr'><strong>viri</strong></span> <span class='ocrx_word' id='word_1_251' title='bbox 1426 4089 1730 4165; x_wconf 84' lang='lat' dir='ltr'><strong>religionis</strong></span> 
     </span>
     <span class='ocr_line' id='line_1_45' title="bbox 453 4175 1728 4253; baseline 0.005 -22"><span class='ocrx_word' id='word_1_252' title='bbox 453 4175 630 4245; x_wconf 69' lang='lat' dir='ltr'><strong>zema,</strong></span> <span class='ocrx_word' id='word_1_253' title='bbox 654 4176 835 4232; x_wconf 90' lang='lat' dir='ltr'><strong>animi</strong></span> <span class='ocrx_word' id='word_1_254' title='bbox 855 4176 1086 4244; x_wconf 85' lang='lat' dir='ltr'><strong>candor,</strong></span> <span class='ocrx_word' id='word_1_255' title='bbox 1122 4176 1473 4251; x_wconf 90' lang='lat' dir='ltr'><strong>prudentiae</strong></span> <span class='ocrx_word' id='word_1_256' title='bbox 1509 4179 1614 4245; x_wconf 88' lang='lat' dir='ltr'><strong>vis,</strong></span> <span class='ocrx_word' id='word_1_257' title='bbox 1629 4179 1728 4253; x_wconf 89' lang='lat' dir='ltr'><strong>ju-</strong></span> 
     </span>
     <span class='ocr_line' id='line_1_46' title="bbox 453 4264 1731 4347; baseline 0.003 -26"><span class='ocrx_word' id='word_1_258' title='bbox 453 4264 618 4347; x_wconf 75' lang='lat' dir='ltr'><strong>dicii¹</strong></span> <span class='ocrx_word' id='word_1_259' title='bbox 655 4264 932 4341; x_wconf 76' lang='lat' dir='ltr'><strong>gravitas,</strong></span> <span class='ocrx_word' id='word_1_260' title='bbox 984 4264 1294 4325; x_wconf 86' lang='lat' dir='ltr'><strong>facundiae</strong></span> <span class='ocrx_word' id='word_1_261' title='bbox 1346 4267 1624 4342; x_wconf 80' lang='lat' dir='ltr'><strong>splendor</strong></span> <span class='ocrx_word' id='word_1_262' title='bbox 1672 4272 1731 4325; x_wconf 85' lang='lat' dir='ltr'><strong>et</strong></span> 
     </span>
     <span class='ocr_line' id='line_1_47' title="bbox 451 4354 1724 4431; baseline 0.003 -21"><span class='ocrx_word' id='word_1_263' title='bbox 451 4356 887 4412; x_wconf 78' lang='lat' dir='ltr'><strong>consummatae</strong></span> <span class='ocrx_word' id='word_1_264' title='bbox 897 4354 1272 4431; x_wconf 86' lang='lat' dir='ltr'><strong>profunditas</strong></span> <span class='ocrx_word' id='word_1_265' title='bbox 1286 4357 1584 4416; x_wconf 78' lang='lat' dir='ltr'><strong>doctrinae</strong></span> <span class='ocrx_word' id='word_1_266' title='bbox 1605 4376 1724 4414; x_wconf 89' lang='lat' dir='ltr'><strong>om·</strong></span> 
     </span>
     <span class='ocr_line' id='line_1_48' title="bbox 451 4442 1726 4521; baseline 0.004 -21"><span class='ocrx_word' id='word_1_267' title='bbox 451 4442 611 4501; x_wconf 90' lang='lat' dir='ltr'><strong>nium</strong></span> <span class='ocrx_word' id='word_1_268' title='bbox 631 4443 846 4518; x_wconf 84' lang='lat' dir='ltr'><strong>plausu</strong></span> <span class='ocrx_word' id='word_1_269' title='bbox 865 4447 1107 4519; x_wconf 84' lang='lat' dir='ltr'><strong>excepta</strong></span> <span class='ocrx_word' id='word_1_270' title='bbox 1125 4463 1301 4521; x_wconf 88' lang='lat' dir='ltr'><strong>quam</strong></span> <span class='ocrx_word' id='word_1_271' title='bbox 1333 4447 1582 4505; x_wconf 82' lang='lat' dir='ltr'><strong>maxime</strong></span> <span class='ocrx_word' id='word_1_272' title='bbox 1602 4447 1726 4505; x_wconf 90' lang='lat' dir='ltr'><strong>eni-</strong></span> 
     </span>
    </p>
   </div>
   <div class='ocr_carea' id='block_1_6' title="bbox 488 4566 755 4575">
    <p class='ocr_par' dir='ltr' id='par_1_6' title="bbox 488 4566 755 4575">
     <span class='ocr_line' id='line_1_49' title="bbox 488 4566 755 4575; baseline 0 789"><span class='ocrx_word' id='word_1_273' title='bbox 488 4566 755 4575; x_wconf 95' lang='lat' dir='ltr'><strong> </strong></span> 
     </span>
    </p>
   </div>
   <div class='ocr_carea' id='block_1_7' title="bbox 447 4612 1729 4901">
    <p class='ocr_par' dir='ltr' id='par_1_7' title="bbox 447 4612 1729 4901">
     <span class='ocr_line' id='line_1_50' title="bbox 452 4612 1728 4686; baseline 0.003 -20"><span class='ocrx_word' id='word_1_274' title='bbox 452 4612 695 4683; x_wconf 85' lang='lat' dir='ltr'><strong>Eugenii</strong></span> <span class='ocrx_word' id='word_1_275' title='bbox 744 4614 815 4667; x_wconf 91' lang='lat' dir='ltr'><strong>lV</strong></span> <span class='ocrx_word' id='word_1_276' title='bbox 865 4620 1069 4684; x_wconf 82' lang='lat' dir='ltr'><strong>partes,</strong></span> <span class='ocrx_word' id='word_1_277' title='bbox 1122 4615 1358 4686; x_wconf 81' lang='lat' dir='ltr'><strong>Magnas</strong></span> <span class='ocrx_word' id='word_1_278' title='bbox 1409 4616 1616 4671; x_wconf 82' lang='lat' dir='ltr'><strong>habuit</strong></span> <span class='ocrx_word' id='word_1_279' title='bbox 1663 4634 1728 4670; x_wconf 89' lang='lat' dir='ltr'><strong>eo</strong></span> 
     </span>
     <span class='ocr_line' id='line_1_51' title="bbox 449 4685 1729 4757; baseline 0.001 -18"><span class='ocrx_word' id='word_1_280' title='bbox 449 4687 703 4756; x_wconf 85' lang='lat' dir='ltr'><strong>tempore</strong></span> <span class='ocrx_word' id='word_1_281' title='bbox 742 4685 802 4739; x_wconf 92' lang='lat' dir='ltr'><strong>in</strong></span> <span class='ocrx_word' id='word_1_282' title='bbox 847 4687 1199 4753; x_wconf 76' lang='lat' dir='ltr'><strong>gravissimis</strong></span> <span class='ocrx_word' id='word_1_283' title='bbox 1243 4688 1729 4757; x_wconf 82' lang='lat' dir='ltr'><strong>negotiationibus</strong></span> 
     </span>
     <span class='ocr_line' id='line_1_52' title="bbox 449 4758 1729 4829; baseline 0.002 -18"><span class='ocrx_word' id='word_1_284' title='bbox 449 4761 639 4826; x_wconf 84' lang='lat' dir='ltr'><strong>partes</strong></span> <span class='ocrx_word' id='word_1_285' title='bbox 659 4758 1013 4827; x_wconf 83' lang='lat' dir='ltr'><strong>decessitque</strong></span> <span class='ocrx_word' id='word_1_286' title='bbox 1029 4758 1337 4813; x_wconf 78' lang='lat' dir='ltr'><strong>canonicus</strong></span> <span class='ocrx_word' id='word_1_287' title='bbox 1352 4760 1729 4829; x_wconf 85' lang='lat' dir='ltr'><strong>moguntinus</strong></span> 
     </span>
     <span class='ocr_line' id='line_1_53' title="bbox 447 4829 1727 4901; baseline 0 -18"><span class='ocrx_word' id='word_1_288' title='bbox 447 4831 876 4901; x_wconf 81' lang='lat' dir='ltr'><strong>etpraepositus</strong></span> <span class='ocrx_word' id='word_1_289' title='bbox 891 4832 938 4890; x_wconf 84' lang='lat' dir='ltr'><strong>b.</strong></span> <span class='ocrx_word' id='word_1_290' title='bbox 955 4829 1165 4884; x_wconf 82' lang='lat' dir='ltr'><strong>Mariae</strong></span> <span class='ocrx_word' id='word_1_291' title='bbox 1177 4831 1248 4883; x_wconf 85' lang='lat' dir='ltr'><strong>ad</strong></span> <span class='ocrx_word' id='word_1_292' title='bbox 1260 4830 1472 4900; x_wconf 85' lang='lat' dir='ltr'><strong>gradus</strong></span> <span class='ocrx_word' id='word_1_293' title='bbox 1483 4836 1568 4888; x_wconf 81' lang='lat'><strong>27.</strong></span> <span class='ocrx_word' id='word_1_294' title='bbox 1581 4834 1727 4901; x_wconf 83' lang='lat' dir='ltr'><strong>Aug.</strong></span> 
     </span>
    </p>
   </div>
   <div class='ocr_carea' id='block_1_8' title="bbox 1798 693 3088 2737">
    <p class='ocr_par' dir='ltr' id='par_1_8' title="bbox 1798 693 3088 2737">
     <span class='ocr_line' id='line_1_54' title="bbox 1808 693 3088 780; baseline 0.001 -26"><span class='ocrx_word' id='word_1_295' title='bbox 1808 699 2017 757; x_wconf 89' lang='lat' dir='ltr'><strong>miram</strong></span> <span class='ocrx_word' id='word_1_296' title='bbox 2052 697 2428 772; x_wconf 89' lang='lat' dir='ltr'><strong>prudentiam</strong></span> <span class='ocrx_word' id='word_1_297' title='bbox 2467 708 2567 759; x_wconf 89' lang='lat'><strong>20.</strong></span> <span class='ocrx_word' id='word_1_298' title='bbox 2607 698 2735 755; x_wconf 83' lang='lat' dir='ltr'><strong>Dec.</strong></span> <span class='ocrx_word' id='word_1_299' title='bbox 2778 707 2941 761; x_wconf 75' lang='lat'>1448</span> <span class='ocrx_word' id='word_1_300' title='bbox 2986 693 3088 780; x_wconf 85' lang='lat' dir='ltr'><strong>(ab</strong></span> 
     </span>
     <span class='ocr_line' id='line_1_55' title="bbox 1807 785 3085 865; baseline -0.001 -21"><span class='ocrx_word' id='word_1_301' title='bbox 1807 787 1928 856; x_wconf 84' lang='lat' dir='ltr'><strong>illo,</strong></span> <span class='ocrx_word' id='word_1_302' title='bbox 1964 793 2035 845; x_wconf 84' lang='lat' dir='ltr'><strong>ut</strong></span> <span class='ocrx_word' id='word_1_303' title='bbox 2066 786 2286 855; x_wconf 78' lang='lat' dir='ltr'><strong>ferunt,</strong></span> <span class='ocrx_word' id='word_1_304' title='bbox 2323 788 2384 844; x_wconf 92' lang='lat' dir='ltr'><strong>in</strong></span> <span class='ocrx_word' id='word_1_305' title='bbox 2423 791 2662 862; x_wconf 84' lang='lat' dir='ltr'><strong>pectore</strong></span> <span class='ocrx_word' id='word_1_306' title='bbox 2692 785 3085 865; x_wconf 82' lang='lat' dir='ltr'><strong>reservatum)</strong></span> 
     </span>
     <span class='ocr_line' id='line_1_56' title="bbox 1806 876 3087 951; baseline -0.001 -18"><span class='ocrx_word' id='word_1_307' title='bbox 1806 877 2161 934; x_wconf 87' lang='lat' dir='ltr'><strong>cardinalem</strong></span> <span class='ocrx_word' id='word_1_308' title='bbox 2187 876 2589 951; x_wconf 85' lang='lat' dir='ltr'><strong>proclamavit,</strong></span> <span class='ocrx_word' id='word_1_309' title='bbox 2622 894 2753 933; x_wconf 87' lang='lat' dir='ltr'><strong>mox</strong></span> <span class='ocrx_word' id='word_1_310' title='bbox 2797 886 2957 938; x_wconf 84' lang='lat'>1450</span> <span class='ocrx_word' id='word_1_311' title='bbox 2993 890 3087 938; x_wconf 56' lang='lat' dir='ltr'><strong>ec.»</strong></span> 
     </span>
     <span class='ocr_line' id='line_1_57' title="bbox 1805 965 3085 1041; baseline 0 -18"><span class='ocrx_word' id='word_1_312' title='bbox 1805 965 2018 1024; x_wconf 89' lang='lat' dir='ltr'><strong>clesiae</strong></span> <span class='ocrx_word' id='word_1_313' title='bbox 2049 965 2377 1023; x_wconf 82' lang='lat' dir='ltr'><strong>brixinensi</strong></span> <span class='ocrx_word' id='word_1_314' title='bbox 2412 965 2697 1041; x_wconf 88' lang='lat' dir='ltr'><strong>praefecit</strong></span> <span class='ocrx_word' id='word_1_315' title='bbox 2748 972 2927 1038; x_wconf 81' lang='lat' dir='ltr'><strong>atque</strong></span> <span class='ocrx_word' id='word_1_316' title='bbox 2958 965 3085 1039; x_wconf 87' lang='lat' dir='ltr'><strong>ipse</strong></span> 
     </span>
     <span class='ocr_line' id='line_1_58' title="bbox 1804 1053 3086 1129; baseline -0.001 -17"><span class='ocrx_word' id='word_1_317' title='bbox 1804 1073 1938 1114; x_wconf 89' lang='lat' dir='ltr'><strong>eum</strong></span> <span class='ocrx_word' id='word_1_318' title='bbox 1988 1055 2051 1112; x_wconf 93' lang='lat' dir='ltr'><strong>in</strong></span> <span class='ocrx_word' id='word_1_319' title='bbox 2103 1055 2440 1129; x_wconf 86' lang='lat' dir='ltr'><strong>episcopum</strong></span> <span class='ocrx_word' id='word_1_320' title='bbox 2474 1053 2775 1112; x_wconf 81' lang='lat' dir='ltr'><strong>ordinavit</strong></span> <span class='ocrx_word' id='word_1_321' title='bbox 2806 1053 3086 1129; x_wconf 86' lang='lat' dir='ltr'><strong>deditque</strong></span> 
     </span>
     <span class='ocr_line' id='line_1_59' title="bbox 1803 1143 3086 1220; baseline -0.002 -17"><span class='ocrx_word' id='word_1_322' title='bbox 1803 1144 2111 1220; x_wconf 87' lang='lat' dir='ltr'><strong>negotium</strong></span> <span class='ocrx_word' id='word_1_323' title='bbox 2164 1143 2581 1219; x_wconf 86' lang='lat' dir='ltr'><strong>promulgandi</strong></span> <span class='ocrx_word' id='word_1_324' title='bbox 2639 1143 2976 1218; x_wconf 86' lang='lat' dir='ltr'><strong>jubilaeum</strong></span> <span class='ocrx_word' id='word_1_325' title='bbox 3026 1149 3086 1201; x_wconf 89' lang='lat' dir='ltr'><strong>et</strong></span> 
     </span>
     <span class='ocr_line' id='line_1_60' title="bbox 1806 1231 3084 1308; baseline 0.001 -19"><span class='ocrx_word' id='word_1_326' title='bbox 1806 1232 2161 1291; x_wconf 86' lang='lat' dir='ltr'><strong>reformandi</strong></span> <span class='ocrx_word' id='word_1_327' title='bbox 2176 1234 2401 1290; x_wconf 89' lang='lat' dir='ltr'><strong>clerum</strong></span> <span class='ocrx_word' id='word_1_328' title='bbox 2418 1236 2539 1290; x_wconf 84' lang='lat' dir='ltr'><strong>tam</strong></span> <span class='ocrx_word' id='word_1_329' title='bbox 2556 1231 2889 1308; x_wconf 88' lang='lat' dir='ltr'><strong>regularem</strong></span> <span class='ocrx_word' id='word_1_330' title='bbox 2907 1250 3084 1306; x_wconf 88' lang='lat' dir='ltr'><strong>quam</strong></span> 
     </span>
     <span class='ocr_line' id='line_1_61' title="bbox 1805 1321 3083 1401; baseline -0.001 -22"><span class='ocrx_word' id='word_1_331' title='bbox 1805 1323 2130 1380; x_wconf 86' lang='lat' dir='ltr'><strong>secularem</strong></span> <span class='ocrx_word' id='word_1_332' title='bbox 2162 1340 2270 1396; x_wconf 91' lang='lat' dir='ltr'><strong>per</strong></span> <span class='ocrx_word' id='word_1_333' title='bbox 2303 1321 2689 1383; x_wconf 86' lang='lat' dir='ltr'><strong>Germaniam.</strong></span> <span class='ocrx_word' id='word_1_334' title='bbox 2739 1321 3023 1380; x_wconf 78' lang='lat' dir='ltr'><strong>visitavit</strong></span> <span class='ocrx_word' id='word_1_335' title='bbox 3042 1322 3083 1401; x_wconf 87' lang='lat'><strong>¹)</strong></span> 
     </span>
     <span class='ocr_line' id='line_1_62' title="bbox 1804 1410 3083 1485; baseline -0.002 -16"><span class='ocrx_word' id='word_1_336' title='bbox 1804 1411 1995 1469; x_wconf 84' lang='lat' dir='ltr'><strong>varias</strong></span> <span class='ocrx_word' id='word_1_337' title='bbox 2031 1412 2378 1469; x_wconf 87' lang='lat' dir='ltr'><strong>Germaniae</strong></span> <span class='ocrx_word' id='word_1_338' title='bbox 2425 1410 2760 1485; x_wconf 82' lang='lat' dir='ltr'><strong>provincias</strong></span> <span class='ocrx_word' id='word_1_339' title='bbox 2804 1428 2921 1468; x_wconf 87' lang='lat' dir='ltr'><strong>non</strong></span> <span class='ocrx_word' id='word_1_340' title='bbox 2956 1410 3083 1468; x_wconf 86' lang='lat' dir='ltr'><strong>sine</strong></span> 
     </span>
     <span class='ocr_line' id='line_1_63' title="bbox 1803 1499 3081 1575; baseline -0.001 -17"><span class='ocrx_word' id='word_1_341' title='bbox 1803 1501 2002 1558; x_wconf 82' lang='lat' dir='ltr'><strong>fructu</strong></span> <span class='ocrx_word' id='word_1_342' title='bbox 2033 1500 2449 1575; x_wconf 80' lang='lat' dir='ltr'><strong>praeseditque</strong></span> <span class='ocrx_word' id='word_1_343' title='bbox 2471 1499 2736 1557; x_wconf 87' lang='lat' dir='ltr'><strong>conciliis</strong></span> <span class='ocrx_word' id='word_1_344' title='bbox 2751 1499 3081 1574; x_wconf 85' lang='lat' dir='ltr'><strong>provincia-</strong></span> 
     </span>
     <span class='ocr_line' id='line_1_64' title="bbox 1803 1588 3081 1665; baseline -0.001 -19"><span class='ocrx_word' id='word_1_345' title='bbox 1803 1590 1964 1647; x_wconf 89' lang='lat' dir='ltr'><strong>libus</strong></span> <span class='ocrx_word' id='word_1_346' title='bbox 2025 1589 2371 1665; x_wconf 81' lang='lat' dir='ltr'><strong>Salisburgi‚</strong></span> <span class='ocrx_word' id='word_1_347' title='bbox 2428 1589 2790 1664; x_wconf 87' lang='lat' dir='ltr'><strong>Bambergae</strong></span> <span class='ocrx_word' id='word_1_348' title='bbox 2848 1588 3081 1664; x_wconf 86' lang='lat' dir='ltr'><strong>Magde·</strong></span> 
     </span>
     <span class='ocr_line' id='line_1_65' title="bbox 1803 1673 3081 1760; baseline 0.002 -25"><span class='ocrx_word' id='word_1_349' title='bbox 1803 1678 1995 1755; x_wconf 89' lang='lat' dir='ltr'><strong>burgi,</strong></span> <span class='ocrx_word' id='word_1_350' title='bbox 2065 1679 2406 1754; x_wconf 80' lang='lat' dir='ltr'><strong>Moguntiae</strong></span> <span class='ocrx_word' id='word_1_351' title='bbox 2463 1673 2592 1760; x_wconf 82' lang='lat'>(14.</span> <span class='ocrx_word' id='word_1_352' title='bbox 2656 1678 2802 1737; x_wconf 55' lang='grc' dir='ltr'><strong>λον.</strong></span> <span class='ocrx_word' id='word_1_353' title='bbox 2847 1690 2901 1738; x_wconf 79' lang='grc'><strong>3.</strong></span> <span class='ocrx_word' id='word_1_354' title='bbox 2954 1679 3081 1738; x_wconf 80' lang='lat' dir='ltr'><strong>Dec.</strong></span> 
     </span>
     <span class='ocr_line' id='line_1_66' title="bbox 1811 1764 3080 1846; baseline -0.006 -17"><span class='ocrx_word' id='word_1_355' title='bbox 1811 1764 2003 1846; x_wconf 77' lang='lat'>1451)</span> <span class='ocrx_word' id='word_1_356' title='bbox 2039 1773 2099 1826; x_wconf 85' lang='lat' dir='ltr'><strong>et</strong></span> <span class='ocrx_word' id='word_1_357' title='bbox 2143 1767 2416 1825; x_wconf 83' lang='lat' dir='ltr'><strong>Coloniae</strong></span> <span class='ocrx_word' id='word_1_358' title='bbox 2459 1767 2586 1846; x_wconf 71' lang='lat'><em>(223.</em></span> <span class='ocrx_word' id='word_1_359' title='bbox 2614 1766 2779 1828; x_wconf 84' lang='lat' dir='ltr'><strong>Febr.</strong></span> <span class='ocrx_word' id='word_1_360' title='bbox 2825 1777 2878 1828; x_wconf 89' lang='grc'><strong>8.</strong></span> <span class='ocrx_word' id='word_1_361' title='bbox 2912 1767 3080 1824; x_wconf 83' lang='lat' dir='ltr'><strong>Mart.</strong></span> 
     </span>
     <span class='ocr_line' id='line_1_67' title="bbox 1814 1855 3084 1938; baseline -0.005 -20"><span class='ocrx_word' id='word_1_362' title='bbox 1814 1857 2002 1938; x_wconf 83' lang='lat'>1452)</span> <span class='ocrx_word' id='word_1_363' title='bbox 2050 1861 2175 1925; x_wconf 88' lang='lat' dir='ltr'><strong>etc.‚</strong></span> <span class='ocrx_word' id='word_1_364' title='bbox 2223 1855 2568 1915; x_wconf 85' lang='lat' dir='ltr'><strong>reformavit</strong></span> <span class='ocrx_word' id='word_1_365' title='bbox 2600 1874 2778 1930; x_wconf 87' lang='lat' dir='ltr'><strong>quam</strong></span> <span class='ocrx_word' id='word_1_366' title='bbox 2826 1855 3084 1929; x_wconf 88' lang='lat' dir='ltr'><strong>plurima</strong></span> 
     </span>
     <span class='ocr_line' id='line_1_68' title="bbox 1803 1942 3083 2025; baseline -0.001 -23"><span class='ocrx_word' id='word_1_367' title='bbox 1803 1946 2158 2005; x_wconf 86' lang='lat' dir='ltr'><strong>monasteria</strong></span> <span class='ocrx_word' id='word_1_368' title='bbox 2209 1942 2411 2025; x_wconf 82' lang='lat'>(127),</span> <span class='ocrx_word' id='word_1_369' title='bbox 2453 1945 2753 2018; x_wconf 84' lang='lat' dir='ltr'><strong>principes</strong></span> <span class='ocrx_word' id='word_1_370' title='bbox 2798 1944 3083 2002; x_wconf 82' lang='lat' dir='ltr'><strong>excitavit</strong></span> 
     </span>
     <span class='ocr_line' id='line_1_69' title="bbox 1800 2033 3081 2103; baseline -0.002 -11"><span class='ocrx_word' id='word_1_371' title='bbox 1800 2035 2118 2092; x_wconf 80' lang='lat' dir='ltr'><strong>adbellum</strong></span> <span class='ocrx_word' id='word_1_372' title='bbox 2172 2052 2402 2092; x_wconf 83' lang='lat' dir='ltr'><strong>sacrum</strong></span> <span class='ocrx_word' id='word_1_373' title='bbox 2449 2038 2654 2091; x_wconf 84' lang='lat' dir='ltr'><strong>contra</strong></span> <span class='ocrx_word' id='word_1_374' title='bbox 2695 2033 2933 2103; x_wconf 66' lang='lat' dir='ltr'><strong>OE&#39;urcas,</strong></span> <span class='ocrx_word' id='word_1_375' title='bbox 2980 2033 3081 2091; x_wconf 89' lang='lat' dir='ltr'><strong>sed</strong></span> 
     </span>
     <span class='ocr_line' id='line_1_70' title="bbox 1801 2122 3079 2184; baseline -0.002 -4"><span class='ocrx_word' id='word_1_376' title='bbox 1801 2124 1863 2181; x_wconf 90' lang='lat' dir='ltr'><strong>in</strong></span> <span class='ocrx_word' id='word_1_377' title='bbox 1906 2142 2153 2184; x_wconf 90' lang='lat' dir='ltr'><strong>cassum.</strong></span> <span class='ocrx_word' id='word_1_378' title='bbox 2202 2124 2451 2181; x_wconf 89' lang='lat' dir='ltr'><strong>Demum</strong></span> <span class='ocrx_word' id='word_1_379' title='bbox 2484 2143 2534 2183; x_wconf 90' lang='lat' dir='ltr'><strong>a.</strong></span> <span class='ocrx_word' id='word_1_380' title='bbox 2578 2131 2742 2184; x_wconf 83' lang='lat'>1452</span> <span class='ocrx_word' id='word_1_381' title='bbox 2795 2122 2944 2180; x_wconf 82' lang='lat' dir='ltr'><strong>adiit</strong></span> <span class='ocrx_word' id='word_1_382' title='bbox 2980 2122 3079 2180; x_wconf 87' lang='lat' dir='ltr'><strong>sed</strong></span> 
     </span>
     <span class='ocr_line' id='line_1_71' title="bbox 1800 2211 3080 2271; baseline -0.002 -2"><span class='ocrx_word' id='word_1_383' title='bbox 1800 2231 1919 2271; x_wconf 92' lang='lat' dir='ltr'><strong>non</strong></span> <span class='ocrx_word' id='word_1_384' title='bbox 1953 2213 2079 2271; x_wconf 88' lang='lat' dir='ltr'><strong>sine</strong></span> <span class='ocrx_word' id='word_1_385' title='bbox 2112 2212 2467 2271; x_wconf 86' lang='lat' dir='ltr'><strong>difficultate</strong></span> <span class='ocrx_word' id='word_1_386' title='bbox 2501 2211 2697 2269; x_wconf 87' lang='lat' dir='ltr'><strong>sedem</strong></span> <span class='ocrx_word' id='word_1_387' title='bbox 2730 2230 2912 2269; x_wconf 87' lang='lat' dir='ltr'><strong>suam.</strong></span> <span class='ocrx_word' id='word_1_388' title='bbox 2950 2212 3080 2268; x_wconf 82' lang='lat' dir='ltr'><strong>Mox</strong></span> 
     </span>
     <span class='ocr_line' id='line_1_72' title="bbox 1798 2301 3079 2368; baseline -0.002 -9"><span class='ocrx_word' id='word_1_389' title='bbox 1798 2305 1994 2359; x_wconf 86' lang='lat' dir='ltr'><strong>tamen</strong></span> <span class='ocrx_word' id='word_1_390' title='bbox 2044 2305 2239 2360; x_wconf 89' lang='lat' dir='ltr'><strong>ortum</strong></span> <span class='ocrx_word' id='word_1_391' title='bbox 2289 2306 2382 2359; x_wconf 91' lang='lat' dir='ltr'><strong>est</strong></span> <span class='ocrx_word' id='word_1_392' title='bbox 2427 2302 2789 2368; x_wconf 89' lang='lat' dir='ltr'><strong>acerrimum,</strong></span> <span class='ocrx_word' id='word_1_393' title='bbox 2842 2301 3079 2358; x_wconf 86' lang='lat' dir='ltr'><strong>diutur-</strong></span> 
     </span>
     <span class='ocr_line' id='line_1_73' title="bbox 1798 2389 3080 2464; baseline -0.002 -15"><span class='ocrx_word' id='word_1_394' title='bbox 1798 2410 1962 2459; x_wconf 87' lang='lat' dir='ltr'><strong>num,</strong></span> <span class='ocrx_word' id='word_1_395' title='bbox 1994 2391 2342 2449; x_wconf 83' lang='lat' dir='ltr'><strong>bellicosum</strong></span> <span class='ocrx_word' id='word_1_396' title='bbox 2378 2389 2694 2448; x_wconf 88' lang='lat' dir='ltr'><strong>dissidium</strong></span> <span class='ocrx_word' id='word_1_397' title='bbox 2709 2389 3080 2464; x_wconf 84' lang='lat' dir='ltr'><strong>interipsum</strong></span> 
     </span>
     <span class='ocr_line' id='line_1_74' title="bbox 1798 2478 3079 2556; baseline -0.002 -19"><span class='ocrx_word' id='word_1_398' title='bbox 1798 2483 1859 2537; x_wconf 90' lang='lat' dir='ltr'><strong>et</strong></span> <span class='ocrx_word' id='word_1_399' title='bbox 1884 2479 2329 2556; x_wconf 90' lang='lat' dir='ltr'><strong>Sigismundum</strong></span> <span class='ocrx_word' id='word_1_400' title='bbox 2348 2480 2626 2537; x_wconf 84' lang='lat' dir='ltr'><strong>Austriae</strong></span> <span class='ocrx_word' id='word_1_401' title='bbox 2661 2479 2888 2549; x_wconf 85' lang='lat' dir='ltr'><strong>ducem,</strong></span> <span class='ocrx_word' id='word_1_402' title='bbox 2921 2478 3079 2552; x_wconf 90' lang='lat' dir='ltr'><strong>quod</strong></span> 
     </span>
     <span class='ocr_line' id='line_1_75' title="bbox 1798 2568 3077 2642; baseline -0.002 -16"><span class='ocrx_word' id='word_1_403' title='bbox 1798 2569 2037 2627; x_wconf 85' lang='lat' dir='ltr'><strong>duravit</strong></span> <span class='ocrx_word' id='word_1_404' title='bbox 2093 2568 2174 2626; x_wconf 81' lang='lat' dir='ltr'><strong>ad</strong></span> <span class='ocrx_word' id='word_1_405' title='bbox 2219 2575 2466 2626; x_wconf 85' lang='lat' dir='ltr'><strong>mortem</strong></span> <span class='ocrx_word' id='word_1_406' title='bbox 2541 2586 2734 2642; x_wconf 87' lang='lat' dir='ltr'><strong>usque</strong></span> <span class='ocrx_word' id='word_1_407' title='bbox 2811 2568 3077 2626; x_wconf 85' lang='lat' dir='ltr'><strong>cardina-</strong></span> 
     </span>
     <span class='ocr_line' id='line_1_76' title="bbox 1799 2653 3079 2737; baseline -0.001 -21"><span class='ocrx_word' id='word_1_408' title='bbox 1799 2653 1953 2737; x_wconf 79' lang='lat' dir='ltr'><strong>lis2),</strong></span> <span class='ocrx_word' id='word_1_409' title='bbox 2001 2677 2178 2733; x_wconf 86' lang='lat' dir='ltr'><strong>quam</strong></span> <span class='ocrx_word' id='word_1_410' title='bbox 2226 2657 2378 2717; x_wconf 87' lang='lat' dir='ltr'><strong>obiit</strong></span> <span class='ocrx_word' id='word_1_411' title='bbox 2438 2658 2674 2735; x_wconf 82' lang='lat' dir='ltr'><strong>legatus</strong></span> <span class='ocrx_word' id='word_1_412' title='bbox 2721 2657 3079 2732; x_wconf 69' lang='lat' dir='ltr'><strong>apostolicus</strong></span> 
     </span>
    </p>
   </div>
   <div class='ocr_carea' id='block_1_9' title="bbox 1785 2827 3077 4959">
    <p class='ocr_par' dir='ltr' id='par_1_9' title="bbox 1785 2827 3077 4759">
     <span class='ocr_line' id='line_1_77' title="bbox 1877 2827 3077 2897; baseline -0.005 -12"><span class='ocrx_word' id='word_1_413' title='bbox 1877 2834 1910 2885; x_wconf 53' lang='lat'><strong>¹5</strong></span> <span class='ocrx_word' id='word_1_414' title='bbox 1941 2830 2021 2883; x_wconf 80' lang='lat' dir='ltr'><strong>Of.</strong></span> <span class='ocrx_word' id='word_1_415' title='bbox 2050 2830 2119 2882; x_wconf 86' lang='lat' dir='ltr'><strong>de</strong></span> <span class='ocrx_word' id='word_1_416' title='bbox 2146 2829 2250 2882; x_wconf 88' lang='lat' dir='ltr'><strong>hac</strong></span> <span class='ocrx_word' id='word_1_417' title='bbox 2279 2829 2609 2882; x_wconf 82' lang='lat' dir='ltr'><strong>visitatione</strong></span> <span class='ocrx_word' id='word_1_418' title='bbox 2639 2827 3077 2897; x_wconf 73' lang='lat' dir='ltr'><strong>Hergenrother·</strong></span> 
     </span>
     <span class='ocr_line' id='line_1_78' title="bbox 1797 2899 3075 2969; baseline -0.002 -16"><span class='ocrx_word' id='word_1_419' title='bbox 1797 2900 1993 2955; x_wconf 82' lang='lat' dir='ltr'><strong>Hefelc</strong></span> <span class='ocrx_word' id='word_1_420' title='bbox 2017 2900 2497 2969; x_wconf 82' lang='lat' dir='ltr'><strong>Conciliengesch‚</strong></span> <span class='ocrx_word' id='word_1_421' title='bbox 2526 2900 2656 2953; x_wconf 82' lang='lat' dir='ltr'><strong>Vlll</strong></span> <span class='ocrx_word' id='word_1_422' title='bbox 2677 2908 2703 2964; x_wconf 63' lang='grc' dir='ltr'><strong>ἓ</strong></span> <span class='ocrx_word' id='word_1_423' title='bbox 2723 2902 2857 2956; x_wconf 81' lang='lat'>838:</span> <span class='ocrx_word' id='word_1_424' title='bbox 2887 2899 3075 2951; x_wconf 79' lang='lat' dir='ltr'><strong>Grube</strong></span> 
     </span>
     <span class='ocr_line' id='line_1_79' title="bbox 1796 2970 3076 3038; baseline -0.002 -14"><span class='ocrx_word' id='word_1_425' title='bbox 1796 2972 1992 3026; x_wconf 79' lang='lat' dir='ltr'><strong>histor.</strong></span> <span class='ocrx_word' id='word_1_426' title='bbox 2009 2972 2202 3025; x_wconf 78' lang='lat' dir='ltr'><strong>Jahrb.</strong></span> <span class='ocrx_word' id='word_1_427' title='bbox 2230 2975 2385 3028; x_wconf 81' lang='lat'>1880.</span> <span class='ocrx_word' id='word_1_428' title='bbox 2407 2974 2444 3035; x_wconf 86' lang='lat'><strong>1,</strong></span> <span class='ocrx_word' id='word_1_429' title='bbox 2462 2975 2695 3028; x_wconf 74' lang='lat'>393-413</span> <span class='ocrx_word' id='word_1_430' title='bbox 2718 2973 2773 3022; x_wconf 80' lang='lat' dir='ltr'><strong>et</strong></span> <span class='ocrx_word' id='word_1_431' title='bbox 2800 2970 2833 3022; x_wconf 86' lang='lat' dir='ltr'>U</span> <span class='ocrx_word' id='word_1_432' title='bbox 2843 2970 3076 3038; x_wconf 83' lang='lat' dir='ltr'><strong>ebinger</strong></span> 
     </span>
     <span class='ocr_line' id='line_1_80' title="bbox 1794 3041 3073 3113; baseline -0.003 -17"><span class='ocrx_word' id='word_1_433' title='bbox 1794 3043 1869 3097; x_wconf 87' lang='lat' dir='ltr'><strong>ib.</strong></span> <span class='ocrx_word' id='word_1_434' title='bbox 1899 3048 2036 3101; x_wconf 82' lang='lat'>1887</span> <span class='ocrx_word' id='word_1_435' title='bbox 2064 3062 2119 3113; x_wconf 88' lang='lat' dir='ltr'><strong>p.</strong></span> <span class='ocrx_word' id='word_1_436' title='bbox 2147 3048 2373 3101; x_wconf 58' lang='lat' dir='ltr'><strong>ass-6&amp;</strong></span> <span class='ocrx_word' id='word_1_437' title='bbox 2403 3043 2728 3096; x_wconf 87' lang='lat' dir='ltr'><strong>Linneborn</strong></span> <span class='ocrx_word' id='word_1_438' title='bbox 2755 3041 2815 3093; x_wconf 89' lang='lat' dir='ltr'><strong>in</strong></span> <span class='ocrx_word' id='word_1_439' title='bbox 2834 3041 3073 3094; x_wconf 80' lang='lat' dir='ltr'><strong>Studien</strong></span> 
     </span>
     <span class='ocr_line' id='line_1_81' title="bbox 1797 3112 3075 3172; baseline -0.004 -4"><span class='ocrx_word' id='word_1_440' title='bbox 1797 3133 1849 3169; x_wconf 90' lang='lat' dir='ltr'><strong>u.</strong></span> <span class='ocrx_word' id='word_1_441' title='bbox 1879 3115 2070 3168; x_wconf 83' lang='lat' dir='ltr'><strong>Mitth.</strong></span> <span class='ocrx_word' id='word_1_442' title='bbox 2098 3132 2201 3168; x_wconf 84' lang='lat' dir='ltr'><strong>aus</strong></span> <span class='ocrx_word' id='word_1_443' title='bbox 2229 3115 2359 3168; x_wconf 90' lang='lat' dir='ltr'><strong>dem</strong></span> <span class='ocrx_word' id='word_1_444' title='bbox 2386 3115 2521 3168; x_wconf 90' lang='lat' dir='ltr'><strong>Ben.</strong></span> <span class='ocrx_word' id='word_1_445' title='bbox 2542 3133 2595 3167; x_wconf 88' lang='lat' dir='ltr'><strong>u.</strong></span> <span class='ocrx_word' id='word_1_446' title='bbox 2613 3114 2747 3172; x_wconf 81' lang='lat' dir='ltr'><strong>Cist,</strong></span> <span class='ocrx_word' id='word_1_447' title='bbox 2767 3112 2956 3166; x_wconf 89' lang='lat' dir='ltr'><strong>Orden</strong></span> <span class='ocrx_word' id='word_1_448' title='bbox 2975 3112 3075 3164; x_wconf 78' lang='lat' dir='ltr'><strong>XX</strong></span> 
     </span>
     <span class='ocr_line' id='line_1_82' title="bbox 1794 3184 3073 3257; baseline -0.006 -14"><span class='ocrx_word' id='word_1_449' title='bbox 1794 3190 1975 3257; x_wconf 81' lang='lat'>(1899)</span> <span class='ocrx_word' id='word_1_450' title='bbox 2003 3192 2103 3243; x_wconf 76' lang='lat'><strong>277</strong></span> <span class='ocrx_word' id='word_1_451' title='bbox 2134 3203 2186 3239; x_wconf 88' lang='lat' dir='ltr'><strong>ss</strong></span> <span class='ocrx_word' id='word_1_452' title='bbox 2254 3186 2517 3241; x_wconf 84' lang='lat' dir='ltr'><strong>Nicolaus</strong></span> <span class='ocrx_word' id='word_1_453' title='bbox 2562 3203 2670 3239; x_wconf 84' lang='lat' dir='ltr'><strong>von</strong></span> <span class='ocrx_word' id='word_1_454' title='bbox 2712 3184 2876 3248; x_wconf 81' lang='lat' dir='ltr'><strong>Cusa,</strong></span> <span class='ocrx_word' id='word_1_455' title='bbox 2916 3188 3073 3254; x_wconf 80' lang='lat' dir='ltr'><strong>sagte</strong></span> 
     </span>
     <span class='ocr_line' id='line_1_83' title="bbox 1792 3255 3072 3312; baseline -0.002 -2"><span class='ocrx_word' id='word_1_456' title='bbox 1792 3277 1885 3311; x_wconf 85' lang='lat' dir='ltr'><strong>am</strong></span> <span class='ocrx_word' id='word_1_457' title='bbox 1899 3257 2054 3312; x_wconf 84' lang='lat' dir='ltr'><strong>Ende</strong></span> <span class='ocrx_word' id='word_1_458' title='bbox 2068 3260 2164 3311; x_wconf 87' lang='lat' dir='ltr'><strong>des</strong></span> <span class='ocrx_word' id='word_1_459' title='bbox 2175 3257 2205 3310; x_wconf 87' lang='lat' dir='ltr'>J</span> <span class='ocrx_word' id='word_1_460' title='bbox 2213 3257 2470 3311; x_wconf 80' lang='lat' dir='ltr'><strong>ahrhund</strong></span> <span class='ocrx_word' id='word_1_461' title='bbox 2480 3261 2590 3311; x_wconf 81' lang='lat' dir='ltr'><strong>erts</strong></span> <span class='ocrx_word' id='word_1_462' title='bbox 2614 3257 2713 3310; x_wconf 86' lang='lat' dir='ltr'><strong>der</strong></span> <span class='ocrx_word' id='word_1_463' title='bbox 2726 3257 2874 3309; x_wconf 58' lang='lat' dir='ltr'><strong>Aba!</strong></span> <span class='ocrx_word' id='word_1_464' title='bbox 2884 3255 3072 3307; x_wconf 86' lang='lat' dir='ltr'><strong>ohann</strong></span> 
     </span>
     <span class='ocr_line' id='line_1_84' title="bbox 1793 3325 3072 3399; baseline -0.003 -16"><span class='ocrx_word' id='word_1_465' title='bbox 1793 3329 2138 3384; x_wconf 84' lang='lat' dir='ltr'><strong>Trithemius</strong></span> <span class='ocrx_word' id='word_1_466' title='bbox 2185 3329 2274 3399; x_wconf 80' lang='lat' dir='ltr'><strong>(de</strong></span> <span class='ocrx_word' id='word_1_467' title='bbox 2324 3345 2454 3382; x_wconf 84' lang='lat' dir='ltr'><strong>vera</strong></span> <span class='ocrx_word' id='word_1_468' title='bbox 2493 3328 2817 3382; x_wconf 86' lang='lat' dir='ltr'><strong>studiorum</strong></span> <span class='ocrx_word' id='word_1_469' title='bbox 2854 3325 3072 3379; x_wconf 77' lang='lat' dir='ltr'><strong>ratione</strong></span> 
     </span>
     <span class='ocr_line' id='line_1_85' title="bbox 1791 3396 3071 3540; baseline -0.004 -15"><span class='ocrx_word' id='word_1_470' title='bbox 1791 3396 3071 3540; x_wconf 43' lang='lat' dir='ltr'><strong>2¹3?ss&amp;{2¹¹3⁸323552¹¹ssi¹1²33i535³‘&#39;efisi‘z‘iz‘ss‘ffl</strong></span> 
     </span>
     <span class='ocr_line' id='line_1_86' title="bbox 1792 3540 3071 3599; baseline -0.003 -2"><span class='ocrx_word' id='word_1_471' title='bbox 1792 3544 2180 3599; x_wconf 81' lang='lat' dir='ltr'><strong>Deutschland</strong></span> <span class='ocrx_word' id='word_1_472' title='bbox 2227 3542 2332 3595; x_wconf 87' lang='lat' dir='ltr'><strong>wie</strong></span> <span class='ocrx_word' id='word_1_473' title='bbox 2378 3543 2471 3597; x_wconf 89' lang='lat' dir='ltr'><strong>ein</strong></span> <span class='ocrx_word' id='word_1_474' title='bbox 2510 3543 2595 3595; x_wconf 87' lang='lat' dir='ltr'><strong>En</strong></span> <span class='ocrx_word' id='word_1_475' title='bbox 2641 3542 2694 3594; x_wconf 93' lang='lat' dir='ltr'><strong>el</strong></span> <span class='ocrx_word' id='word_1_476' title='bbox 2739 3541 2834 3594; x_wconf 87' lang='lat' dir='ltr'><strong>des</strong></span> <span class='ocrx_word' id='word_1_477' title='bbox 2882 3540 3071 3594; x_wconf 84' lang='lat' dir='ltr'><strong>Lichts</strong></span> 
     </span>
     <span class='ocr_line' id='line_1_87' title="bbox 1792 3612 3074 3670; baseline -0.005 0"><span class='ocrx_word' id='word_1_478' title='bbox 1792 3617 1910 3670; x_wconf 89' lang='lat' dir='ltr'><strong>und</strong></span> <span class='ocrx_word' id='word_1_479' title='bbox 1958 3616 1998 3668; x_wconf 91' lang='lat' dir='ltr'><strong>F</strong></span> <span class='ocrx_word' id='word_1_480' title='bbox 2001 3616 2226 3669; x_wconf 87' lang='lat' dir='ltr'><strong>riedens</strong></span> <span class='ocrx_word' id='word_1_481' title='bbox 2270 3615 2536 3668; x_wconf 84' lang='lat' dir='ltr'><strong>inmitten</strong></span> <span class='ocrx_word' id='word_1_482' title='bbox 2622 3630 2681 3667; x_wconf 91' lang='lat' dir='ltr'><strong>er</strong></span> <span class='ocrx_word' id='word_1_483' title='bbox 2724 3612 3074 3667; x_wconf 86' lang='lat' dir='ltr'><strong>Dunkelheit</strong></span> 
     </span>
     <span class='ocr_line' id='line_1_88' title="bbox 1792 3682 3068 3755; baseline -0.006 -14"><span class='ocrx_word' id='word_1_484' title='bbox 1792 3688 1909 3741; x_wconf 91' lang='lat' dir='ltr'><strong>und</strong></span> <span class='ocrx_word' id='word_1_485' title='bbox 1938 3688 2326 3755; x_wconf 77' lang='lat' dir='ltr'><strong>Verwirrung‚</strong></span> <span class='ocrx_word' id='word_1_486' title='bbox 2366 3685 2554 3740; x_wconf 85' lang='lat' dir='ltr'><strong>stellte</strong></span> <span class='ocrx_word' id='word_1_487' title='bbox 2596 3685 2688 3738; x_wconf 86' lang='lat' dir='ltr'><strong>die</strong></span> <span class='ocrx_word' id='word_1_488' title='bbox 2716 3683 2945 3738; x_wconf 86' lang='lat' dir='ltr'><strong>Einheit</strong></span> <span class='ocrx_word' id='word_1_489' title='bbox 2971 3682 3068 3735; x_wconf 84' lang='lat' dir='ltr'><strong>der</strong></span> 
     </span>
     <span class='ocr_line' id='line_1_89' title="bbox 1790 3756 3068 3826; baseline -0.006 -14"><span class='ocrx_word' id='word_1_490' title='bbox 1790 3759 1997 3814; x_wconf 90' lang='lat' dir='ltr'><strong>Kirche</strong></span> <span class='ocrx_word' id='word_1_491' title='bbox 2024 3758 2233 3811; x_wconf 84' lang='lat' dir='ltr'><strong>wieder</strong></span> <span class='ocrx_word' id='word_1_492' title='bbox 2252 3758 2352 3811; x_wconf 91' lang='lat' dir='ltr'><strong>her</strong></span> <span class='ocrx_word' id='word_1_493' title='bbox 2373 3757 2488 3810; x_wconf 89' lang='lat' dir='ltr'><strong>und</strong></span> <span class='ocrx_word' id='word_1_494' title='bbox 2515 3758 2815 3826; x_wconf 74' lang='lat' dir='ltr'><strong>bei‘estigte</strong></span> <span class='ocrx_word' id='word_1_495' title='bbox 2836 3758 2936 3808; x_wconf 83' lang='lat' dir='ltr'><strong>das</strong></span> <span class='ocrx_word' id='word_1_496' title='bbox 2959 3756 3068 3805; x_wconf 83' lang='lat' dir='ltr'><strong>An-</strong></span> 
     </span>
     <span class='ocr_line' id='line_1_90' title="bbox 1791 3828 3068 3898; baseline -0.005 -15"><span class='ocrx_word' id='word_1_497' title='bbox 1791 3832 1963 3885; x_wconf 84' lang='lat' dir='ltr'><strong>sehen</strong></span> <span class='ocrx_word' id='word_1_498' title='bbox 2015 3830 2161 3884; x_wconf 81' lang='lat' dir='ltr'><strong>ihtes</strong></span> <span class='ocrx_word' id='word_1_499' title='bbox 2213 3830 2623 3898; x_wconf 75' lang='lat' dir='ltr'><strong>oberhauptes‚</strong></span> <span class='ocrx_word' id='word_1_500' title='bbox 2678 3828 2795 3881; x_wconf 90' lang='lat' dir='ltr'><strong>und</strong></span> <span class='ocrx_word' id='word_1_501' title='bbox 2858 3828 3068 3880; x_wconf 84' lang='lat' dir='ltr'><strong>streute</strong></span> 
     </span>
     <span class='ocr_line' id='line_1_91' title="bbox 1789 3900 3065 3957; baseline -0.006 -2"><span class='ocrx_word' id='word_1_502' title='bbox 1789 3903 2018 3957; x_wconf 88' lang='lat' dir='ltr'><strong>reichen</strong></span> <span class='ocrx_word' id='word_1_503' title='bbox 2060 3902 2264 3955; x_wconf 87' lang='lat' dir='ltr'><strong>Samen</strong></span> <span class='ocrx_word' id='word_1_504' title='bbox 2307 3918 2491 3955; x_wconf 85' lang='lat' dir='ltr'><strong>neuen</strong></span> <span class='ocrx_word' id='word_1_505' title='bbox 2540 3900 2756 3954; x_wconf 85' lang='lat' dir='ltr'><strong>Lebens</strong></span> <span class='ocrx_word' id='word_1_506' title='bbox 2806 3916 2909 3951; x_wconf 87' lang='lat' dir='ltr'><strong>aus</strong></span> <span class='ocrx_word' id='word_1_507' title='bbox 2948 3936 2962 3950; x_wconf 91' lang='lat'><strong>.</strong></span> <span class='ocrx_word' id='word_1_508' title='bbox 3002 3938 3013 3949; x_wconf 92' lang='lat'><strong>.</strong></span> <span class='ocrx_word' id='word_1_509' title='bbox 3054 3936 3065 3947; x_wconf 92' lang='lat'><strong>.</strong></span> 
     </span>
     <span class='ocr_line' id='line_1_92' title="bbox 1791 3966 3067 4028; baseline -0.006 -2"><span class='ocrx_word' id='word_1_510' title='bbox 1791 3974 1864 4028; x_wconf 86' lang='lat' dir='ltr'><strong>Er</strong></span> <span class='ocrx_word' id='word_1_511' title='bbox 1891 3991 2008 4027; x_wconf 85' lang='lat' dir='ltr'><strong>war</strong></span> <span class='ocrx_word' id='word_1_512' title='bbox 2037 3973 2128 4026; x_wconf 92' lang='lat' dir='ltr'><strong>ein</strong></span> <span class='ocrx_word' id='word_1_513' title='bbox 2157 3972 2331 4025; x_wconf 83' lang='lat' dir='ltr'><strong>Manu</strong></span> <span class='ocrx_word' id='word_1_514' title='bbox 2359 3974 2457 4025; x_wconf 89' lang='lat' dir='ltr'><strong>des</strong></span> <span class='ocrx_word' id='word_1_515' title='bbox 2492 3971 2783 4025; x_wconf 78' lang='lat' dir='ltr'><strong>Glaubens</strong></span> <span class='ocrx_word' id='word_1_516' title='bbox 2813 3970 2928 4023; x_wconf 87' lang='lat' dir='ltr'><strong>und</strong></span> <span class='ocrx_word' id='word_1_517' title='bbox 2970 3966 3067 4020; x_wconf 86' lang='lat' dir='ltr'><strong>der</strong></span> 
     </span>
     <span class='ocr_line' id='line_1_93' title="bbox 1788 4038 3066 4113; baseline -0.005 -14"><span class='ocrx_word' id='word_1_518' title='bbox 1788 4046 1978 4104; x_wconf 81' lang='lat' dir='ltr'><strong>Liebe.</strong></span> <span class='ocrx_word' id='word_1_519' title='bbox 2005 4045 2096 4098; x_wconf 90' lang='lat' dir='ltr'><strong>ein</strong></span> <span class='ocrx_word' id='word_1_520' title='bbox 2126 4044 2360 4113; x_wconf 85' lang='lat' dir='ltr'><strong>Apostel</strong></span> <span class='ocrx_word' id='word_1_521' title='bbox 2388 4044 2487 4097; x_wconf 88' lang='lat' dir='ltr'><strong>der</strong></span> <span class='ocrx_word' id='word_1_522' title='bbox 2507 4041 2924 4112; x_wconf 73' lang='lat' dir='ltr'><strong>Frommigkeit</strong></span> <span class='ocrx_word' id='word_1_523' title='bbox 2950 4038 3066 4092; x_wconf 90' lang='lat' dir='ltr'><strong>und</strong></span> 
     </span>
     <span class='ocr_line' id='line_1_94' title="bbox 1789 4112 3066 4170; baseline -0.006 0"><span class='ocrx_word' id='word_1_524' title='bbox 1789 4117 1887 4170; x_wconf 91' lang='lat' dir='ltr'><strong>der</strong></span> <span class='ocrx_word' id='word_1_525' title='bbox 1938 4115 2365 4170; x_wconf 71' lang='lat' dir='ltr'><strong>VVissenschaft.</strong></span> <span class='ocrx_word' id='word_1_526' title='bbox 2430 4115 2560 4169; x_wconf 85' lang='lat' dir='ltr'><strong>Sein</strong></span> <span class='ocrx_word' id='word_1_527' title='bbox 2613 4112 2773 4167; x_wconf 83' lang='lat' dir='ltr'><strong>Geist</strong></span> <span class='ocrx_word' id='word_1_528' title='bbox 2823 4113 3066 4166; x_wconf 78' lang='lat' dir='ltr'><strong>umfasste</strong></span> 
     </span>
     <span class='ocr_line' id='line_1_95' title="bbox 1788 4184 3063 4246; baseline -0.006 -4"><span class='ocrx_word' id='word_1_529' title='bbox 1788 4189 1897 4243; x_wconf 84' lang='lat' dir='ltr'><strong>alle</strong></span> <span class='ocrx_word' id='word_1_530' title='bbox 1926 4189 2159 4243; x_wconf 87' lang='lat' dir='ltr'><strong>Gebiete</strong></span> <span class='ocrx_word' id='word_1_531' title='bbox 2199 4187 2296 4240; x_wconf 90' lang='lat' dir='ltr'><strong>des</strong></span> <span class='ocrx_word' id='word_1_532' title='bbox 2339 4186 2758 4240; x_wconf 86' lang='lat' dir='ltr'><strong>menschlichen</strong></span> <span class='ocrx_word' id='word_1_533' title='bbox 2798 4184 3063 4246; x_wconf 72' lang='lat' dir='ltr'><strong>Wissem,</strong></span> 
     </span>
     <span class='ocr_line' id='line_1_96' title="bbox 1788 4256 3067 4328; baseline -0.005 -16"><span class='ocrx_word' id='word_1_534' title='bbox 1788 4262 1921 4315; x_wconf 86' lang='lat' dir='ltr'><strong>aber</strong></span> <span class='ocrx_word' id='word_1_535' title='bbox 1949 4260 2044 4313; x_wconf 85' lang='lat' dir='ltr'><strong>all&#39;</strong></span> <span class='ocrx_word' id='word_1_536' title='bbox 2071 4259 2189 4314; x_wconf 89' lang='lat' dir='ltr'><strong>sein</strong></span> <span class='ocrx_word' id='word_1_537' title='bbox 2225 4257 2452 4311; x_wconf 88' lang='lat' dir='ltr'><strong>Wissen</strong></span> <span class='ocrx_word' id='word_1_538' title='bbox 2491 4258 2634 4328; x_wconf 89' lang='lat' dir='ltr'><strong>ging</strong></span> <span class='ocrx_word' id='word_1_539' title='bbox 2664 4275 2773 4311; x_wconf 84' lang='lat' dir='ltr'><strong>von</strong></span> <span class='ocrx_word' id='word_1_540' title='bbox 2802 4256 2941 4310; x_wconf 83' lang='lat' dir='ltr'><strong>Gott</strong></span> <span class='ocrx_word' id='word_1_541' title='bbox 2965 4271 3067 4307; x_wconf 87' lang='lat' dir='ltr'><strong>aus</strong></span> 
     </span>
     <span class='ocr_line' id='line_1_97' title="bbox 1790 4326 3066 4385; baseline -0.007 0"><span class='ocrx_word' id='word_1_542' title='bbox 1790 4332 1907 4385; x_wconf 85' lang='lat' dir='ltr'><strong>und</strong></span> <span class='ocrx_word' id='word_1_543' title='bbox 1936 4332 2095 4385; x_wconf 83' lang='lat' dir='ltr'><strong>hatte</strong></span> <span class='ocrx_word' id='word_1_544' title='bbox 2123 4330 2255 4383; x_wconf 88' lang='lat' dir='ltr'><strong>kein</strong></span> <span class='ocrx_word' id='word_1_545' title='bbox 2281 4331 2518 4384; x_wconf 80' lang='lat' dir='ltr'><strong>anderes</strong></span> <span class='ocrx_word' id='word_1_546' title='bbox 2553 4329 2668 4383; x_wconf 89' lang='lat' dir='ltr'><strong>Ziel</strong></span> <span class='ocrx_word' id='word_1_547' title='bbox 2693 4331 2777 4384; x_wconf 81' lang='lat' dir='ltr'><strong>als</strong></span> <span class='ocrx_word' id='word_1_548' title='bbox 2810 4327 2900 4383; x_wconf 88' lang='lat' dir='ltr'><strong>die</strong></span> <span class='ocrx_word' id='word_1_549' title='bbox 2938 4326 3066 4377; x_wconf 71' lang='lat' dir='ltr'><strong>Ver-</strong></span> 
     </span>
     <span class='ocr_line' id='line_1_98' title="bbox 1787 4399 3067 4473; baseline -0.006 -17"><span class='ocrx_word' id='word_1_550' title='bbox 1787 4402 2159 4473; x_wconf 87' lang='lat' dir='ltr'><strong>herrlichung</strong></span> <span class='ocrx_word' id='word_1_551' title='bbox 2211 4400 2407 4455; x_wconf 82' lang='lat' dir='ltr'><strong>Gottes</strong></span> <span class='ocrx_word' id='word_1_552' title='bbox 2460 4401 2577 4455; x_wconf 87' lang='lat' dir='ltr'><strong>und</strong></span> <span class='ocrx_word' id='word_1_553' title='bbox 2619 4400 2710 4453; x_wconf 86' lang='lat' dir='ltr'><strong>die</strong></span> <span class='ocrx_word' id='word_1_554' title='bbox 2755 4399 3067 4465; x_wconf 76' lang='lat' dir='ltr'><strong>Erbauung</strong></span> 
     </span>
     <span class='ocr_line' id='line_1_99' title="bbox 1789 4470 3065 4543; baseline -0.008 -15"><span class='ocrx_word' id='word_1_555' title='bbox 1789 4476 1906 4528; x_wconf 80' lang='lat' dir='ltr'><strong>und</strong></span> <span class='ocrx_word' id='word_1_556' title='bbox 1936 4474 2251 4543; x_wconf 78' lang='lat' dir='ltr'><strong>Bessorung</strong></span> <span class='ocrx_word' id='word_1_557' title='bbox 2278 4474 2377 4525; x_wconf 87' lang='lat' dir='ltr'><strong>der</strong></span> <span class='ocrx_word' id='word_1_558' title='bbox 2406 4473 2729 4527; x_wconf 79' lang='lat' dir='ltr'><strong>Menschcn.</strong></span> <span class='ocrx_word' id='word_1_559' title='bbox 2756 4471 2891 4525; x_wconf 87' lang='lat' dir='ltr'><strong>Man</strong></span> <span class='ocrx_word' id='word_1_560' title='bbox 2912 4470 3065 4521; x_wconf 85' lang='lat' dir='ltr'><strong>kann</strong></span> 
     </span>
     <span class='ocr_line' id='line_1_100' title="bbox 1787 4541 3065 4602; baseline -0.006 -3"><span class='ocrx_word' id='word_1_561' title='bbox 1787 4547 1985 4602; x_wconf 86' lang='lat' dir='ltr'><strong>darum</strong></span> <span class='ocrx_word' id='word_1_562' title='bbox 2039 4563 2140 4600; x_wconf 86' lang='lat' dir='ltr'><strong>aus</strong></span> <span class='ocrx_word' id='word_1_563' title='bbox 2195 4544 2378 4598; x_wconf 85' lang='lat' dir='ltr'><strong>seiner</strong></span> <span class='ocrx_word' id='word_1_564' title='bbox 2426 4543 2839 4598; x_wconf 82' lang='lat' dir='ltr'><strong>Wissenschaft</strong></span> <span class='ocrx_word' id='word_1_565' title='bbox 2876 4541 3065 4594; x_wconf 86' lang='lat' dir='ltr'><strong>wahre</strong></span> 
     </span>
     <span class='ocr_line' id='line_1_101' title="bbox 1785 4612 3064 4685; baseline -0.006 -16"><span class='ocrx_word' id='word_1_566' title='bbox 1785 4617 2064 4672; x_wconf 89' lang='lat' dir='ltr'><strong>Weisheit</strong></span> <span class='ocrx_word' id='word_1_567' title='bbox 2089 4619 2301 4671; x_wconf 89' lang='lat' dir='ltr'><strong>lernen.</strong></span> <span class='ocrx_word' id='word_1_568' title='bbox 2331 4617 2537 4672; x_wconf 83' lang='lat' dir='ltr'><strong>Confer</strong></span> <span class='ocrx_word' id='word_1_569' title='bbox 2566 4615 2819 4685; x_wconf 85' lang='lat' dir='ltr'><strong>elogium</strong></span> <span class='ocrx_word' id='word_1_570' title='bbox 2841 4612 3064 4682; x_wconf 89' lang='lat' dir='ltr'><strong>insigne</strong></span> 
     </span>
     <span class='ocr_line' id='line_1_102' title="bbox 1786 4688 2728 4759; baseline -0.002 -18"><span class='ocrx_word' id='word_1_571' title='bbox 1786 4688 1899 4759; x_wconf 89' lang='lat' dir='ltr'><strong>ipsi</strong></span> <span class='ocrx_word' id='word_1_572' title='bbox 1918 4707 1951 4741; x_wconf 82' lang='lat' dir='ltr'><strong>a</strong></span> <span class='ocrx_word' id='word_1_573' title='bbox 1975 4691 2213 4743; x_wconf 73' lang='lat' dir='ltr'><strong>Janssen</strong></span> <span class='ocrx_word' id='word_1_574' title='bbox 2241 4690 2276 4744; x_wconf 94' lang='lat' dir='ltr'><strong>l.</strong></span> <span class='ocrx_word' id='word_1_575' title='bbox 2305 4689 2399 4745; x_wconf 86' lang='lat' dir='ltr'><strong>cit.</strong></span> <span class='ocrx_word' id='word_1_576' title='bbox 2428 4688 2728 4742; x_wconf 87' lang='lat' dir='ltr'><strong>tributum.</strong></span> 
     </span>
    </p>

    <p class='ocr_par' dir='ltr' id='par_1_10' title="bbox 1786 4755 3064 4959">
     <span class='ocr_line' id='line_1_103' title="bbox 1863 4755 3064 4829; baseline -0.009 -10"><span class='ocrx_word' id='word_1_577' title='bbox 1863 4766 1901 4819; x_wconf 54' lang='grc' dir='ltr'><strong>’ὃ</strong></span> <span class='ocrx_word' id='word_1_578' title='bbox 1931 4762 2012 4815; x_wconf 78' lang='lat' dir='ltr'><strong>Of.</strong></span> <span class='ocrx_word' id='word_1_579' title='bbox 2065 4761 2133 4814; x_wconf 89' lang='lat' dir='ltr'><strong>de</strong></span> <span class='ocrx_word' id='word_1_580' title='bbox 2185 4762 2290 4814; x_wconf 88' lang='lat' dir='ltr'><strong>hoc</strong></span> <span class='ocrx_word' id='word_1_581' title='bbox 2336 4760 2573 4814; x_wconf 81' lang='lat' dir='ltr'><strong>dissidio</strong></span> <span class='ocrx_word' id='word_1_582' title='bbox 2618 4762 2683 4813; x_wconf 76' lang='lat' dir='ltr'><strong>A.</strong></span> <span class='ocrx_word' id='word_1_583' title='bbox 2723 4759 2930 4829; x_wconf 82' lang='lat' dir='ltr'><strong>Jaeger</strong></span> <span class='ocrx_word' id='word_1_584' title='bbox 2967 4755 3064 4809; x_wconf 85' lang='lat' dir='ltr'><strong>der</strong></span> 
     </span>
     <span class='ocr_line' id='line_1_104' title="bbox 1786 4820 3061 4901; baseline -0.005 -16"><span class='ocrx_word' id='word_1_585' title='bbox 1786 4820 1963 4886; x_wconf 69' lang='lat' dir='ltr'><strong>Streit</strong></span> <span class='ocrx_word' id='word_1_586' title='bbox 1989 4834 2086 4886; x_wconf 87' lang='lat' dir='ltr'><strong>des</strong></span> <span class='ocrx_word' id='word_1_587' title='bbox 2114 4832 2181 4885; x_wconf 85' lang='lat' dir='ltr'><strong>N.</strong></span> <span class='ocrx_word' id='word_1_588' title='bbox 2212 4849 2263 4886; x_wconf 81' lang='lat' dir='ltr'><strong>v,</strong></span> <span class='ocrx_word' id='word_1_589' title='bbox 2292 4834 2348 4887; x_wconf 78' lang='lat' dir='ltr'><strong>O.</strong></span> <span class='ocrx_word' id='word_1_590' title='bbox 2380 4832 2487 4886; x_wconf 79' lang='lat' dir='ltr'><strong>mit</strong></span> <span class='ocrx_word' id='word_1_591' title='bbox 2528 4833 2746 4901; x_wconf 85' lang='lat' dir='ltr'><strong>Herzog</strong></span> <span class='ocrx_word' id='word_1_592' title='bbox 2785 4826 3061 4899; x_wconf 83' lang='lat' dir='ltr'><strong>Sigmund</strong></span> 
     </span>
     <span class='ocr_line' id='line_1_105' title="bbox 1786 4902 2764 4959; baseline 0.001 -3"><span class='ocrx_word' id='word_1_593' title='bbox 1786 4921 1897 4957; x_wconf 82' lang='lat' dir='ltr'><strong>von</strong></span> <span class='ocrx_word' id='word_1_594' title='bbox 1926 4904 2233 4959; x_wconf 66' lang='lat' dir='ltr'><strong>osterreich</strong></span> <span class='ocrx_word' id='word_1_595' title='bbox 2262 4902 2581 4958; x_wconf 86' lang='lat' dir='ltr'><strong>Innsbruck</strong></span> <span class='ocrx_word' id='word_1_596' title='bbox 2610 4906 2764 4959; x_wconf 82' lang='lat'>1861.</span> 
     </span>
    </p>
   </div>
   <div class='ocr_carea' id='block_1_10' title="bbox 1960 2783 2112 2789">
    <p class='ocr_par' dir='ltr' id='par_1_11' title="bbox 1960 2783 2112 2789">
     <span class='ocr_line' id='line_1_106' title="bbox 1960 2783 2112 2789; baseline 0 0"><span class='ocrx_word' id='word_1_597' title='bbox 1960 2783 2112 2789; x_wconf 95' lang='lat' dir='ltr'><strong> </strong></span> 
     </span>
    </p>
   </div>
  </div>
 </body>
</html>
