3475 5364
271 403 276 408 ,
347 373 377 423 7
391 371 467 424 53
725 351 1108 407 Theodericus
1134 352 1204 407 de
1231 351 1420 417 Niem‚
1447 351 1705 416 Thomas,
1735 350 2005 414 Salutati‚
2031 349 2326 418 Acciajoli‚
2355 350 2572 404 Petrus.
2840 370 2965 424 754

344 537 585 598 Hardt
643 537 719 599 ΙΙ.
781 557 837 614 p.
913 547 1006 600 14.
1069 556 1201 614 pag.
1256 545 1625 600 296-330,
1686 545 1809 599 255
1844 553 1921 598 ss.
1952 539 2017 595 et
2048 535 2155 593 VII
2187 535 2226 599 f.
2263 544 2385 599 277
2422 554 2499 595 ss.
2540 535 2633 594 Ab
2664 536 2798 595 aliis
2832 556 2967 597 vero

343 627 927 702 Diariumquoddam
942 622 1182 688 deconc.
1199 625 1624 686 constantiensi
1683 625 1881 684 omnia
1908 625 2005 683 vel
2037 625 2246 683 saltem
2278 625 2398 683 duo
2429 624 2760 701 posteriora
2772 625 2876 688 Th.
2895 625 2968 685 de

343 716 584 794 collegit
642 715 880 774 Finke
940 715 1295 790 exhibetque
1354 715 1417 774 in
1465 715 1625 774 Rom.
1683 714 1859 773 Niem
1892 709 2329 795 tribuuntur1),
2365 733 2517 790 quae
2548 715 2851 775 sententia
2879 716 2968 774 vi·

343 806 593 875 Qtlschr.
626 804 654 861 Ι
689 800 936 886 (1887),
974 815 1193 870 47-58.
1244 805 1485 863 Praeter
1514 803 1629 862 alia
1681 803 1860 862 detur
1888 802 2283 879 praeferenda.

344 895 630 970 quaedam
676 895 897 969 scripta
947 894 1163 968 partim
1197 894 1374 963 edita,
1410 893 1627 968 partim

344 984 564 1043 inedita
577 979 643 1064 ¹),
679 1002 830 1057 quae
863 982 938 1042 ad
970 983 1226 1042 schisma
1269 984 1623 1051 reseruntur,
1777 991 1854 1044 37
1865 980 2971 1058 8.Schismatisoccasionescripserunt

343 1074 635 1132 mentione
665 1072 859 1131 adhuc
890 1071 1069 1148 digna
1088 1077 1260 1131 sunt:
1295 1072 1471 1130 Liber
1490 1091 1627 1129 can·
1684 1076 1989 1146 praeterea
2037 1070 2082 1128 Τ
2101 1070 2138 1127 11
2161 1089 2195 1128 o
2216 1090 2276 1128 m
2294 1089 2329 1128 a
2349 1089 2377 1129 s
2440 1070 2506 1133 Ο.
2552 1071 2689 1130 Cist.
2737 1071 2968 1140 scotus,

344 1163 609 1221 cellariae
656 1162 1019 1237 apostolicae,
1072 1167 1135 1219 et
1182 1162 1360 1219 stilus
1423 1160 1627 1237 palatii
1683 1158 2142 1218 dundramensis
2174 1159 2373 1230 abbas,
2405 1178 2564 1219 unus
2597 1179 2668 1218 ex
2698 1177 2801 1220 aex
2833 1160 2969 1220 doc·

347 1250 745 1320 abbreviatus,
792 1250 1024 1325 Lipsiae
1078 1260 1241 1314 1888
1291 1251 1381 1308 ed.
1425 1249 1629 1320 Etler3
1685 1248 1918 1306 toribus
1949 1248 2298 1325 theologiae,
2346 1249 2453 1324 qui
2492 1267 2629 1307 cum
2659 1249 2969 1308 cardinali·

345 1342 414 1399 de
444 1341 586 1399 bono
625 1342 859 1397 romani
899 1340 1193 1415 pontificis
1238 1341 1531 1414 reyimine,
1566 1338 1630 1396 in
1685 1337 1799 1397 bus
1848 1338 1912 1396 in
1963 1355 2120 1397 conc.
2171 1337 2603 1397 constantiensi
2661 1356 2971 1398 romanum

346 1448 462 1505 quo
492 1428 708 1487 Joanni
759 1427 967 1487 XXIII.
1014 1428 1318 1488 neoelecto
1367 1427 1631 1504 pontifici
1686 1427 1998 1502 elegerunt
2016 1426 2371 1501 pontificem.
2400 1461 2487 1470 —
2517 1427 2815 1486 Collucius
2840 1427 2969 1487 Pie·

346 1518 592 1578 consilia
609 1517 682 1577 ad
700 1517 1233 1577 bonamEcclesiae
1252 1517 1629 1576 administra·
1686 1517 1813 1574 rius
1845 1515 2185 1574 Salutati
2218 1516 2453 1574 Urbano
2493 1516 2556 1578 V.
2589 1521 2651 1574 et
2683 1516 2970 1593 Gregorio

345 1609 565 1668 tionem
599 1608 859 1681 praebet.
893 1607 1157 1665 Protulit
1187 1606 1336 1665 illud
1371 1607 1628 1681 primum
1686 1604 1782 1662 XI.
1816 1623 1852 1662 a
1884 1604 2125 1663 secretis
2144 1608 2207 1663 et
2225 1604 2556 1664 Florentiae
2586 1604 2971 1664 cancellarius

346 1696 659 1771 Battinger
687 1695 897 1754 histor.
919 1695 1127 1755 Jahrb.
1170 1704 1337 1758 1884
1371 1695 1438 1753 V.
1478 1705 1630 1757 173-
1688 1690 1750 1773 (†
1792 1689 2003 1773 1406),
2037 1695 2211 1763 cuius
2243 1696 2530 1770 epistolae,
2567 1712 2717 1770 quae
2738 1693 2971 1770 prodie-

352 1795 464 1852 78;
525 1786 813 1855 chronica,
878 1803 1031 1859 quae
1090 1788 1290 1843 tamen
1352 1783 1629 1866 periit²):
1686 1786 1833 1841 runt
1865 1801 1987 1846 cur.
2026 1782 2269 1842 Baluzio
2291 1783 2535 1842 Miscell.
2572 1788 2613 1844 t.
2635 1783 2732 1845 IV.
2763 1787 2825 1843 et
2851 1783 2970 1842 Jos.

348 1875 611 1951 quinque
672 1876 910 1932 tantum
990 1875 1318 1950 fragmenta
1395 1874 1634 1932 exhibet
1686 1871 1939 1948 Bigacci,
1988 1871 2323 1931 Florentiae
2379 1882 2562 1936 1741.
2617 1881 2801 1940 1742,
2853 1876 2898 1934 t..
2932 1881 2967 1934 2

348 1962 674 2022 Sauerland
701 1964 765 2021 in
800 1962 1124 2021 Mittheilm
1151 1981 1265 2038 gen
1317 1962 1420 2021 des
1457 1963 1632 2021 Insti—
1686 1961 1753 2019 in
1787 1971 1857 2030 ὃς
1905 1961 2121 2020 Romae
2178 1970 2363 2025 1891.
2419 1971 2583 2024 1893
2616 1979 2760 2020 cura
2791 1961 2972 2020 Fran-

346 2056 476 2111 tuts
517 2051 618 2110 fiir
661 2051 998 2111 osterreich.
1044 2051 1408 2120 Geschichte,
1457 2049 1631 2110 Inns·
1689 2051 1827 2109 cisci
1905 2050 1953 2107 N
1976 2049 2207 2120 oveti,
2290 2050 2404 2110 huc
2475 2050 2835 2112 referuntur.
2886 2084 2974 2094 -

347 2142 551 2210 brut-k,
585 2141 1103 2212 V1‚589—-614;
1171 2141 1482 2217 Privileqia
1532 2147 1635 2199 aut
1690 2138 2036 2214 Angelus
2115 2139 2572 2215 Acciajolus
2660 2139 2971 2215 episcopus

345 2233 488 2303 jura
517 2229 752 2306 imperii
783 2229 937 2288 circa
979 2230 1361 2289 investituras
1407 2230 1633 2305 episco-
1689 2227 2038 2287 florentinus
2101 2231 2163 2286 et
2222 2228 2537 2287 cardinalis
2576 2218 2638 2308 (1t
2690 2238 2784 2291 12.
2831 2228 2973 2290 Jun.

348 2326 599 2396 patuum
629 2323 690 2378 et
720 2319 1092 2378 abbatiarum
1112 2319 1388 2378 restituta
1409 2319 1633 2394 apapis
1700 2312 1913 2398 1409),
1947 2318 2118 2393 cujus
2148 2317 2428 2376 laudatur
2477 2317 2728 2394 insignis
2763 2318 2800 2379 l.
2833 2335 2974 2393 apo-

348 2409 805 2484 imperatoribus
837 2409 1117 2478 romanis,
1139 2408 1296 2483 apud
1319 2406 1541 2466 Schard
1561 2407 1633 2466 de
1689 2405 1982 2482 logeticus
2014 2407 2085 2464 de
2118 2406 2336 2465 Urbani
2370 2405 2466 2465 VI.
2498 2406 2799 2465 electione.
2832 2406 2976 2465 Erat

341 2497 776 2573 jurisdictione,
825 2498 1093 2556 Basileae
1132 2506 1294 2560 1566
1327 2516 1383 2571 p.
1422 2506 1628 2560 785-
1691 2494 1742 2553 is
1762 2494 1998 2553 Urbano
2029 2495 2174 2554 adeo
2204 2495 2492 2565 addictus,
2525 2501 2596 2554 ut
2626 2495 2721 2553 hic
2740 2494 2976 2571 publico

352 2594 510 2658 8593
554 2590 630 2645 tr.
671 2594 874 2646 contra
916 2587 1225 2645 damnatos
1283 2587 1633 2661 Wcleffitas‚
1690 2583 1757 2642 in
1770 2599 2049 2643 consessu
2067 2583 2370 2655 fateretur,
2391 2584 2615 2643 nemini
2632 2584 2974 2643 mortalium

350 2696 525 2753 quem
556 2676 814 2752 primum
847 2675 935 2735 ed.
960 2675 1127 2734 Erler
1158 2675 1220 2734 in
1242 2669 1517 2738 Zeitschr.
1537 2675 1637 2734 fiir
1692 2692 1755 2732 se
1773 2672 1959 2750 magis
1975 2673 2328 2733 obstrictum
2346 2678 2526 2750 atque
2540 2674 2791 2751 Ange10‚
2807 2692 2974 2733 eum-

351 2765 819 2825 vaterlandieche
882 2765 1084 2825 Gesch.
1147 2785 1206 2827 u.
1270 2766 1634 2824 Altertums-
1691 2781 1809 2838 que
1841 2766 2153 2839 propterea
2182 2764 2246 2821 in
2278 2764 2463 2821 vicem
2495 2762 2883 2839 gratitudinis
2914 2766 2976 2821 et

348 2854 549 2914 kunde
587 2863 771 2918 1885.
804 2853 992 2913 XLIII
1044 2857 1183 2916 sect.
1244 2866 1293 2917 1.
1328 2874 1381 2930 p.
1426 2865 1633 2916 1·<4-
1692 2856 2161 2927 purpuratorum
2193 2854 2437 2911 senatus
2453 2851 2740 2911 decanum
2762 2860 2823 2911 et
2837 2870 2975 2926 apo-

366 2955 477 3007 198
499 2965 513 3014 ;
538 2943 1638 3019 Avisamentapulcherrimadeunione
1693 2941 1889 3000 stolici
1904 2938 2186 3000 tabularii
2217 2941 2553 3016 praesidem
2572 2940 2980 3001 nominaverit.

354 3041 404 3091 et
436 3035 848 3109 reformatione
876 3033 1280 3092 membrorum
1330 3037 1392 3091 et
1422 3033 1637 3107 capitis
1695 3030 1984 3090 Defuncto
2016 3030 2254 3089 Urbano
2298 3049 2435 3088 cum
2482 3031 2744 3107 plurium
2792 3029 2978 3089 cardi-

351 3122 558 3182 fienda.
620 3125 814 3181 Antea
843 3121 898 3181 ei
928 3122 1201 3180 solebant
1245 3122 1435 3181 tribui
1482 3121 1639 3181 Vitae
1693 3118 1925 3178 nalium
1957 3123 2094 3179 vota
2128 3118 2193 3178 in
2239 3120 2502 3178 conclavi
2548 3138 2657 3195 pro
2701 3118 2829 3195 ipso
2861 3123 2979 3176 sta-

343 3213 678 3287 pontifieum
711 3229 853 3270 rom.
886 3230 921 3269 a
949 3211 1192 3270 Nicolao
1212 3211 1309 3273 IV.
1344 3229 1533 3286 usque
1564 3212 1637 3270 ad
1692 3213 1846 3277 rent,
1883 3209 2019 3267 aliis
2050 3212 2253 3268 tamen
2272 3208 2654 3284 pertinaciter
2682 3211 2979 3282 refragan-

353 3300 651 3359 Urbanum
675 3300 739 3362 V.
774 3304 835 3359 et
866 3299 1003 3358 inde
1036 3300 1108 3358 ab
1129 3317 1422 3374 anonymo
1448 3318 1638 3376 usque
1694 3297 1880 3366 tibus,
1899 3316 1973 3356 ne
1988 3316 2208 3357 novum
2227 3297 2483 3356 oriretur
2498 3298 2756 3356 schisma
2770 3299 2979 3372 sponte

354 3388 427 3447 ad
459 3409 508 3448 a.
550 3398 713 3453 1418
749 3389 1133 3448 continuatae
1178 3388 1401 3448 additis
1450 3389 1635 3465 impe-
1694 3386 1880 3445 tiarae
1912 3386 2270 3445 obtinendae
2288 3383 2738 3466 renunciavit2).
2769 3418 2857 3429 —-
2891 3385 2982 3443 Ad

351 3482 614 3537 ratorum
645 3478 832 3554 gestis
862 3478 1021 3553 apud
1044 3477 1258 3537 Eccard
1292 3478 1427 3540 hist.
1460 3477 1639 3537 medii
1697 3474 1839 3534 hacc
1871 3488 2108 3550 quoque
2139 3477 2408 3550 tempora
2440 3477 2670 3551 spectat
2700 3474 2985 3532 Diariam

352 3568 480 3625 aevi
527 3568 575 3637 Ι,
633 3576 1084 3637 1461-1550,
1138 3567 1240 3626 sed
1300 3568 1476 3626 modo
1527 3567 1640 3625 viri
1691 3582 2006 3622 romanum
2053 3565 2127 3622 ab
2179 3583 2230 3626 a.
2274 3573 2613 3627 1404-17
2651 3562 2981 3622 Antonii

355 3656 544 3715 critici
587 3656 641 3714 ei
683 3656 816 3715 illas
848 3656 1209 3733 abjudicant
1239 3656 1638 3731 tribuuntque
1696 3653 1910 3711 Petri
1941 3652 2278 3711 beneficiati
2325 3653 2390 3710 in
2436 3652 2682 3711 basilica
2713 3651 2982 3709 vaticana

357 3745 510 3804 vitas
553 3746 760 3805 saltem
807 3765 841 3804 a
886 3745 1210 3804 Benedicto
1242 3745 1368 3803 XII.
1420 3745 1494 3803 ad
1525 3746 1637 3803 Ur·
1696 3739 1758 3820 (†
1788 3761 1843 3817 p.
1878 3761 1928 3803 a.
1970 3742 2159 3816 1⁴24)
2191 3742 2255 3799 in
2286 3740 2597 3799 Muratorii
2625 3741 2837 3816 Script.
2868 3758 2981 3800 rer.

354 3835 576 3894 banum
626 3835 691 3894 V.
740 3833 1060 3909 vWerner
1121 3834 1489 3913 leodiensiss).
1551 3834 1641 3892 Dc
1693 3831 1758 3893 it.
1795 3830 1996 3899 XXIV,
2035 3840 2448 3894 973—1066.
2500 3830 2846 3888 Andreas
2882 3829 2980 3887 Di-

356 3925 539 3983 modis
569 3923 828 3997 uniendi,
861 3924 929 3980 de
958 3924 1299 3998 difficultate
1348 3929 1408 3983 et
1438 3925 1508 3982 de
1537 3942 1634 3981 ne·
1695 3921 1825 3979 daci
1885 3919 1958 3979 de
2022 3919 2333 3978 Banduf
2389 3919 2481 3978 vel
2531 3919 2604 3977 de
2649 3918 2984 3977 Escobar

355 4016 608 4072 cessitate
656 4014 1092 4088 reformationis
1140 4013 1192 4071 ei
1230 4013 1304 4072 ab
1337 4013 1506 4072 Erler
1536 4012 1638 4072 ab·
1695 4005 2025 4090 (Destabar,
2091 4008 2381 4067 oriundus
2457 4007 2529 4067 de
2575 4003 2980 4089 Portugaliae)

347 4101 716 4175 judicantur.
776 4101 1091 4160 Habentur
1152 4102 1290 4160 haec
1352 4102 1640 4177 opuscula
1696 4099 1852 4157 OSB.
1886 4098 2070 4157 abbas
2103 4098 2243 4156 dein
2265 4097 2579 4175 episcopua
2597 4096 2981 4165 civitatensi&

355 4189 514 4265 apud
553 4191 747 4250 Hardt
789 4194 833 4252 t.
901 4202 925 4254 1
966 4210 1023 4266 p.
1055 4189 1106 4247 V
1137 4191 1175 4252 f.
1214 4200 1294 4253 68
1329 4208 1435 4259 se.;
1487 4190 1567 4249 VI
1600 4190 1638 4248 f.
1694 4187 2024 4263 adjacensis
2045 4192 2106 4246 et
2125 4186 2804 4263 megarensisfflratorin
2825 4203 2981 4245 conc.

416 4286 421 4291 ’
1695 4276 2126 4336 constantiensi
2161 4273 2242 4356 (fl.
2288 4273 2478 4356 1425)
2512 4275 2751 4351 scripsit
2779 4274 2983 4351 yuber-

434 4416 469 4485 ι)
496 4413 579 4469 Cf.
606 4412 875 4468 Potthaat
898 4431 1027 4484 pag.
1056 4417 1193 4470 1051
1223 4430 1309 4476 ss„
1339 4413 1440 4466 ubi
1466 4413 1638 4466 etiam

355 4485 686 4554 opulentam
713 4484 1070 4539 literaturam
1092 4485 1162 4539 de
1190 4487 1381 4539 nostro
1408 4488 1640 4539 auctore
1775 4488 1811 4553 ¹)
1838 4482 1921 4536 Cf.
1938 4480 2259 4551 Sagmfiller
2273 4480 2405 4534 hist.
2422 4481 2616 4534 Jahrb.
2636 4479 2764 4534 XIV
2783 4484 2982 4552 (1893).

353 4556 617 4626 reperies.
1694 4556 2008 4611 562—582;
2037 4551 2217 4606 Finke
2238 4554 2279 4606 F
2285 4551 2464 4607 orsch.
2485 4551 2604 4604 und
2627 4551 2868 4616 Quellen
2884 4568 2986 4604 zur

430 4630 469 4699 ²)
497 4628 579 4687 Cf,
608 4626 699 4683 Br.
728 4626 1106 4683 GebhardtN.
1125 4627 1291 4680 Arch.
1311 4626 1639 4696 X11[(1888)
1697 4625 1897 4680 Gesch.
1947 4623 2049 4676 des
2096 4621 2450 4678 Konstanzer
2489 4622 2667 4678 Konz.
2707 4639 2737 4676 c
2791 4625 2841 4687 8.
2883 4622 2986 4690 qui

355 4703 656 4756 225—230.
1696 4715 1754 4766 p.
1780 4698 2029 4752 267—78
2069 4694 2316 4764 primum
2360 4694 2589 4748 exhibet
2625 4693 2887 4747 ultimam
2913 4695 2983 4746 tr.

426 4777 467 4836 ⁸)
496 4770 578 4826 cf.
620 4769 1054 4824 Glasschroeder
1091 4770 1220 4823 hist.
1259 4768 1456 4822 Jahrb.
1484 4771 1640 4825 1890.
1699 4767 1770 4821 de
1798 4765 2135 4821 necessitate
2162 4766 2263 4820 ref.
2294 4767 2532 4834 partem.

355 4841 743 4906 xl,263-66;
771 4840 910 4911 Sag
928 4841 1201 4895 muller
1225 4839 1300 4894 ib.
1319 4839 1420 4893 XV
1441 4843 1639 4909 (1894),
1774 4841 1813 4910 ²)
1855 4838 1934 4892 De
1979 4836 2110 4889 aliis
2169 4837 2280 4905 ejus
2329 4837 2503 4906 gestis
2556 4833 2862 4905 praeclaris
2913 4834 2985 4885 cf.

354 4914 656 4971 802-810.
1664 4859 1673 4959 Ι
1699 4908 1854 4979 Eggs
1882 4926 2050 4979 purp.
2078 4907 2246 4960 docta
2272 4907 2308 4960 l.
2335 4912 2367 4963 2
2396 4923 2526 4977 pag.
2552 4909 2659 4962 480
2685 4922 2754 4958 ss.
