3475 5364
173 350 283 400 513
556 334 689 387 Ber.
712 333 952 391 fredoli.
985 332 1275 395 petronus,
1303 332 1704 402 MandagozzO‚
1735 331 1931 395 Diuus,
1962 331 2151 400 Lapus
2178 331 2400 387 Tactus.
2605 368 2616 379 ·
2671 350 2795 402 514

164 517 305 574 didit
353 518 422 575 in
472 518 823 594 theologiae
870 517 1273 576 studiosorum
1306 537 1461 576 com·
1517 516 1664 592 dag
1684 519 1810 575 oto
1842 514 2279 596 (Mandagozzo)
2311 516 2555 574 natione
2574 516 2797 586 Gallim,

166 606 417 664 modum.
1515 604 1709 681 patria
1742 605 2056 675 Sebennas‚
2092 605 2424 682 discipulus
2458 606 2798 682 Berengarii

1519 694 1772 764 Fmdoli,
1795 715 1971 772 quem
1991 696 2056 753 in
2077 695 2442 753 dedicatione
2465 713 2606 753 snae
2628 695 2798 753 Sum-

247 793 392 845 265.
446 785 611 844 Tres
635 788 757 860 jam
778 788 1098 845 occurrunt
1116 785 1463 843 canonistas
1517 803 1645 841 mae
1694 786 2063 843 carissimum
2123 784 2381 859 appellat
2436 785 2797 860 magistrum.

163 873 449 949 insignes.
508 893 778 949 quorum
824 892 1002 951 opera
1046 891 1196 932 usus
1229 877 1319 931 est
1350 874 1462 931 Bo·
1517 872 1729 930 Adhuc
1753 874 1994 949 juvenis
2027 873 2218 931 factus
2237 876 2331 931 est
2350 875 2664 931 canonicus
2696 893 2800 931 ne-

164 962 406 1020 nifatius
446 963 621 1021 VIII.
672 964 746 1022 ad
796 963 1236 1039 compilandam
1283 963 1319 1019 l.
1370 961 1462 1020 VI.
1518 961 1894 1033 mausiensis,
1959 963 2097 1021 dein
2149 962 2610 1032 archidiaconus,
2669 981 2798 1020 mox

163 1050 565 1110 decretalium
606 1052 700 1133 (cf.
734 1073 788 1129 p.
827 1058 994 1127 509).
1046 1052 1273 1110 Horum
1306 1070 1464 1109 nnus
1519 1049 1863 1125 capellanus
1895 1051 2232 1127 pontificius
2259 1056 2322 1110 et
2340 1052 2614 1110 ecclesiae
2646 1053 2798 1110 tolo·

164 1140 272 1197 fait
339 1142 893 1218 Berengarius
974 1140 1291 1199 Fredoli
1368 1137 1464 1221 (de
1518 1157 1691 1197 sanae
1741 1142 2147 1218 praepositus3
2207 1160 2241 1198 a
2289 1141 2592 1199 Bonifacio
2646 1140 2799 1199 VIII.

166 1225 395 1307 Fredol)
433 1232 629 1289 etiam
663 1231 1066 1290 Stedellus
1113 1224 1461 1311 (Stedelius)
1518 1228 1796 1288 ecclesiae
1852 1230 2342 1306 metropolitanae
2406 1230 2802 1288 ebredunensi

168 1317 444 1399 dictus1),
492 1321 610 1393 qui
637 1320 876 1394 juvenis
909 1320 1134 1379 electus
1165 1323 1258 1377 est
1290 1338 1462 1377 cano-
1521 1312 1762 1398 (1295),
1796 1339 1830 1377 a
1861 1319 2158 1378 Clemente
2179 1318 2243 1376 V.
2277 1339 2325 1377 a.
2354 1329 2466 1382 131
2495 1331 2512 1381 1
2555 1318 2799 1394 aquensi

166 1406 327 1464 nicus
360 1411 426 1464 et
460 1413 786 1468 succentor
818 1430 861 1466 s.
895 1409 1130 1467 Nazarii
1172 1408 1464 1466 biterren-
1520 1405 1871 1481 praefectus,
1923 1409 2160 1467 demum
2214 1428 2262 1466 a.
2322 1417 2481 1469 1312
2536 1427 2803 1483 purpura

172 1495 239 1553 sis
267 1490 596 1579 (Hedera),
648 1498 782 1556 dein
832 1499 1013 1557 abbas
1046 1517 1090 1556 s.
1125 1496 1464 1573 Aphrodisii
1518 1497 1843 1556 honoratus
1889 1498 2019 1556 fnit.
2087 1498 2371 1555 Defuncto
2404 1497 2701 1555 Clemente
2735 1496 2799 1553 V.

174 1590 225 1640 et
252 1585 411 1643 inter
445 1587 792 1663 capellanos
824 1587 1155 1662 pontificios
1192 1589 1465 1661 receptus
1520 1584 1843 1644 cardinales
1876 1586 2004 1645 itali
2035 1588 2106 1645 de
2139 1605 2207 1644 eo
2239 1586 2314 1644 ad
2346 1586 2543 1644 sedem
2565 1589 2800 1661 aposto-

180 1679 272 1730 est.
332 1678 521 1734 Anno
570 1686 733 1738 1294
767 1676 1078 1751 episcopus
1118 1675 1464 1733 biterrensis
1521 1673 1694 1733 licam
1725 1676 1999 1751 eligendo
2045 1676 2402 1752 cogitarunt,
2456 1675 2556 1733 sed
2590 1676 2799 1733 suffra-

185 1765 568 1823 renttnciatus
602 1768 709 1823 est.
771 1765 1057 1823 Interfuit
1106 1765 1296 1822 invito
1328 1784 1465 1840 rege
1520 1762 1633 1837 giis
1683 1765 1842 1823 datis
1893 1766 2119 1823 electus
2171 1771 2263 1822 est
2310 1764 2571 1822 «Ioannes
2622 1763 2799 1822 XXII.

188 1853 420 1911 concilio
453 1874 711 1913 romano
749 1854 863 1912 sub
894 1854 1195 1913 Bonisacio
1229 1852 1381 1911 VIII.
1415 1873 1463 1910 a.
1521 1852 1773 1929 Scripsit
1816 1855 1854 1912 l.
1900 1873 2077 1929 super
2123 1856 2381 1912 electione
2424 1854 2699 1925 facienda
2743 1859 2803 1911 et

193 1948 361 2003 1302.
430 1944 503 2001 in
555 1962 673 2018 quo
722 1943 948 2019 prodiit
995 1942 1241 2001 celebris
1300 1942 1468 2001 bulla
1521 1941 1648 2017 ejus
1700 1943 2077 2019 processibus
2139 1942 2498 2012 ordinandis,
2563 1943 2803 2001 Parisiis

192 2028 404 2094 ,Unam
423 2037 763 2091 sanctam‘.
799 2032 887 2091 Ob
907 2032 1188 2090 scientiae
1206 2030 1465 2089 eminen-
1534 2039 1692 2094 1506
1727 2032 1794 2090 in
1827 2043 1897 2101 43
1963 2041 2126 2095 1523
2162 2033 2224 2090 in
2262 2042 2330 2102 83
2381 2051 2516 2090 cum
2548 2032 2801 2091 additio-

189 2116 317 2174 tiam
350 2139 386 2176 a
418 2121 728 2180 Clemente
761 2121 826 2179 V.
873 2122 937 2179 in
982 2122 1170 2197 prima
1200 2119 1465 2178 cardina·
1520 2119 1699 2179 nibus
1720 2122 1792 2179 N.
1816 2121 2044 2191 Boerii3
2078 2122 2348 2181 Coloniae
2392 2130 2588 2191 15733
2621 2122 2801 2179 etiam

190 2203 324 2263 lium
370 2212 753 2283 promotione
813 2219 974 2272 1305
1029 2228 1295 2286 purpura
1356 2209 1470 2267 fuit
1523 2209 1681 2267 inter
1711 2215 1786 2268 tr.
1829 2210 1988 2286 juris
2035 2210 2301 2269 universi
2333 2210 2453 2280 XV,
2497 2222 2547 2279 1,
2585 2220 2802 2271 407-—

196 2294 511 2370 insignitus
544 2304 605 2358 et
637 2320 686 2358 a.
723 2310 885 2362 1309
922 2299 996 2358 ad
1029 2300 1225 2357 sedem
1259 2302 1465 2357 tuscu-
1524 2307 1670 2364 440,
1704 2300 2130 2375 monographia
2176 2299 2380 2369 solida,
2433 2300 2497 2357 in
2541 2318 2661 2374 qua
2705 2318 2801 2357 ex-

196 2381 372 2441 lanam
422 2389 758 2447 translatus
807 2393 867 2446 et
914 2389 1107 2447 factus
1155 2388 1462 2463 poeniten·
1523 2386 1688 2447 hibet
1735 2392 1968 2446 textum
2018 2389 2385 2447 succinctum
2429 2407 2560 2447 cum
2603 2389 2804 2464 glossa

200 2471 392 2532 tiarius
436 2479 642 2553 major.
689 2479 955 2536 Clemens
986 2477 1052 2534 V.
1085 2477 1141 2534 ei
1185 2477 1470 2535 commisit
1523 2478 1926 2537 commentarii
1989 2478 2199 2546 instar,
2277 2497 2454 2553 quem
2513 2476 2606 2534 Jo.
2671 2479 2799 2534 An·

200 2577 423 2622 examen
442 2586 655 2625 causae
676 2572 809 2625 tum
828 2566 1299 2642 templariorum,
1334 2570 1463 2624 tum
1520 2567 1751 2625 dreae
1803 2567 2052 2625 aliorum
2087 2566 2390 2625 doctorum
2424 2566 2698 2641 precibus
2730 2566 2803 2625 ad

208 2647 612 2714 fraticellornm
646 2652 712 2739 (†
746 2668 759 2718 1
787 2667 832 2718 1.
854 2655 994 2714 Jun.
1028 2652 1234 2730 1323).
1271 2655 1464 2730 Scrip-
1521 2657 1824 2732 novajura
1839 2655 2108 2733 exegitet.
2123 2655 2480 2723 reformavit,
2505 2655 2642 2714 dein
2678 2656 2801 2714 Nic.

209 2739 275 2795 Sit
336 2743 745 2803 Baucidarium
819 2765 1079 2804 summae
1140 2744 1467 2803 Hostiensis
1521 2747 1770 2804 Boetius
1802 2747 2135 2821 complevit,
2189 2764 2320 2805 cum
2370 2747 2590 2821 quibus
2637 2745 2801 2803 addi-

216 2829 293 2889 4οἱ
313 2850 364 2904 p.
388 2834 559 2912 367),
595 2855 701 2911 per
731 2835 942 2893 seriem
975 2834 1289 2909 alphabeti,
1319 2833 1463 2891 Ocu·
1519 2835 1783 2893 tionibus
1813 2834 2036 2910 prodiit
2067 2835 2336 2894 Coloniae
2375 2846 2557 2897 1601.

212 2915 289 2973 lus
313 2920 382 2977 ab
409 2930 648 2982 auctore
693 2924 1068 2998 inscriptum,
1122 2923 1281 2998 quod
1328 2941 1463 2996 pro-

219 3002 309 3062 diit
351 3027 478 3070 cum
532 3013 638 3072 hac
684 3032 915 3071 summa
959 3012 1224 3070 Basileae
1267 3022 1465 3078 15733
1612 3021 1757 3074 266.
1792 3012 2036 3070 Dinus
2072 3009 2801 3092 (Dynusfflessossoni-

221 3094 391 3155 eodem
420 3120 591 3177 scopo
638 3100 1040 3162 Inventarium
1088 3097 1218 3180 (seu
1248 3101 1465 3175 Reper-
1520 3102 1661 3159 bus
1710 3120 1745 3158 a
1793 3102 1990 3175 patria
2021 3101 2277 3176 Mugello
2327 3101 2455 3178 agri
2505 3101 2802 3160 florenlini

225 3184 433 3268 lotium)
504 3193 581 3249 ad
642 3185 952 3265 Speculum
1014 3191 1310 3248 Durantis
1371 3187 1464 3270 (cf.
1519 3189 1735 3266 oppido
1799 3190 2086 3266 Mugell
2107 3211 2296 3248 anus
2375 3191 2590 3258 dietus,
2646 3191 2804 3265 juris

234 3289 275 3343 p·
300 3277 453 3359 444),
503 3281 662 3354 quod
692 3300 822 3338 cum
859 3280 967 3338 hoc
997 3279 1221 3354 prodiit
1251 3279 1467 3338 Rornae
1524 3279 2092 3354 utriusque‘peritus
2113 3281 2414 3339 Bononiae
2433 3285 2495 3337 et
2518 3280 2804 3338 Pistoriae

240 3370 397 3434 1474;
448 3369 765 3428 Mediolani
814 3378 977 3432 1478
1011 3373 1118 3427 etc.
1166 3402 1251 3411 —
1298 3368 1469 3426 Alter
1520 3367 1724 3427 docuit
1772 3365 1835 3450 (†
1876 3366 2084 3449 1303).
2149 3369 2268 3443 Ipsi
2314 3368 2670 3426 tribuuntur
2714 3388 2801 3426 re-

231 3455 301 3507 est
326 3453 446 3515 Pet
463 3478 536 3517 ro
554 3479 593 3516 n
610 3477 650 3515 u
669 3478 696 3516 s
734 3459 807 3516 de
840 3457 1027 3526 Senis,
1054 3458 1209 3533 juris
1244 3456 1463 3526 doctor,
1515 3458 1685 3534 φαῖσι
1694 3457 1860 3530 juris
1881 3456 1943 3537 (8
1955 3455 2015 3534 8)
2037 3457 2300 3533 adjectae
2317 3457 2471 3516 libro
2491 3457 2585 3514 Vl.
2607 3457 2802 3516 decre-

231 3535 481 3604 Ecclesiae
526 3566 801 3606 romanae
851 3546 1362 3605 vicecancellarius
1407 3551 1468 3604 et
1520 3546 1733 3604 talium
1764 3565 1838 3603 ex
1864 3547 2000 3619 jure
2034 3565 2275 3604 romano
2320 3546 2441 3604 fere
2493 3546 2800 3614 derivatae,

236 3630 503 3695 cardinalis
523 3632 585 3717 (†
612 3649 636 3698 l
655 3637 825 3716 313).
861 3669 946 3679 —-
978 3636 1214 3694 Tertius
1235 3638 1297 3693 et
1316 3634 1469 3693 forte
1521 3653 1703 3709 super
1750 3635 1972 3709 quibus
2025 3635 2272 3710 scripsit
2331 3637 2801 3694 commentarium

238 3723 546 3799 praecipuus
578 3730 672 3783 est
705 3726 1141 3784 Guilelmus
1171 3725 1242 3782 de
1275 3726 1463 3782 Man·
1522 3723 1839 3782 admodum
1883 3724 2167 3782 diffusum
2200 3724 2273 3781 ab
2305 3724 2433 3782 aliis
2482 3743 2654 3799 saepe
2700 3724 2802 3782 ad—

1522 3813 1795 3870 hibitum.
1834 3812 2040 3871 Plures
2073 3814 2201 3886 ejus
2231 3816 2462 3871 exstant
2493 3813 2800 3880 editiones.

269 3955 278 3963 .
350 3961 360 3970 ,
618 3967 684 3976 ..
994 3965 1004 3975 ‚
1321 3964 1330 3974 ,
1433 3965 1463 3976 η
1524 3902 1740 3960 Romae
1799 3911 1999 3972 1472;
2061 3902 2339 3978 Lugduni
2398 3913 2562 3964 1530
2615 3903 2679 3960 in
2733 3913 2801 3972 83

241 3959 449 4082 ζέᾒῗωὸῐ
471 3966 827 4091 {291¹th
848 3983 937 4088 30
963 3983 1008 4047 §²
1036 3965 1470 4089 90⁸¹²1¹3⁰¹¹1f³ss3113
1524 4009 1659 4048 oum
1710 3990 2115 4050 additionibus
2166 3992 2293 4049 Nic.
2345 3991 2537 4050 Boea-fi
2608 4001 2799 4060 15563

347 4075 357 4086 .
380 4053 490 4091 mor
551 4056 602 4090 ln
650 4056 710 4090 ln
740 4055 844 4092 Lon
873 4054 1086 4090 rarlum
1128 4056 1166 4106 g
1194 4053 1437 4089 ΟΒΒΒΝΘῙἿ

244 4113 425 4159 tensum
464 4110 673 4162 bullam
718 4107 937 4166 ..Unam
965 4112 1246 4161 sanctam⁶⁶
1291 4124 1355 4160 ac
1383 4125 1469 4162 eo·
1524 4079 1793 4138 C⁰l⁰ni⁸⁸e
1834 4090 2032 4149 1551;
2094 4090 2287 4149 1569;
2347 4090 2543 4150 1594;
2603 4091 2800 4150 1617;

248 4166 345 4226 ‹lem
366 4178 573 4233 vivente
598 4180 885 4250 pontifice,
937 4180 1195 4233 Glossam
1241 4179 1291 4233 ei
1339 4197 1467 4250 sup·
1529 4169 1786 4227 Venetiis
1871 4180 2035 4232 1518
2117 4170 2442 4246 castigatus
2520 4188 2625 4244 per
2698 4171 2800 4228 Th.

249 4247 443 4375 ffltl‘lm
486 4251 654 4306 habes
697 4252 773 4305 ib.
814 4251 874 4304 in
919 4254 1164 4321 append.
1193 4268 1324 4320 pag.
1355 4250 1463 4305 C-
1523 4257 1926 4332 Diplovatacci
1958 4264 2065 4318 etc.
2096 4293 2182 4300 --
2229 4259 2477 4334 Lapus
2522 4259 2800 4317 Tactus

309 4391 337 4438 r,
360 4393 432 4444 Ab
477 4394 579 4447 hoc
629 4394 1067 4463 distinguendus
1124 4395 1207 4446 est
1268 4392 1470 4448 Remu·
1523 4341 1802 4446 (Tuctns)
1838 4348 2264 4406 Podiebonizus
2297 4348 2394 4420 (de
2429 4348 2802 4406 Podioboniti

254 4460 399 4518 garius
424 4464 594 4518 Fred
611 4465 712 4519 oli
732 4465 947 4532 junior,
975 4465 1077 4532 qui
1104 4463 1319 4534 pariter
1356 4464 1472 4518 fuit
1522 4454 1583 4493 ¹¹²
1601 4430 1870 4536 Etruff'm)
1903 4437 2086 4495 9·be
2118 4437 2190 4495 ad
2224 4440 2483 4495 montem
2508 4455 2551 4494 S·
2574 4438 2804 4495 Miniati

255 4535 503 4588 canonicus
528 4541 584 4590 et
606 4537 906 4605 episcopus
926 4535 1251 4589 biterrensis
1270 4539 1467 4606 (1312),
1525 4525 1875 4583 florentinus
1904 4526 2060 4584 OSB.
2096 4526 2299 4585 doctor
2330 4526 2696 4585 decretorum
2723 4524 2801 4604 (fl.

259 4593 434 4690 {lemtim
449 4608 746 4662 cardinalis
762 4611 821 4661 et
835 4607 1131 4678 episcopus
1148 4607 1472 4677 portuensis
1531 4609 1741 4692 1320),
1791 4614 2074 4672 lecturam
2107 4635 2285 4690 super
2334 4617 2504 4674 Sexto
2549 4615 2801 4689 reliquit,

259 4672 406 4738 ‹1317›‚
429 4682 483 4733 et
504 4679 604 4733 hoc
644 4696 873 4748 quoqne
918 4682 1173 4747 tempore
1214 4681 1471 4732 mortuus

259 4743 332 4796 m·
364 4737 436 4802 Cf·
460 4751 523 4804 de
556 4754 797 4819 utroque
826 4749 1183 4805 Kreuawald
1210 4749 1320 4804 ΚΒ.
1352 4751 1469 4816 ΝΒ,
1523 4705 1841 4777 quaeteste
1860 4704 2121 4762 Fabricio
2143 4705 2363 4780 prodiit
2380 4705 2592 4762 Romae
2618 4715 2800 4770 1589;

265 4813 385 4874 1943:
427 4823 490 4874 de
515 4825 703 4876 nostro
731 4821 959 4876 Schulte
986 4823 1053 4885 11,
1081 4826 1213 4881 180;
1256 4821 1401 4876 Sarti
1432 4824 1469 4887 1,

266 4883 355 4942 49οῑ
382 4890 512 4963 Eggs
538 4894 706 4964 Purp.
734 4894 929 4947 doc-tae
957 4893 990 4948 l.
1020 4894 1070 4946 11
1095 4902 1122 4958 g
1148 4898 1234 4949 13.
1605 4897 1639 4964 ¹)
1668 4893 1751 4946 Cf.
1781 4895 1815 4946 ὃ
1833 4894 1978 4946 arti
2009 4894 2042 4947 l.
2072 4911 2116 4950 e.
2149 4895 2184 4958 1,
2212 4899 2318 4950 488
2345 4912 2386 4946 s·

426 4993 603 5048 Hurten
642 4993 982 5040 Nomenclator
1007 4993 1051 5038 11
1078 4993 1152 5039 ed.
1183 4992 1230 5038 3.
2417 4987 2480 5037 17
