3475 5364
530 351 641 401 701
902 333 1198 396 doh-asson,
1228 331 1573 396 Thornaeus‚
1603 329 1851 394 Goswin,
1879 329 1909 382 J
1917 347 1966 383 0.
1993 329 2062 382 de
2090 329 2342 399 Langhe,
2371 328 2610 383 Ribotus
2636 331 2739 383 etc.

3019 348 3138 400 702

525 519 839 594 episcopus
873 516 1352 577 monasteriensis
1385 512 1626 597 (1364),
1669 516 1807 574 dein
1864 515 2020 576 OSB.
2054 532 2188 573 cum
2203 515 2400 574 tribus
2417 515 2580 573 solus
2596 534 2663 573 ex
2681 514 2952 574 horribili
2976 520 3142 590 peste

527 607 941 682 ultrajectinus
988 603 1220 686 (13793
1267 603 1303 670 †
1342 601 1536 688 1393)
1569 605 1810 681 collegit
1863 623 1910 661 a.
2002 613 2163 667 1348
2244 605 2308 662 in
2383 603 2744 664 monasterio
2822 609 3141 680 superstes,

528 696 780 755 Chronilc
797 696 901 753 der
919 694 1184 769 Bischo‘fe
1202 712 1309 753 von
1331 695 1612 770 Munster,
1647 694 1808 770 quod
1863 713 1912 751 a.
1955 702 2119 756 1374
2154 693 2330 768 prior,
2366 694 2711 769 capellanus
2743 693 3021 768 Leopoldi
3041 694 3141 752 111.

526 787 626 844 alii
650 784 1078 843 continuarunt
1111 783 1184 841 ad
1204 803 1252 840 a.
1285 793 1468 852 1424,
1501 783 1809 858 ediditque
1863 782 2147 841 Austriae
2166 783 2354 851 duciS,
2390 783 2631 859 collegit
2651 783 2984 859 Reqistrum
3018 802 3142 840 mo-

526 877 564 935 J
570 876 647 934 ul.
699 873 907 931 Ficker
954 874 1018 930 in
1068 872 1654 948 Geschichtsquellen
1703 872 1807 930 des
1864 871 2106 930 nasterii
2125 872 2346 930 Montis
2368 891 2411 930 s.
2445 872 2680 941 Mariae,
2714 871 2875 947 quod
2906 871 3144 931 demum

526 965 715 1022 Bisth.
760 963 1025 1020 Miinster
1063 961 1108 1024 Ι.
1158 971 1384 1024 1-92.
1436 997 1522 1006 —
1578 961 1808 1021 Joan-
1868 956 2682 1043 (1130-1362)haccuratead
2707 961 3144 1037 autographum

526 1072 659 1112 nes
692 1054 763 1110 de
796 1051 1029 1109 Polde
1061 1051 1383 1110 canonicus
1409 1051 1807 1110 senior-eccle-

526 1144 645 1201 siae
679 1140 1026 1200 hamelensis
1062 1136 1123 1221 (†
1158 1149 1258 1202 20.
1282 1140 1428 1199 Nov.
1454 1137 1647 1220 1395)
1671 1158 1807 1198 con-

525 1231 788 1290 cinnavit
817 1230 1147 1287 chronicam
1178 1230 1440 1287 ecclesiae
1468 1231 1811 1288 hamelensis

525 1320 600 1379 ab
661 1341 709 1378 a.
765 1330 796 1381 7
818 1327 1176 1387 12-1384,
1242 1337 1421 1393 quam
1481 1319 1811 1394 vulgarunt

526 1410 662 1468 aliis
695 1407 936 1467 omissis
970 1407 1097 1464 sine
1129 1409 1390 1465 auctoris
1421 1409 1657 1466 nomine
1689 1408 1806 1465 Lu·

528 1498 721 1574 dewig
751 1497 937 1571 Reliq.
972 1515 1142 1555 mser.
1177 1495 1245 1564 X,
1284 1506 1476 1563 3-17;
1526 1497 1588 1555 Ο.
1623 1496 1809 1554 Mein-

527 1589 702 1647 ardus
733 1587 797 1644 in
830 1585 1105 1643 Zeitschr.
1140 1584 1242 1642 des
1273 1585 1412 1643 hist.
1435 1585 1682 1644 Vereins
1713 1585 1811 1643 fiir

526 1675 1007 1743 Niedersachsen,
1051 1673 1369 1734 Hannover
1410 1685 1571 1738 1882
1605 1694 1659 1750 p.
1698 1684 1806 1738 29·

531 1778 630 1829 40.
653 1799 737 1808 —-
760 1764 1128 1822 Nicolaus
1160 1762 1198 1820 J
1219 1769 1551 1821 oensson
1583 1765 1809 1822 archie-

526 1857 805 1932 piscopus
851 1850 1159 1910 lundensis
1206 1848 1394 1932 (1361
1424 1874 1438 1921 ;
1480 1851 1517 1920 †
1554 1864 1606 1916 5.
1641 1854 1808 1911 Febr.

539 1938 729 2024 1379)
779 1941 1115 2016 composuit
1158 1942 1464 1999 chronicon
1496 1943 1809 2016 archiepis-

527 2051 798 2108 coporum
818 2031 1186 2089 lundensium
1218 2031 1292 2088 ab
1325 2050 1373 2087 a.
1418 2041 1808 2100 1104-1379‚

528 2122 686 2198 quod
747 2120 1177 2179 continuarunt
1251 2121 1380 2194 ejus
1445 2138 1810 2180 successores

529 2212 729 2270 Tuvo
776 2208 850 2266 ad
895 2230 942 2265 a.
999 2217 1180 2277 1472,
1229 2208 1607 2284 Birgerus
1653 2210 1727 2269 ad
1761 2231 1808 2268 a.

537 2311 720 2363 1497.
768 2297 1100 2355 Ediderunt
1139 2296 1392 2355 Thomas
1424 2299 1810 2358 Bartholinus

529 2389 774 2447 Hafniae
817 2397 1012 2456 1709;
1060 2386 1242 2444 Suhm
1288 2388 1447 2462 apud
1497 2388 1811 2464 Langebek

531 2478 648 2536 Ser.
700 2496 813 2535 rer.
862 2475 1053 2533 danic.
1107 2473 1203 2542 VI,
1260 2487 1370 2538 692
1396 2486 1583 2540 —38.
1665 2478 1811 2551 Ejus

530 2584 769 2642 quoqne
801 2568 891 2622 est
909 2565 1216 2622 chronicon
1234 2582 1432 2623 rernm
1454 2567 1811 2626 danicarum

529 2657 602 2715 ab
648 2669 660 2717 l
686 2664 829 2724 104,
880 2653 954 2713 ab
1003 2652 1137 2712 aliis
1188 2654 1605 2715 continuatum
1656 2655 1727 2714 ad
1761 2675 1809 2714 a.

537 2755 722 2812 1468,
776 2743 934 2818 quod
984 2742 1172 2801 edidit
1235 2744 1596 2821 Ludewig
1656 2746 1813 2804 inter

533 2836 718 2909 Reliq.
781 2851 920 2890 msc.
971 2832 1067 2900 IX,
1129 2843 1487 2898 1166-75,
1552 2868 1638 2879 --
1689 2836 1810 2894 Pe-

529 2930 702 2982 trus
736 2923 807 2979 de
854 2921 934 2979 Bi
958 2922 1173 2996 palta
1222 2923 1472 2998 reliquit
1500 2925 1811 2983 chronicon

520 3013 920 3087 placentinum
967 3011 1041 3069 ab
1089 3028 1137 3067 a.
1188 3021 1600 3083 814—1089‚
1636 3014 1810 3088 cujus

528 3104 861 3179 fragmenta
903 3101 1142 3158 exstant
1186 3102 1248 3159 in
1297 3101 1421 3159 MG.
1470 3102 1565 3163 SS.
1599 3101 1807 3171 XVIII,

534 3202 675 3254 410.

622 3379 764 3431 356.
822 3367 1293 3427 Guilelmus
1355 3367 1428 3425 de
1490 3367 1811 3427 Thorne

533 3453 925 3539 (Thornaeus)
962 3456 1120 3515 OSB.
1141 3457 1412 3516 coenobii
1431 3458 1808 3516 cantuarien-

531 3548 611 3607 sis
642 3547 795 3605 circa
825 3566 873 3604 a.
916 3555 1081 3609 1380
1130 3546 1373 3621 scripsit
1416 3548 1651 3621 praeter
1694 3548 1813 3606 alia

529 3635 759 3695 inedita
785 3654 880 3694 res
909 3643 1095 3711 qestas
1133 3636 1405 3694 abbatum
1446 3637 1810 3712 anqustinia-

530 3743 744 3783 norum
754 3726 1272 3799 cantuariensium,
1289 3743 1441 3798 quae
1458 3724 1813 3799 prodierunt

531 3815 618 3873 ed.
653 3815 718 3871 Β..
741 3814 786 3871 Τ
801 3833 856 3873 w
871 3834 910 3891 y
929 3833 953 3872 s
968 3813 1005 3871 d
1025 3832 1056 3870 e
1071 3832 1112 3871 11
1130 3833 1163 3871 o
1197 3814 1356 3871 inter
1376 3813 1529 3890 angl.
1551 3813 1689 3872 hist.
1712 3815 1808 3873 SS.

530 3904 749 3972 decem,
783 3903 1039 3962 Londini
1076 3911 1241 3964 1652
1279 3923 1332 3978 p.
1374 3911 1807 3966 1758—2202

532 3993 850 4067 subjuncta
882 3997 1119 4067 praeter
1161 3991 1507 4050 donationes
1557 3992 1647 4050 illi
1680 4010 1809 4052 coe-

530 4081 708 4140 nobio
740 4080 927 4140 factas
960 4080 1342 4156 chronologia
1370 4081 1634 4156 ejusdem
1669 4083 1745 4141 ab
1761 4102 1809 4140 a.

533 4179 920 4233 597—1419
954 4190 1013 4246 p.
1048 4179 1445 4232 2229-2292.
1495 4204 1580 4214 -
1630 4171 1726 4229 Th
1747 4190 1808 4229 o-

529 4279 587 4317 m
607 4279 685 4318 as
717 4259 789 4318 de
820 4260 869 4317 B
889 4279 928 4317 u
948 4262 1123 4317 rton
1157 4260 1221 4317 Ο.
1254 4259 1387 4317 Cist.
1440 4259 1621 4318 abbas
1672 4260 1810 4319 reli-

1865 1068 2207 1123 expressum
2239 1050 2463 1126 prodiit
2512 1069 2632 1108 cur.
2666 1051 2793 1109 Bae.
2829 1050 3145 1110 Schwitzer

1866 1137 2022 1196 OSB.
2056 1140 2116 1197 in
2138 1159 2228 1214 op.
2252 1140 2509 1198 Chronik
2539 1141 2638 1198 des
2671 1139 2869 1212 Stiftes
2893 1140 3143 1199 Morien-

1866 1228 2019 1304 bery,
2052 1229 2387 1287 Innsbruck
2434 1236 2610 1292 1880.
2645 1228 2877 1286 Floruit
2907 1229 3145 1288 Goswin

1876 1325 2266 1380 13211-1390.
2304 1317 2705 1376 ——Joannes
2737 1318 2809 1376 de
2843 1318 3145 1395 Langhe

1868 1401 2179 1487 (Longus),
2215 1408 2447 1482 Iperius
2480 1407 2605 1465 sive
2626 1406 2884 1482 Iprensis
2903 1427 2937 1464 a
2956 1407 3147 1482 patria

1865 1498 2338 1572 cognominatus,
2393 1495 2547 1554 OSB.
2599 1496 2779 1555 abbas
2824 1515 2868 1554 s.
2916 1496 3148 1555 Bertini

1864 1581 1928 1665 (†
1968 1581 2178 1667 1383),
2211 1584 2543 1660 pretiosum
2573 1604 2678 1660 pro
2698 1585 2942 1643 historia
2956 1585 3147 1659 patria

1866 1674 2108 1750 collegit
2125 1670 2168 1754 ¹)
2201 1676 2505 1733 chronicon
2537 1675 2944 1733 Bertinianum
2960 1674 3145 1754 (540-

1876 1763 2065 1843 1294)
2118 1783 2223 1823 seu
2274 1764 2557 1822 sithiense
2604 1782 2648 1821 S.
2700 1764 2951 1832 Bertini,
2987 1764 3146 1840 quod

1865 1850 2052 1910 edidit
2084 1855 2343 1911 Martene
2374 1852 2524 1911 thes.
2558 1852 2754 1911 anecd.
2789 1851 2893 1922 ΙΙΙ,
2929 1862 3147 1917 441—

1871 1952 2015 2008 776.
2050 1960 2185 2001 cum
2217 1942 2629 2018 supplemento
2663 1942 2737 2000 ab
2770 1961 2818 2000 a.
2861 1951 3141 2005 1294-97

1865 2031 1930 2088 in
1979 2032 2154 2107 ampl.
2205 2031 2335 2090 coll.
2385 2030 2477 2099 VI,
2534 2041 2856 2102 613-17,
2910 2050 2979 2089 ex
3029 2049 3147 2107 quo

1865 2121 2077 2189 omnia,
2112 2139 2265 2195 quae
2297 2123 2569 2195 spectant
2587 2119 2834 2178 comites
2852 2120 3147 2179 flandren-

1867 2227 1975 2278 seS,
2008 2210 2261 2272 ,exhibet
2304 2209 2753 2285 Holder·Egger
2796 2209 2858 2267 in
2894 2210 3016 2270 MG.
3050 2209 3146 2270 SS.

1866 2297 2040 2366 XXV,
2079 2306 2381 2362 747-866.
2437 2295 2703 2356 Martene
2734 2300 3146 2360 auctoritatem

1865 2387 2047 2462 hujus
2062 2388 2319 2447 chronici
2334 2386 2664 2464 magnificis
2681 2387 2823 2446 adeo
2840 2388 3035 2446 verbis
3050 2407 3148 2447 ex-

1866 2476 2044 2546 tollit,
2080 2481 2151 2535 ut
2180 2480 2405 2535 asserat
2436 2477 2532 2533 vix
2564 2476 2755 2534 ullum
2776 2495 2871 2534 res
2889 2476 3147 2553 belgicas

1866 2565 2220 2624 enarrandas
2280 2565 2610 2641 suscepisse
2673 2565 2821 2638 ,qui
2883 2565 3146 2632 dicenda,

1866 2655 2074 2731 majori
2124 2674 2191 2715 ex
2223 2658 2409 2731 parte,
2463 2655 2567 2714 hac
2617 2672 2683 2713 ex
2735 2655 3147 2714 lucubratione

1866 2746 2170 2821 tamquam
2205 2764 2272 2803 ex
2304 2744 2627 2821 purissimo
2657 2744 2820 2803 fonte
2851 2763 2968 2803 non
3003 2746 3147 2804 hau·

1868 2834 2072 2892 serit.‘
2137 2834 2357 2892 Verum
2421 2833 2671 2910 Stilting
2732 2833 2889 2892 haud
2941 2854 3150 2910 parum

1866 2922 2148 2998 deprimit
2195 2924 2390 2998 operis
2440 2924 2854 2982 auctoritatem
2867 2918 2948 3004 ²):
3014 2940 3147 2982 eum

1865 3012 2081 3071 vitiosa
2112 3012 2194 3071 sit
2224 3012 2577 3087 plerumque
2605 3011 2668 3071 in
2689 3011 2898 3087 primis
2930 3011 3149 3071 seculis

1866 3101 2251 3172 chronotaxiS,
2316 3104 2379 3158 et
2436 3100 2591 3159 facta
2636 3102 2996 3161 correctione
3032 3144 3033 3151 1
3057 3104 3151 3159 sat

1868 3191 2164 3265 frequenti
2198 3189 2524 3266 indigeant.
2572 3190 2707 3248 Non
2737 3192 2938 3250 tamen
2969 3193 3150 3267 negat

1865 3280 2018 3337 illud
2080 3279 2229 3337 utile
2291 3297 2437 3349 esse,
2504 3280 2614 3337 etsi
2678 3298 2797 3337 non
2847 3298 3014 3339 caece
3070 3279 3151 3339 sit

1866 3368 2253 3442 sequendum.
2317 3402 2403 3411 —
2467 3367 2884 3443 Philippus
2929 3369 3147 3427 Ribo-

1866 3462 1991 3515 tus
2023 3458 2087 3514 O.
2123 3458 2305 3516 Carm.
2353 3456 2774 3527 Gerundensis,
2826 3458 3147 3532 HispanuS,

1868 3547 2152 3623 magister
2202 3546 2267 3604 in
2299 3563 2344 3603 a.
2376 3546 2591 3622 pagina
2622 3551 2684 3603 et
2715 3547 2877 3621 prior
2907 3546 3147 3621 provin-

1865 3635 1985 3694 ciae
2016 3635 2353 3693 Cataloniae
2384 3631 2445 3715 (†
2465 3644 2561 3698 23.
2592 3634 2747 3709 Sept.
2781 3630 2995 3716 1391),
3029 3634 3147 3693 dis-

1868 3720 2117 3804 seruitss)
2151 3725 2220 3782 de
2251 3726 2605 3782 institutione
2637 3732 2689 3781 et
2715 3721 2891 3801 yestis
2912 3724 3147 3783 Carme·

1867 3814 2109 3873 litarem·
2136 3810 2531 3889 peculiaribus
2561 3814 2615 3869 ll.
2649 3816 2755 3890 10,
2804 3813 2965 3889 quod
2998 3830 3148 3888 opus

1866 3906 1962 3961 est
2022 3902 2287 3961 collectio
2351 3902 2676 3977 plurimum
2752 3906 2935 3971 tract„
2999 3920 3148 3975 quos

1866 3992 2232 4067 scripserunt
2264 3989 2361 4074 (ut
2379 3988 2604 4072 ferunt)
2639 3991 2678 4049 J
2694 4009 2974 4050 oannes
3008 3990 3145 4049 Hie·

1864 4081 2352 4156 rosolymitanus,
2430 4080 2583 4139 Guil.
2662 4081 2734 4141 de
2807 4080 2993 4139 Sam
3016 4080 3146 4145 ico,

1866 4170 2215 4245 cyrillus
2246 4171 2370 4239 CR,
2423 4170 2790 4229 Sibertus
2835 4169 2907 4227 de
2938 4170 3147 4228 Becka.

1865 4260 2002 4318 Alio
2053 4260 2284 4319 nomine
2333 4264 2579 4318 vocatur
2625 4260 2904 4339 Maynum
2946 4277 3145 4334 specu-

529 4348 663 4424 quit
720 4350 1030 4407 chronicon
1088 4350 1424 4406 monasterii
1497 4351 1566 4406 de
1628 4350 1811 4409 Melea
1866 4349 2006 4422 lum,
2038 4347 2304 4406 Venetiis
2348 4359 2545 4418 15073
2587 4349 2746 4407 notis
2779 4349 3147 4406 illustratum

533 4434 767 4518 (Meaux
828 4437 889 4496 in
939 4434 1322 4518 Holderness)
1368 4457 1403 4495 a
1461 4437 1810 4497 fundatione
1867 4441 1928 4495 et
1977 4455 2111 4496 cum
2158 4436 2433 4495 vindiciis
2480 4437 2642 4496 Petri
2678 4435 2962 4506 Wastelli,
2996 4440 3149 4495 Ant-

529 4546 576 4583 a.
633 4536 1088 4595 1150-1396,
1136 4546 1316 4602 quam
1369 4526 1587 4585 sodalis
1621 4528 1808 4588 conti-

529 4615 738 4675 nuavit
786 4617 858 4674 ad
910 4636 957 4673 a.
1000 4623 1179 4678 1417.
1244 4615 1473 4675 Prodiit
1516 4634 1658 4675 cura
1705 4617 1809 4675 Ed.

530 4705 791 4781 Augusti
836 4704 1023 4773 Bond,
1071 4704 1325 4763 Londini
1381 4714 1807 4769 1866-1868

1947 4684 1983 4751 1)
2011 4682 2092 4735 cf.
2122 4679 2309 4734 Oudin
2337 4679 2432 4742 ΙΙΙ,
2462 4684 2616 4736 1095.

1941 4762 1982 4821 ἓ)
2011 4754 2150 4805 Acta-
2192 4752 2283 4804 SS.
2325 4750 2391 4803 11.
2434 4750 2586 4819 Sept.
2629 4768 2683 4819 p.
2712 4755 2815 4807 555
2844 4767 2898 4800 11.
2925 4753 3010 4803 25.
3063 4747 3146 4801 Cf.

513 4797 571 4851 1.
608 4804 663 4863 3,
717 4794 875 4852 inter
923 4812 1122 4852 rerum
1173 4795 1312 4852 brit.
1364 4794 1511 4852 med.
1557 4814 1678 4853 aev.
1713 4794 1809 4855 SS.
1866 4822 2045 4877 δώῃ
2073 4824 2351 4892 pag.238.

532 4901 586 4939 n.
653 4892 752 4946 43.
815 4916 901 4926 —
966 4883 1268 4942 Goswin
1329 4882 1401 4941 de
1442 4884 1813 4961 Marienberg

1941 4898 1982 4962 ³)
2010 4893 2091 4948 Cf.
2122 4893 2245 4947 Nic.
2277 4891 2561 4944 Antonius
2589 4890 2625 4945 l.
2654 4892 2744 4945 IX.
2773 4908 2817 4946 c.
2837 4896 2866 4946 7
2885 4909 2939 4944 n.
2957 4894 3061 4946 336
3077 4906 3147 4942 ss.
