3475 5364
514 356 539 406 1
560 355 674 407 171
1053 341 1422 397 1501-1520.
1448 337 1481 390 J
1486 354 1550 390 us
1577 336 1929 392 canonicum.
1956 337 2226 403 Sandone,
2254 336 2581 407 Bolognini,
2959 355 2981 405 1
3004 355 3074 406 17
3089 356 3122 406 2

507 525 594 582 les
612 523 888 583 conclave
902 522 1376 599 ingrederentur,
1408 524 1669 600 pontifex
1691 527 1786 581 est
1840 524 1926 582 tio
1943 523 2098 581 VIII.
2116 527 2178 583 et
2191 522 2523 582 Alexandro
2539 522 2638 584 VI.
2657 539 2828 581 carus
2844 526 2971 581 erat
2984 528 3046 581 et
3060 523 3125 580 in

508 612 875 690 designatae,
893 612 1030 671 hinc
1048 631 1373 687 paucarum
1391 613 1671 672 horarum
1692 612 1784 671 in·
1840 613 2051 690 pretio,
2071 612 2291 688 quibus
2309 613 2375 670 in
2395 612 2907 672 administratione
2920 630 3120 670 rerum

506 702 759 760 tervallo
783 700 1045 761 omnium
1065 720 1313 761 assensu
1335 710 1434 765 31.
1463 703 1587 762 Oct.
1616 711 1783 765 1503
1843 702 2081 760 maximi
2127 702 2409 760 momenti
2461 701 2715 760 adstitit.
2763 701 2943 759 Plura
2978 701 3122 760 reli-

508 791 752 849 electus.
812 790 943 849 Dici
985 792 1182 851 voluit
1226 791 1496 850 Julius
1543 791 1616 850 11.
1681 790 1786 848 Vir
1842 791 1979 866 quit
2039 810 2216 867 opera
2264 791 2428 850 edita
2487 794 2548 849 et
2607 789 2862 849 inedita:
2929 782 3124 863 Super

507 884 636 938 erat
665 880 1077 956 magnanimus
1123 883 1185 939 et
1215 881 1407 951 fortis,
1455 880 1561 956 qui
1593 879 1786 939 consi-

506 969 658 1027 lium
687 969 846 1044 cepit
875 970 1265 1044 recuperandi
1299 970 1589 1029 ditionem
1636 986 1785 1044 pon-

507 1057 745 1116 tificiam
777 1076 1009 1116 omnem
1031 1078 1065 1116 a
1084 1062 1176 1117 tot
1205 1059 1577 1134 principibus
1608 1076 1784 1116 usur-

505 1150 732 1221 patam:
769 1147 906 1206 hinc
935 1147 1318 1221 pontificatus
1350 1148 1479 1223 ejus
1510 1148 1628 1206 fuit
1657 1146 1784 1205 bel-

503 1235 739 1305 licosus,
764 1235 1003 1295 demum
1030 1236 1189 1295 felici
1219 1238 1415 1297 exitu:
1464 1238 1591 1312 ipse
1625 1237 1786 1294 enim

504 1324 620 1383 dici
651 1327 848 1400 potest
876 1324 1192 1384 restitutor
1211 1330 1392 1400 atque
1423 1328 1786 1385 restaurator

505 1414 749 1474 ditionis
781 1414 1109 1489 pontificae.
1160 1416 1298 1489 Ipse
1329 1418 1456 1474 erat
1486 1415 1783 1474 liberalis-

506 1502 694 1562 simus
710 1503 931 1561 artium
946 1503 1264 1563 Maecenas.
1299 1504 1423 1562 Sub
1436 1503 1627 1579 ipsius
1645 1521 1783 1562 aus-

503 1591 671 1668 piciis
704 1593 972 1651 Donatus
989 1593 1321 1663 Bramante,
1344 1592 1781 1669 MichelangeIO,

502 1681 762 1756 Raphael
780 1681 1125 1752 floruerunt,
1160 1685 1338 1756 atque
1358 1682 1657 1758 stupenda
1678 1681 1786 1739 illa

503 1788 697 1845 opera,
732 1789 886 1845 quae
931 1770 1124 1829 adhuc
1168 1771 1462 1830 mirantur
1509 1771 1625 1831 viri
1655 1771 1781 1828 cul·

501 1859 739 1929 tissimi,
791 1863 934 1918 sunt
965 1860 1173 1918 moliti.
1238 1860 1540 1920 Adversus
1589 1860 1781 1919 conci-

1841 879 2106 939 Ρνοέηι-ἰο
2138 880 2524 955 decretalium,
2545 879 2844 938 Ferrariae
2873 888 3036 941 1492
3058 882 3122 938 et

1840 969 1987 1028 alias
2021 989 2224 1044 saepe;
2275 988 2456 1045 super
2485 969 2670 1028 titulo
2702 968 2770 1026 de
2801 966 3124 1041 Rescriptis

1841 1062 1903 1116 et
1921 1059 2227 1117 nonnullis
2259 1059 2405 1127 aliis,
2427 1078 2469 1117 s,
2486 1058 2522 1120 l.
2539 1061 2603 1116 et
2618 1076 2667 1116 a.
2686 1057 2898 1133 Papiae
2928 1067 3087 1120 1495
3106 1080 3120 1127 ;

1840 1148 1909 1205 de
1939 1144 2058 1206 litis
2075 1150 2472 1206 contestatione
2496 1156 2662 1211 1484
2696 1165 2740 1205 s.
2762 1146 2833 1217 l.;
2864 1146 3122 1205 inalios-

1840 1255 1956 1311 que
1988 1236 2201 1295 titulos
2246 1237 2312 1301 11,
2365 1248 2413 1300 1.
2453 1246 2507 1299 2.
2543 1247 2599 1297 4.
2632 1239 2692 1294 et
2727 1244 2783 1298 5.
2845 1236 3122 1294 Decreta-

1840 1325 2019 1395 lium;
2053 1325 2315 1385 Venetiis
2354 1335 2554 1396 14973
2596 1334 2797 1391 157ος
2839 1323 3121 1401 Lugduni

1848 1425 2046 1485 15193
2090 1425 2285 1485 15493
2327 1424 2490 1478 1587
2516 1418 2658 1484 etc.;
2692 1414 2923 1472 lectura
2941 1432 3122 1489 super

1839 1505 2020 1562 titulo
2051 1506 2123 1563 de
2153 1504 2514 1580 sponsalibus
2544 1521 2589 1562 s.
2628 1503 2663 1560 l.
2698 1505 2758 1560 et
2789 1521 2837 1561 a.
2881 1502 3122 1583 (Papiae

1847 1592 2069 1673 1497);
2107 1612 2298 1652 sermo
2329 1595 2399 1651 de
2429 1593 2804 1669 indulyentia,
2840 1609 2884 1650 s.
2907 1592 2943 1649 1.
2976 1595 3037 1650 et
3068 1612 3117 1650 a.

1837 1684 1901 1740 et
1931 1701 2066 1740 cum
2099 1682 2233 1741 aliis
2248 1682 2566 1758 -opusculis
2594 1678 2639 1762 ¹)
2674 1684 2783 1739 etc.
2805 1714 2891 1725 --
2922 1680 3118 1739 Ludo-

1837 1771 2006 1830 vicus
2038 1772 2085 1829 B
2103 1772 2225 1831 olo
2241 1792 2281 1848 g
2294 1791 2334 1830 n
2352 1772 2372 1829 i
2389 1772 2466 1830 ni
2509 1770 2892 1831 bononiensis
2931 1769 3118 1829 nobili

1839 1860 2022 1936 stirpe
2053 1863 2221 1920 ortus
2241 1879 2286 1919 c.
2319 1870 2435 1924 144
2449 1871 2502 1929 7,
2533 1859 2750 1918 Imolae
2769 1860 2882 1918 sub
2901 1858 3119 1918 celebri

502 1948 799 2008 liabulum
831 1949 1107 2024 pisanum
1139 1949 1356 2007 indixit
1388 1949 1682 2026 synodum
1715 1950 1780 2007 V.
1836 1949 2169 2008 Alexandro
2218 1950 2496 2025 Tartagni
2547 1948 2785 2007 studuit
2833 1951 2896 2007 et
2949 1957 3114 2011 1469

501 2037 953 2107 lateranensem,
989 2039 1091 2097 sed
1124 2058 1193 2096 ea
1212 2039 1478 2097 nondum
1509 2038 1783 2098 absoluta
1829 2038 1986 2113 juris
2015 2038 2279 2097 lauream
2311 2043 2403 2097 est
2439 2040 2827 2107 consecutum
2873 2056 2943 2096 ex
2978 2037 3117 2112 jure

502 2126 652 2185 obiit
666 2123 713 2208 ¹)
750 2135 847 2189 21.
879 2126 1046 2185 Febr.
1090 2136 1271 2191 1513.
1314 2126 1781 2186 Constitutiones
1836 2127 2114 2186 canonico
2159 2131 2361 2186 tamen
2404 2127 2640 2186 nonnisi
2683 2147 2719 2185 a
2765 2136 2941 2190 1470.
3002 2125 3041 2184 J
3044 2144 3116 2185 us

500 2215 764 2291 ejusdem
828 2214 1023 2290 plures
1071 2216 1368 2275 habentur
1412 2216 1477 2275 in
1522 2217 1780 2276 bullario
1835 2216 2009 2274 civile
2029 2217 2242 2292 partim
2263 2216 2566 2276 Bononiae
2584 2216 2802 2291 partim
2819 2215 3117 2274 Ferrariae

500 2324 645 2366 rom.
677 2304 765 2362 ed.
799 2305 1017 2363 taurin.
1050 2309 1092 2363 t.
1127 2305 1194 2364 V.
1835 2305 2052 2364 docuit.
2117 2306 2321 2365 Multis
2363 2305 2691 2365 honoribus
2735 2304 2853 2363 fuit
2885 2308 3114 2373 auctus,

1837 2394 1911 2452 ab
1942 2394 2288 2454 Innocentio
2321 2394 2474 2453 VIII.
2518 2395 2647 2469 ejus
2678 2394 2843 2452 affini
2874 2394 3115 2453 Romam

592 2492 734 2545 555.
756 2482 827 2540 In
846 2483 1223 2541 illustrandis
1240 2484 1631 2543 decretalibus
1647 2504 1778 2544 ver·
1835 2487 2094 2554 vocatus,
2131 2485 2206 2542 ab
2237 2483 2571 2543 Alexandro
2605 2482 2698 2541 VI.
2746 2486 2986 2542 senator
3022 2501 3115 2541 ro-

499 2572 615 2630 sati
648 2575 792 2630 sunt
821 2572 1062 2629 Felinus
1096 2573 1279 2631 Maria
1299 2573 1335 2631 S
1353 2573 1640 2635 andeus
1673 2593 1778 2648 pa·
1832 2591 2045 2631 manus
2065 2573 2426 2647 designatae,
2462 2577 2702 2632 senator
2731 2571 3115 2633 bononiensis

497 2661 614 2720 tria
644 2660 1036 2720 Ferrariensis
1069 2681 1124 2719 n.
1158 2680 1204 2724 c.
1247 2672 1431 2735 1444,
1474 2665 1579 2739 qui
1608 2667 1778 2740 juve·
1844 2672 2006 2725 1506
2042 2662 2237 2722 factus
2273 2685 2307 2722 a
2337 2663 2373 2721 J
2379 2663 2501 2721 ulio
2531 2661 2627 2733 II.,
2662 2662 2767 2738 qui
2797 2669 2859 2721 et
2887 2661 2951 2720 in
2982 2662 3113 2737 ejus

497 2752 588 2809 nis
620 2750 811 2808 adhuc
855 2771 905 2813 a.
952 2750 1074 2809 scil.
1115 2761 1281 2816 1466
1330 2753 1393 2811 in
1437 2755 1629 2828 patria
1670 2774 1780 2815 sua
1834 2750 1977 2809 villa
2008 2752 2164 2811 diem
2210 2753 2518 2829 transegit.
2580 2751 2650 2810 ln
2694 2752 2976 2828 gravibus
3007 2770 3112 2810 ne-

486 2841 645 2913 juris
678 2839 941 2918 canonici
972 2840 1309 2900 cathedram
1340 2843 1605 2902 obtinuit
1636 2848 1696 2903 et
1727 2865 1776 2904 a.
1831 2841 2011 2915 gotiis
2058 2841 2359 2900 adhibitus
2403 2842 2523 2899 fuit
2566 2860 2601 2899 a
2634 2840 2885 2899 summis
2916 2840 3112 2916 ponti-

502 2939 668 2991 1474
706 2929 866 2986 Pisas
904 2929 1127 2987 accitus
1171 2931 1355 3001 venit,
1400 2937 1472 2991 ut
1508 2934 1647 3009 jura
1691 2934 1776 2992 le·
1832 2929 2060 2999 ficibus,
2081 2931 2465 3007 principibus,
2483 2930 2724 2989 civitate
2742 2923 3111 3008 patria(†l9‚

402 3011 407 3015 ’
494 3022 677 3094 geret.
712 3017 929 3076 ASixt.
949 3016 1045 3076 IV.
1078 3019 1373 3079 invitatus
1406 3023 1774 3093 estRomam,
1823 3019 2000 3094 juxta
2048 3020 2192 3078 ulios
2243 3028 2340 3082 28.
2386 3019 2508 3078 Jul.
2566 3015 2775 3099 1508).
2839 3018 2945 3077 Vir
2988 3021 3115 3076 erat

494 3126 560 3165 ac
591 3105 881 3164 auditoris
914 3124 958 3164 s.
993 3107 1197 3182 palatii
1227 3127 1333 3168 seu
1353 3111 1644 3170 auditoris
1660 3113 1774 3171 Ro·
1830 3108 1965 3182 pius
1998 3113 2058 3166 et
2105 3108 2417 3168 admodum
2455 3108 2752 3167 beneficus
2789 3108 2855 3166 in
2886 3126 3112 3183 paupe·

493 3199 588 3253 tae
631 3213 876 3253 munere
925 3214 991 3255 ac
1039 3198 1333 3274 dignitate
1383 3204 1633 3260 ornatus
1682 3206 1776 3261 est
1833 3215 1944 3255 res.
1978 3198 2253 3256 Plurium
2285 3197 2728 3256 canonistarum
2752 3216 2932 3272 opera
2950 3197 3112 3273 typis

497 3280 722 3365 (1484)
742 3304 755 3342 z
777 3287 917 3359 post
934 3286 1165 3362 aliquot
1184 3306 1368 3347 annos
1392 3287 1616 3368 (1495)
1637 3310 1772 3366 pro·
1831 3286 2098 3350 tradidit,
2135 3290 2197 3345 et
2226 3288 2350 3362 ipse
2385 3287 2556 3362 plura
2577 3286 2929 3362 composuit,
2963 3305 3113 3361 quae

493 3377 692 3433 motus
725 3377 818 3433 est
847 3374 920 3432 ad
942 3395 1302 3450 pennensem
1321 3382 1381 3437 et
1400 3379 1774 3438 hadriensem
1830 3374 2198 3451 diligentiam
2219 3375 2459 3452 quidem
2475 3375 2755 3452 produnt,
2789 3376 2988 3434 minus
3019 3376 3114 3433 in-

493 3465 895 3540 episcopatum
940 3464 1239 3542 datusque
1286 3468 1590 3543 coadjutor
1628 3469 1774 3527 San·
1830 3465 1987 3540 genii
2025 3455 2428 3541 sagacitatem*
2454 3468 2515 3523 e't
2546 3464 3011 3541 profunditatem
3040 3461 3109 3544 2).

492 3553 708 3612 donnio
741 3553 1017 3629 episcopo
1050 3554 1272 3615 lucensi
1308 3575 1437 3616 cum
1474 3577 1576 3633 spe
1609 3559 1774 3616 sutu-
1829 3554 2126 3626 Epistolae
2169 3555 2475 3613 decretales
2508 3554 2778 3630 Greyorii
2809 3553 2920 3613 IX.
2972 3572 3111 3612 suae

412 3659 424 3671 ·
490 3662 593 3701 rae
644 3643 1050 3712 successionis,
1104 3664 1285 3720 quam
1332 3650 1532 3705 tamen
1576 3647 1773 3706 sedem
1829 3642 2166 3719 integritati
2195 3644 2513 3702 restitutae
2560 3660 2694 3701 cum
2729 3643 2887 3702 notis
2920 3661 2987 3702 ac
3018 3648 3111 3702 ta·

492 3732 756 3791 deserere
777 3735 1012 3791 coactus
1032 3739 1141 3804 est,
1176 3754 1305 3794 cum
1326 3736 1656 3795 Alexander
1676 3735 1772 3794 VI.
1830 3731 1973 3790 bula
1983 3733 2372 3790 concordante
2384 3732 2708 3791 decretales
2721 3750 2854 3791 cum
2867 3731 3110 3808 Decreto

491 3820 806 3880 Julianum
838 3821 991 3892 card.
1013 3823 1280 3882 Roboreo
1299 3824 1371 3883 ad
1389 3825 1554 3884 illius
1587 3825 1774 3885 admi-
1831 3817 1893 3900 (f.
1912 3816 2259 3901 Bononiae),
2289 3831 2486 3892 1472;
2517 3822 2714 3880 tabula
2730 3821 2912 3880 brevis
2931 3821 3108 3881 adfa-

490 3911 909 3970 nistrationem
971 3913 1339 3985 provexerit:
1421 3914 1660 3972 demum
1722 3934 1771 3972 a.
1829 3910 2375 3969 cileinveniendum
2410 3930 2609 3970 omnes
2629 3913 2829 3969 textus
2850 3913 2912 3969 et
2931 3911 3111 3969 etiam

497 4009 656 4062 1501
699 4000 873 4074 pleno
895 3999 1034 4072 jure
1075 4000 1266 4059 eidem
1298 4002 1418 4059 fuit
1447 4003 1773 4062 restitutus
1829 4017 2031 4058 omncs
2075 4000 2303 4075 glossas
2356 4000 2689 4076 singulares
2739 4000 2803 4058 in
2851 4002 3109 4074 utroque

494 4086 552 4158 (†
588 4100 644 4152 6.
682 4088 836 4162 Sept.
882 4085 1093 4170 1503).
1173 4090 1277 4148 Vir
1308 4091 1424 4149 fuit
1455 4092 1773 4151 admodum
1821 4089 1975 4164 jure,
1998 4089 2298 4148 Bononiae
2327 4099 2487 4152 1495
2514 4089 2578 4147 in
2597 4089 2668 4161 f.;
2703 4089 3110 4162 Repertorium

490 4178 765 4253 diligens,
801 4176 907 4250 qui
930 4179 1056 4253 apis
1076 4179 1267 4238 instar
1286 4181 1687 4241 solicitissime
1702 4201 1773 4241 ex
1829 4197 2068 4236 aureum
2104 4177 2167 4236 in
2199 4178 2467 4237 rubricas
2488 4178 2894 4248 decretalium,
2918 4178 3108 4236 Vene-

490 4267 692 4335 libris,
742 4283 891 4340 quos
940 4265 1265 4340 lectitabat,
1318 4270 1612 4346 quidquid
1659 4271 1774 4330 sibi

489 4356 640 4414 utile
670 4355 991 4427 videretur,
1040 4358 1384 4435 colligebat:
1433 4361 1570 4418 hinc
1615 4361 1774 4419 inter

489 4447 821 4504 canonistas
865 4446 956 4503 sui
1001 4449 1287 4525 temporis
1320 4450 1645 4525 plurimum
1678 4450 1771 4508 in-

489 4536 720 4604 claruit,
735 4537 1091 4612 summisque
1102 4538 1482 4613 pontificibus
1495 4540 1773 4598 Innocen-

1911 4410 1944 4473 ¹)
1974 4403 2058 4459 Cf.
2100 4402 2392 4457 Fabricius
2432 4410 2480 4467 2,
2524 4407 2628 4460 ,58
2668 4421 2736 4458 ss.
2783 4421 2912 4457 cum
2953 4402 3110 4456 addi-

1829 4474 2080 4528 tionibus
2134 4474 2344 4529 Mansi:
2396 4475 2630 4528 Schultc
2681 4480 2731 4539 2,
2781 4479 2916 4534 3503
2970 4475 3110 4528 Zeck

1833 4545 1940 4599 KL.
1971 4547 2034 4609 X,
2064 4551 2196 4604 1691
2220 4567 2231 4604 ς
2261 4545 2589 4600 Tiraboschi
2616 4546 2704 4598 Vl.
2725 4565 2781 4616 p.
2803 4553 2850 4603 1.
2872 4545 2910 4599 l.
2931 4552 3109 4603 ⁴2.c.5.

1828 4636 1883 4672 n.
1926 4622 1993 4674 16
2034 4635 2107 4678 s.;
2161 4617 2256 4671 Dr.
2299 4617 2520 4687 Hilling
2559 4618 2769 4671 Archiv
2815 4619 2908 4671 fiir
2951 4617 3108 4672 kath.

1828 4688 2239 4743 Kirchenrecht
2266 4689 2540 4742 LXXXIV
2569 4693 2768 4760 (1904),
2794 4693 3059 4746 94—106.

1905 4768 1943 4831 ²)
1973 4759 2055 4815 Cf.
2084 4761 2314 4815 Schulte
2343 4761 2414 4820 Il,
2441 4765 2573 4822 3453
2603 4760 2944 4831 praeprimis
2973 4763 3109 4814 Fan-

1830 4832 1976 4885 tuzzi
2004 4833 2071 4895 Il,
2097 4837 2374 4890 260-73;
2402 4832 2726 4886 Tiraboschi
2759 4832 2848 4888 Vl.
2866 4831 3107 4901 p.1.l.·2.

1829 4921 1873 4956 c.
1901 4908 1950 4959 4.
1979 4921 2036 4959 n.
2061 4909 2149 4960 40.

568 4767 602 4810 ἰ
631 4758 712 4813 Cf.
744 4759 940 4812 Pastor
967 4760 1089 4823 111³,
1118 4764 1417 4823 563-871,
1446 4759 1549 4827 qui
1569 4778 1624 4830 p.
1646 4765 1768 4816 909·

486 4837 591 4888 033
636 4831 861 4899 aliquot
903 4830 1154 4898 ejusdem
1202 4830 1471 4899 epistofas
1511 4831 1771 4891 exhibet;

488 4901 1163 4968 Hefele·Hergenroether
1198 4901 1319 4954 VIII
1348 4913 1375 4966 ξ
1401 4907 1505 4958 875
1532 4919 1602 4957 ss.
