3475 5364
534 354 653 406 735,
770 341 1137 393 1401—-14252
1167 337 1531 392 Sententiarii
1547 355 1612 392 ex
1631 342 1749 395 ord.
1773 341 2227 403 Carmelitarum,
2247 360 2287 396 s.
2312 347 2473 411 Aug„
2496 342 2763 397 Praed.et
2780 342 2915 396 Min.
3033 363 3151 413 7:56

529 524 802 580 Averrois
836 542 1014 600 snper
1044 525 1081 586 l.
1116 524 1452 585 Aristotelis
1485 529 1554 585 de
1581 530 1813 605 physico
1871 529 2197 588 sententias
2231 535 2292 587 et
2312 547 2492 603 super
2510 533 2698 587 totam
2722 529 3155 604 philosophiam

529 613 737 671 auditu
780 617 1070 686 expositor
1118 614 1500 684 clarissimuS,
1549 617 1813 676 Venetiis
1869 618 2122 693 scripsit.
2159 652 2238 661 —
2274 618 2593 677 Thomas
2644 617 2716 677 de
2750 637 2793 677 s.
2828 618 3155 676 Genesio

539 710 720 763 1492.
743 736 829 745 —-
848 703 934 760 Ex
959 703 1405 763 Carmelum-um
1429 707 1664 778 familia
1695 707 1809 765 etsi
1872 707 2279 766 Anconitanus
2328 705 2410 784 (fl.
2457 701 2662 788 1401).
2696 741 2784 749 —-
2815 707 2848 764 ,J
2869 726 3109 765 oanne
3128 725 3154 765 s

529 791 725 863 plures
760 792 872 849 viri
904 811 1040 850 sane
1060 793 1221 851 docti
1241 793 1348 852 hac
1379 795 1559 854 etiam
1591 797 1813 872 epocha
1867 796 2105 855 Bloch
2155 797 2449 855 Bohemus
2497 799 2667 854 tanta
2714 814 2777 853 se
2823 797 3157 854 constantia

529 881 875 951 floruerunt,
909 883 1137 940 nullius
1176 885 1376 941 tamen
1409 885 1812 943 commentarii
1867 886 2142 960 opposuit
2174 885 2410 943 Husitis
2442 903 2769 960 eorumque
2803 904 3027 944 errores
3047 886 3154 941 im-

529 969 789 1028 stadium
831 972 1218 1048 manuscripti
1264 976 1642 1047 superarunt.
1706 974 1810 1032 Si·
1869 974 2180 1051 pugnavit,
2229 980 2299 1032 ut
2342 974 2403 1032 hi
2448 975 2512 1032 in
2558 973 2816 1032 furorem
2869 974 2984 1033 acti
3032 979 3153 1031 Au-

528 1078 693 1117 mon
755 1063 900 1117 Arn
919 1061 1165 1136 wylen
1243 1061 1316 1119 ab
1392 1063 1541 1121 urbe
1617 1064 1813 1139 patria
1867 1063 2351 1140 gustinianorum
2401 1062 2827 1121 monasterium
2906 1063 3156 1120 flammis

530 1147 820 1224 Spirensis
870 1149 1080 1218 dictus,
1132 1150 1366 1209 Parisiis
1416 1152 1604 1211 lector
1633 1152 1809 1210 bibli·
1868 1153 2221 1211 tradiderint
2269 1147 2351 1232 (fl.
2412 1148 2623 1231 1420).
2675 1186 2761 1195 —-
2812 1152 2847 1210 J
2867 1170 2900 1210 o
2919 1170 3153 1210 annes

529 1255 631 1296 cus
676 1241 820 1307 erat,
869 1238 1143 1298 Coloniae
1191 1258 1401 1316 regens
1452 1242 1808 1311 studiorum,
1867 1241 1939 1299 de
1987 1241 2292 1300 Viliaco
2330 1241 2417 1318 (fl.
2462 1239 2672 1320 1421).
2708 1275 2790 1283 ——
2828 1241 2909 1298 Ex
2956 1242 3155 1298 ordine

528 1346 685 1385 unus
720 1345 787 1384 ex
821 1327 961 1395 illis,
997 1329 1101 1403 qui
1149 1329 1391 1387 initium
1432 1331 1811 1389 universitati
1868 1330 2345 1389 Praedia-acorum
2441 1330 2829 1388 nominantur
2937 1329 3153 1387 Sanc-

529 1416 852 1475 coloniensi
895 1416 1168 1476 dederint
1214 1416 1274 1497 (†
1327 1430 1377 1481 7.
1424 1420 1559 1478 Jan.
1602 1417 1809 1498 1403).

531 1505 872 1581 Disputavit
902 1510 962 1564 et
993 1510 1198 1565 contra
1229 1507 1490 1568 Judaeos
1521 1513 1582 1567 et
1602 1510 1811 1585 postil-

528 1595 616 1652 las
649 1595 862 1670 adjecit
901 1596 1166 1670 epistolis
1213 1598 1266 1655 d.
1317 1597 1497 1656 Pauli.
1545 1631 1632 1642 —-
1665 1600 1811 1673 Ejus

530 1684 745 1741 sodalis
795 1683 1113 1743 Joannes
1161 1687 1602 1746 Brammaert
1641 1685 1810 1768 (Bra-

530 1772 802 1850 martius)
837 1774 1249 1851 Aquisgranen
1258 1776 1336 1833 sis
1353 1776 1703 1835 Germaniae
1719 1778 1809 1834 in-

528 1862 756 1922 ferioris
769 1863 1137 1938 praepositus
1149 1864 1529 1939 provincialis
1545 1861 1606 1947 (†
1618 1879 1637 1928 1
1656 1877 1687 1928 4
1699 1878 1733 1928 0
1746 1860 1810 1947 8)

528 1950 647 2009 fuit
676 1952 897 2027 pariter
927 1952 1085 2011 inter
1103 1954 1322 2029 primos
1355 1954 1682 2013 academiae
1718 1973 1813 2012 co-

528 2040 809 2099 loniensis
895 2042 1230 2117 magistros.
1311 2077 1394 2086 --
1472 2043 1510 2100 J
1527 2062 1717 2102 oann
1739 2062 1814 2101 es

530 2129 601 2186 W
616 2149 646 2186 r
662 2149 696 2188 o
711 2134 737 2187 t
752 2129 788 2187 h
805 2150 840 2188 a
854 2150 910 2187 m
945 2129 1368 2212 (Wrotharius)
1404 2132 1811 2203 Londinensis,

529 2218 857 2294 theologiae
887 2220 1181 2294 professor
1205 2224 1266 2278 et
1292 2221 1628 2297 provinciae
1643 2241 1813 2297 prae-

529 2308 755 2382 positus
821 2305 883 2390 (†
949 2317 1046 2371 20.
1097 2309 1263 2371 Febr.
1325 2308 1515 2388 1407)
1579 2311 1817 2387 scripsit

530 2402 834 2471 praeterea
879 2397 940 2455 in
985 2399 1188 2473 plures
1221 2418 1265 2461 s,
1299 2400 1639 2474 Scripturae
1685 2407 1812 2458 tex·

528 2490 627 2544 tus
659 2490 720 2544 et
749 2487 812 2543 in
844 2487 1084 2546 Cantica
1116 2489 1481 2547 canticorum
1516 2507 1813 2547 commen-

529 2575 697 2633 taria.
775 2608 862 2618 -—-
939 2577 1363 2635 Gualterus
1441 2597 1508 2635 ex
1565 2578 1814 2636 ·Disso

530 2660 590 2743 (†
627 2673 725 2727 21.
759 2663 893 2724 Jan.
939 2659 1128 2746 1404)
1174 2685 1490 2743 aggressus
1536 2671 1626 2725 est
1657 2667 1811 2725 wic-

528 2754 718 2813 lefitas
751 2756 811 2812 et
841 2753 1166 2824 Lollardos‚
1201 2761 1261 2813 et
1280 2756 1611 2815 occassione
1631 2758 1814 2815 schis-

530 2845 705 2902 matis
735 2844 1013 2918 epistolas
1060 2845 1223 2902 dedit
1270 2846 1343 2904 ad
1379 2845 1681 2903 Urbanum
1716 2845 1811 2904 VI.

528 2937 591 2989 et
651 2933 1022 2991 Bonifacium
1075 2932 1184 2993 IX..
1241 2954 1275 2993 a
1322 2934 1541 3009 quibus
1592 2935 1813 2993 missus

529 3024 656 3079 erat
686 3020 920 3098 legatus
965 3043 999 3079 a
1045 3022 1228 3082 latere
1273 3024 1346 3081 ad
1386 3042 1571 3099 regna
1602 3024 1809 3100 Hispa·

531 3110 762 3168 uiarum
793 3113 854 3169 et
883 3111 944 3168 in
978 3111 1124 3169 alias
1157 3113 1446 3189 regiones,
1481 3116 1552 3170 ut
1581 3114 1811 3188 praedi-

529 3204 691 3257 caret
736 3199 955 3258 bellum
1005 3218 1239 3259 sacrum
1288 3206 1494 3260 contra
1544 3202 1812 3261 infideles

528 3292 590 3348 et
649 3289 975 3347 haereticos
1027 3293 1134 3347 etc.
1187 3324 1274 3333 —-
1319 3291 1812 3349 Bertrandus

528 3379 942 3436 Fizalanus
979 3378 1042 3460 (i.
1075 3398 1121 3437 e.
1156 3379 1317 3439 filius
1349 3376 1556 3463 Alani)
1580 3380 1812 3440 Lincol-

527 3468 753 3526 niensis
787 3462 849 3548 (†
890 3478 984 3531 17.
1017 3469 1187 3527 Mart.
1234 3466 1444 3549 1424).
1476 3502 1563 3513 —-
1595 3470 1811 3529 Caro-

528 3558 649 3616 lus
698 3558 769 3615 de
817 3558 1176 3627 Bononia,
1225 3559 1446 3617 ibidem
1477 3559 1811 3635 theologiae

528 3647 713 3706 lector
757 3643 836 3729 (fl.
882 3645 1085 3723 1416).
1131 3681 1214 3690 --
1249 3649 1693 3708 Dominicus
1741 3648 1812 3706 de

528 3736 889 3795 Cremona
933 3737 1117 3795 lector
1159 3737 1416 3795 biblicus
1461 3743 1522 3795 et
1575 3740 1810 3795 senten-

527 3826 735 3884 tiarius
769 3825 1024 3893 Tolosae,
1064 3826 1376 3902 episcopus
1414 3826 1716 3885 sithiensis
1749 3827 1811 3884 in

528 3916 700 3974 Creta
760 3914 975 3985 insula,
1052 3916 1377 3973 translatus
1444 3913 1671 3995 (1399)
1737 3916 1809 3973 ad

528 4003 1094 4080 miloposaniensem.
1128 4037 1214 4047 —
1247 4006 1422 4079 Hugo
1460 4005 1810 4063 l'arisiensis

529 4090 608 4173 (fl.
643 4089 1404 4167 c.142()).—-Joannes
1438 4094 1509 4151 de
1545 4094 1810 4169 Campo

527 4185 737 4258 longo
771 4181 1264 4254 Perpinianensis,
1297 4184 1606 4258 episcopus
1641 4202 1806 4241 usse·

527 4272 703 4331 lensis
737 4272 798 4328 in
832 4270 1104 4329 Sardinia
1137 4268 1266 4352 (14.
1299 4272 1464 4330 Mart.
1490 4270 1699 4348 1421).
1725 4306 1808 4314 —-

527 4360 900 4419 Nicolaus
945 4360 1016 4418 de
1051 4360 1457 4429 Rivoforti‚
1505 4362 1610 4437 qui
1644 4361 1808 4419 vide-

525 4453 625 4508 tur
649 4450 830 4508 fuisse
851 4451 1040 4525 patria
1062 4450 1281 4512 Gallus,
1314 4485 1400 4494 —
1423 4451 1506 4509 Ex
1540 4453 1743 4509 ordine
1763 4470 1807 4509 8.

1870 1420 2030 1478 tius
2064 1420 2350 1478 Muller
2380 1416 2690 1498 (Mulierii)
2724 1419 2949 1486 Gallus,
3004 1420 3152 1476 occi·

1868 1514 2063 1576 tanne,
2098 1508 2429 1568 academiae
2461 1509 2762 1566 tolosanae
2795 1507 3077 1584 magister
3095 1518 3156 1565 et

1870 1598 2099 1657 scholae
2133 1616 2177 1656 s.
2213 1597 2498 1673 Stephani
2513 1615 2741 1673 regens,
2775 1601 2912 1673 post
2930 1597 3151 1671 episco-

1869 1705 1982 1762 pus
2015 1687 2393 1754 oleronensis.
2442 1686 2545 1760 qni
2598 1685 2843 1744 concilio
2877 1691 3152 1744 constan-

1870 1776 2049 1834 tiensi
2083 1776 2358 1833 interfuit
2392 1772 2452 1842 (†
2485 1795 2540 1849 p.
2576 1795 2625 1833 a.
2668 1772 2875 1854 1416).
2913 1807 2996 1817 -
3030 1775 3152 1832 Be-

1869 1865 2232 1923 nedictus
2265 1863 2792 1940 Crinigandus
2826 1866 3151 1940 AragonuS,

1870 1953 2071 2012 doctor
2100 1953 2446 2030 parisiensis
2481 1951 2562 2033 (fi.
2607 1949 2817 2030 1420).

1963 2141 2106 2194 370.
2143 2131 2225 2188 Ex
2259 2132 2555 2189 Minorum
2590 2131 2810 2189 familia
2836 2130 3036 2189 nullus
3060 2149 3153 2188 oc·

1871 2221 2076 2288 currit,
2124 2221 2297 2296 cujus
2359 2220 2766 2278 commentarii
2842 2220 3007 2295 typis
3083 2219 3155 2277 ad

1871 2313 2137 2384 posteros
2168 2310 2395 2368 fuerint
2426 2309 2771 2366 transmissi.
2808 2307 3000 2376 Quare
3031 2309 3156 2366 suf-

1871 2398 2030 2457 ficiet
2059 2399 2291 2473 aliquos
2311 2417 2683 2462 memorasse,
2717 2399 3079 2472 quorumlal
3093 2417 3154 2456 o-

1871 2505 1963 2545 res
1980 2489 2192 2546 saltem
2210 2487 2598 2562 manuscripti
2616 2487 2953 2545 laudantur.
2987 2488 3035 2544 G
3052 2507 3092 2544 u
3107 2487 3154 2544 i-

1870 2576 2147 2635 lelmus
2195 2577 2625 2635 Centuaria
2674 2573 2975 2651 (corrupte
3010 2577 3154 2634 Can-

1872 2663 2114 2747 maria),
2150 2666 2243 2725 vir
2276 2686 2520 2743 magnae
2544 2665 2826 2725 scientiae
2859 2672 2921 2724 et
2952 2664 3153 2736 famae,

1870 2756 2181 2831 episcopus
2215 2756 2473 2830 primum
2506 2755 2880 2831 placentinus
2896 2773 2943 2811 a.
2970 2764 3154 2823 1383,

1870 2845 2007 2903 dein
2067 2855 2232 2908 1386
2283 2844 2575 2920 papiensis
2619 2842 2680 2924 (†
2730 2838 2936 2925 1402),
2986 2845 3156 2919 cujus

1870 2938 2059 2992 exstat
2090 2933 2269 2991 etiam
2296 2932 2610 3014 (ineditus)
2633 2941 2705 2991 tr.
2728 2932 2801 2992 de
2822 2933 3157 2992 monarchia

1871 3024 2093 3085 mundi.
2171 3057 2258 3066 —
2336 3023 2619 3081 Petrus
2698 3021 2771 3080 de
2848 3021 3151 3085 Candia.

1870 3112 2002 3170 Phi
2024 3114 2322 3170 laretus
2357 3108 2709 3191 (secundum
2742 3111 2894 3169 alios
2927 3111 3153 3169 Philar-

1868 3198 2009 3279 gus)
2072 3202 2537 3275 cognominatae,
2602 3201 2794 3275 patria
2840 3200 3151 3268 Cretensis,

1868 3291 2112 3349 Parisiis
2147 3291 2364 3349 studiis
2397 3309 2635 3365 operam
2668 3290 2833 3347 dedit
2863 3293 2923 3347 et
2954 3290 3155 3347 laurea

1868 3380 2195 3456 insignitus
2246 3379 2646 3438 Mediolanum
2695 3379 2878 3443 venit,
2926 3377 3033 3435 ubi
3080 3380 3154 3437 ob

1869 3470 2154 3528 virtutem
2186 3473 2248 3526 et
2278 3468 2654 3543 prudentiam
2697 3467 3020 3543 plurimum
3054 3487 3152 3526 va-

1869 3559 1984 3617 luit
2004 3558 2160 3633 apud
2180 3557 2218 3616 J
2222 3577 2349 3616 oan.
2372 3557 2703 3616 Galeatium
2733 3557 3151 3621 vicecomitem,

1869 3647 1973 3721 qui
2000 3660 2074 3705 'eo
2107 3644 2444 3706 consiliario
2478 3652 2567 3705 est
2598 3664 2767 3716 usus,
2802 3650 2863 3703 et
2895 3647 3152 3704 moriens

1868 3756 2002 3795 eum
2037 3737 2353 3796 constituit
2384 3736 2643 3795 filiorum
2674 3741 2948 3792 tutorem.
3016 3737 3152 3793 Pro-

1868 3829 2066 3884 motus
2110 3830 2204 3884 est
2248 3825 2454 3884 ordine
2499 3826 2570 3883 ad
2613 3823 2990 3899 episcopatus
3028 3825 3153 3882 Pla-

1868 3915 2113 3983 centiae,
2148 3914 2470 3981 Vicentiae,
2508 3913 2827 3972 Novariae:
2879 3932 3009 3972 mox
3050 3933 3152 3988 pa·

1867 4005 2124 4063 triarcha
2155 4004 2482 4080 gradensis,
2507 4002 2745 4061 tandem
2766 4000 3153 4079 archiepisco-

1867 4113 1978 4169 pus
2010 4093 2464 4152 mediolanensis
2497 4092 2742 4150 effectus
2774 4096 2897 4158 est3
2949 4092 3022 4151 ab
3053 4091 3152 4148 In-

1868 4184 2140 4242 nocentio
2174 4182 2299 4240 v11.
2335 4184 2569 4239 creatus
2601 4179 2919 4239 cardinalis
2963 4186 3025 4241 et
3069 4181 3151 4239 le-

1867 4275 2042 4349 gatus
2089 4292 2123 4330 a
2167 4273 2356 4330 latere
2407 4270 2480 4329 ad
2514 4269 2812 4339 Insubres,
2848 4269 3151 4348 Liguriam

1866 4362 2130 4435 aliasque
2178 4361 2461 4437 regiones.
2528 4358 2598 4417 In
2650 4359 2894 4418 concilio
2945 4361 3150 4435 pisano

1867 4451 1938 4508 ad
1955 4450 2425 4526 componendum
2441 4449 2698 4508 schisma
2712 4457 2810 4510 26.
2824 4448 2964 4508 Jun.
2987 4459 3148 4512 1409

526 4541 839 4615 Auyustim'
900 4558 1020 4597 non
1081 4539 1301 4598 desunt
1351 4541 1640 4617 magistri,
1703 4541 1809 4615 qui
1866 4541 2131 4598 omnium
2194 4539 2491 4615 suffragiis
2553 4538 2720 4597 nullo
2798 4541 3153 4597 reclamante

526 4629 725 4688 studia
757 4648 865 4687 sua
897 4629 1085 4688 literis
1132 4629 1556 4705 consignarint,
1607 4629 1709 4687 sed
1744 4648 1810 4687 ea
1866 4630 2088 4686 electus
2139 4632 2231 4687 est
2281 4630 2543 4704 pontifex
2608 4631 2668 4685 et
2716 4627 3035 4686 Alexandri
3090 4626 3149 4683 V.

523 4719 684 4796 typis
746 4738 864 4778 non
918 4719 1280 4794 prodierunt.
1345 4719 1675 4776 Facinus
1739 4718 1809 4776 de
1866 4737 2077 4776 nomen
2132 4718 2244 4776 sibi
2292 4717 2647 4776 vindicavit:
2700 4735 2819 4791 qua
2867 4716 3149 4775 electione

525 4810 701 4867 Aste
732 4805 1051 4888 (Astensis)
1088 4808 1374 4884 magister
1397 4808 1808 4865 universitatis
1866 4807 2118 4866 schisma
2167 4809 2367 4882 potius
2418 4812 2512 4865 est
2543 4811 2816 4865 auctum:
2870 4805 2972 4864 sed
3004 4805 3152 4863 obiit

526 4898 863 4974 parisiensis
927 4896 1215 4972 duplicem
1280 4895 1563 4955 lecturam
1627 4915 1811 4972 super
1856 4898 1981 4970 jam
2014 4917 2061 4954 a.
2098 4897 2373 4971 sequenti
2412 4907 2465 4959 3.
2504 4896 2631 4970 Maj.
2676 4903 2856 4958 1410.
2906 4896 2986 4953 Ex
3021 4894 3150 4969 ejus
