3475 5364
522 356 677 410 1451
754 344 1126 397 1541--1563,
1154 339 1350 395 Theol.
1376 340 1654 409 polemica
1677 340 1739 393 in
1765 338 1962 409 Belgio
1984 341 2043 393 et
2061 338 2264 395 Gallia.
2286 338 2528 408 Tapper,
2550 339 2890 405 Lethmath.‚
2962 357 3036 409 14
3049 356 3134 409 52

515 543 673 584 reses
707 528 767 583 et
785 527 974 584 sectas
993 528 1053 583 et
1073 526 1386 601 praecipue
1414 526 1791 584 lutheranam
1846 525 2214 583 concorditer
2244 542 2375 582 cum
2406 523 2498 583 Jo.
2532 523 2707 583 Leon.
2760 524 2834 582 ab
2866 524 3130 593 Hasselt,

513 615 576 673 ll.
612 624 682 685 93
734 615 999 690 ejusdem
1050 616 1120 672 de
1150 615 1307 673 verbi
1340 615 1447 673 Dei
1496 618 1700 673 virtute
1731 619 1792 673 et
1846 614 1935 671 Fr.
1984 614 2204 672 Sonnio
2250 616 2312 671 et
2342 612 2475 672 Jod.
2509 633 2546 671 a
2575 613 2891 672 Ravestein
2938 613 3134 672 edidit

514 703 808 762 Ecclesiae
852 703 1244 779 insuperabili
1294 705 1563 778 potentia
1613 704 1673 765 ll.
1733 715 1788 773 5,
1846 706 1907 761 et
1937 703 2226 773 exhibuit,
2291 702 2472 760 habes
2521 702 2680 777 apud
2731 703 2809 761 Le
2862 702 2995 760 Plat
3024 704 3130 771 IV,

514 792 591 850 ib.
633 803 830 861 1560;
881 794 950 850 de
984 795 1329 867 praecipuis
1370 795 1792 851 incarnationis
1850 800 2215 855 279—301.
2248 792 2442 850 Aliam
2475 791 2668 866 ipsius
2702 791 3127 850 resolutionem

515 883 743 939 divinae
772 888 1109 962 nostraeque
1137 883 1544 955 redemptionis
1584 889 1790 957 myste·
1845 880 1918 939 ad
1950 881 2259 939 materiam
2289 881 2359 938 de
2389 882 2784 955 satisfactione
2835 881 3012 938 habes
3043 882 3125 938 ib.

514 973 625 1029 riis
656 971 1031 1029 homiliarum
1063 971 1125 1029 ll.
1164 981 1219 1040 3,
1252 972 1542 1041 ib.1537;
1575 973 1643 1029 de
1674 979 1792 1029 octo
1844 989 1900 1045 p.
1957 979 2292 1037 311—21;
2355 969 2423 1026 de
2466 970 2750 1043 sacrificio
2813 971 3020 1027 missae
3069 989 3129 1045 p.

514 1060 955 1118 beatitudinibus
999 1078 1171 1118 serm.
1224 1070 1322 1130 14,
1356 1061 1432 1118 ib.
1474 1069 1672 1130 15563
1724 1062 1792 1118 de
1850 1069 2171 1122 337—50.
2236 1058 2495 1116 Tandem
2526 1059 2752 1128 aetatiS,
2787 1058 3027 1134 pietatis
3059 1077 3134 1117 ac

514 1149 796 1222 baptismo
818 1149 1224 1224 parvulorum,
1275 1149 1348 1208 de
1380 1150 1651 1208 barbaris
1683 1170 1792 1208 na·
1847 1148 2171 1223 sapientiae
2232 1147 2540 1224 fastigium
2613 1151 2924 1206 assecutus
2985 1165 3129 1206 vere

512 1238 779 1297 tionibus
814 1239 1224 1296 convertendis
1247 1239 1318 1296 ad
1339 1239 1639 1297 Christum
1660 1243 1788 1309 etc.‚
1846 1237 2075 1295 Christo
2109 1239 2288 1311 atque
2319 1236 2610 1295 Ecclesiae
2642 1236 3001 1294 immortuus
3033 1242 3127 1294 est

511 1327 588 1385 ib.
629 1337 815 1390 1559.
1850 1335 1904 1386 2.
1954 1327 2122 1385 Mart.
2177 1336 2342 1387 1559
2392 1345 2439 1383 a.
2489 1325 2701 1384 aetatis
2739 1335 2808 1387 ’71
2851 1326 3130 1400 pauperi·

1845 1415 1958 1474 bus
2007 1415 2272 1474 omnium
2322 1414 2614 1472 bonorum
2667 1432 2910 1472 suorum
2959 1413 3126 1472 here-

608 1514 747 1568 666.
780 1505 903 1563 Hos
964 1523 1167 1563 omnes
1226 1510 1427 1564 tamen
1488 1506 1792 1565 doctrinae
1846 1504 2021 1563 dibus
2052 1504 2373 1562 institutis.
2407 1503 2675 1578 Reliquit
2693 1504 3132 1576 Explicationes

512 1593 814 1653 soliditate
875 1594 1025 1652 forte
1073 1595 1385 1670 praecellit
1432 1595 1789 1654 Ruardus
1845 1594 1909 1652 in
1943 1594 2227 1652 articulos
2260 1594 2416 1652 circa
2435 1591 2826 1651 ecclesiastica
2843 1592 3126 1669 dogmata

511 1683 711 1759 Tapp
731 1701 808 1740 er
867 1682 1274 1753 Enchusanus,
1338 1685 1616 1754 Batavus,
1682 1684 1788 1759 qui
1844 1682 1954 1742 hoc
1984 1683 2182 1742 seculo
2215 1687 2612 1751 controversa,
2643 1680 2889 1740 Lovanii
2928 1691 3127 1745 1555-

511 1772 756 1831 Lovanii
791 1790 924 1831 cum
942 1772 1365 1848 philosophicis
1397 1776 1528 1831 tum
1558 1774 1786 1832 theolo-
1850 1780 1925 1834 57
1962 1775 2005 1830 t.
2043 1780 2076 1833 2
2112 1772 2176 1829 in
2208 1772 2244 1828 f.
2309 1770 2403 1829 Tr.
2454 1772 2583 1845 ejus
2627 1771 2699 1829 de
2750 1770 3127 1845 providentia

511 1862 659 1939 gicis
682 1860 895 1919 studiis
915 1861 1136 1936 optime
1169 1862 1486 1920 institutus
1504 1863 1792 1938 magister
1850 1861 1950 1918 Dei
2000 1864 2062 1919 et
2110 1859 2650 1936 praedestinatione
2694 1863 2938 1935 propter
2981 1860 3124 1918 cha·

512 1951 751 2020 artium,
783 1950 923 2008 dein
954 1950 1280 2027 theologiae
1294 1950 1499 2011 doctor
1518 1954 1611 2009 est
1629 1970 1789 2010 crea·
1844 1952 2138 2008 racterum
2167 1949 2493 2008 ruditatem
2527 1967 2595 2006 ac
2626 1949 2939 2008 literarum
2972 1967 3128 2008 com-

510 2043 610 2099 tus
655 2049 745 2100 14.
766 2041 917 2115 Aug.
947 2048 1130 2102 1519.
1164 2040 1487 2115 collegium
1522 2058 1566 2098 S.
1601 2041 1787 2116 Spiri-
1841 2038 2058 2114 pendia
2090 2039 2206 2115 legi
2239 2059 2274 2097 a
2304 2038 2555 2107 nemine,
2589 2036 2722 2096 ideo
2753 2055 2861 2096 nec
2893 2037 2987 2095 edi
3018 2056 3128 2113 po·-

510 2132 610 2187 tus
626 2128 1020 2204 theologicum
1041 2146 1279 2204 praeses
1296 2130 1465 2199 rexit,
1485 2129 1789 2188 ecclesiam
1844 2128 1979 2185 tuit.
2049 2128 2350 2186 Orationes
2411 2127 2745 2204 theoloyicae
2803 2145 2927 2185 una
2988 2144 3124 2185 cum

510 2217 909 2277 cathedralem
952 2217 1314 2276 leodiensem
1353 2219 1669 2277 canonicus
1715 2219 1789 2276 il-
1843 2217 2149 2276 corollario
2181 2216 2253 2274 de
2300 2216 2455 2274 veris
2500 2216 2905 2274 calamitatum
2936 2215 3125 2291 Belgii

510 2307 807 2375 lustravit,
843 2305 1100 2364 scholam
1131 2307 1524 2384 theologicam
1556 2326 1696 2366 voce
1729 2311 1790 2366 et
1843 2306 2038 2364 causis
2070 2310 2251 2382 atque
2281 2305 2558 2364 remediis
2579 2304 2934 2379 prodierunt
2954 2304 3125 2363 Colo-

510 2396 649 2454 stilo
665 2415 714 2453 a.
736 2404 835 2464 39,
867 2394 1141 2471 Belgium
1170 2396 1492 2472 inquisitor
1519 2396 1654 2454 fidei
1684 2397 1788 2455 ad·
1843 2394 1974 2453 niae
2016 2404 2210 2464 15773
2241 2412 2418 2468 opera
2449 2396 2661 2464 omnia,
2698 2394 2774 2451 ib.
2816 2403 2999 2457 1582.
3039 2426 3126 2437 --

508 2502 716 2546 versus
767 2488 1030 2543 recentes
1076 2486 1343 2543 haereses
1386 2485 1790 2561 praemunivit
1846 2483 2112 2559 Denique
2130 2479 2173 2564 ¹)
2221 2483 2637 2541 memorandus
2681 2487 2775 2541 est
2809 2483 3123 2541 Hermas

510 2573 790 2633 novitatis
822 2574 1011 2631 omnis
1044 2592 1193 2632 osor.
1255 2574 1385 2648 Ipse
1418 2576 1599 2633 etiam
1629 2575 1789 2633 inter
1842 2572 2357 2631 Lethmathius
2388 2571 2534 2630 alias
2567 2573 2946 2631 Hermannus
2964 2572 3123 2630 Gau-

510 2664 732 2739 primos
765 2662 899 2733 fuit,
951 2662 1045 2720 cui
1094 2681 1282 2722 novae
1315 2664 1445 2738 Baji
1478 2664 1787 2740 opiniones
1843 2662 2050 2731 danus,
2084 2662 2380 2722 Sorbonae
2413 2661 2616 2721 doctor
2646 2661 2985 2736 primariuS,
3020 2660 3121 2720 de-

508 2771 780 2829 novaque
813 2752 1163 2827 disputandi
1200 2754 1515 2811 methodus
1549 2754 1789 2813 minime
1843 2769 2025 2810 canus
2075 2752 2148 2809 ad
2198 2770 2240 2810 s.
2293 2751 2533 2809 Mariam
2583 2750 2910 2826 Ultrajecti,
2963 2750 3122 2809 card.

508 2842 852 2901 arriserunt.
914 2841 1088 2899 Hunc
1137 2842 1381 2900 Carolus
1430 2843 1492 2900 V.
1544 2848 1604 2900 et
1650 2843 1790 2901 Phi-
1845 2841 1999 2898 Guil.
2033 2841 2411 2900 Enckevortii
2460 2840 2625 2898 illius
2671 2840 2826 2898 sedis
2859 2840 3121 2916 episcopi

507 2932 709 3007 lippus
760 2930 836 2992 ΙΙ.
897 2929 971 2988 ob
1021 2949 1254 3010 morum
1306 2932 1679 2990 sanctitatem
1729 2936 1789 2990 et
1846 2930 2100 2988 vicarius
2133 2931 2441 3006 generalis,
2493 2929 2586 2987 vir
2630 2929 2954 3006 singularis
2985 2929 3123 2987 doc·

507 3019 810 3079 doctrinae
829 3019 1250 3094 praestantiam
1265 3015 1311 3100 ¹)
1347 3038 1546 3078 carum
1566 3020 1785 3079 habuc·
1844 3019 2052 3087 trinae,
2105 3020 2347 3094 pietatis
2398 3037 2465 3077 ac
2509 3036 2741 3076 morum
2786 3018 3119 3095 gravitatiS,

508 3111 652 3167 runt
701 3109 831 3182 ejus
881 3110 1118 3166 utentes
1170 3109 1425 3167 consilio.
1489 3108 1654 3168 Vixit
1686 3110 1787 3169 ille
1842 3107 1914 3164 ab
1930 3107 2170 3167 Erasmo
2190 3109 2370 3166 etiam
2389 3107 2782 3177 collaudatuS,
2816 3107 3032 3166 cumde
3053 3124 3126 3165 eo

506 3216 625 3256 non
642 3197 762 3255 suis
776 3197 1116 3266 commodis,
1139 3198 1236 3255 sed
1250 3198 1538 3257 Ecclesiae
1551 3199 1784 3269 Christi,
1843 3196 2104 3254 scribatl.
2117 3197 2293 3256 XVII.
2307 3217 2400 3272 ep.
2417 3206 2472 3258 6:
2491 3235 2518 3264 ,
2536 3196 2698 3253 Nihil
2718 3195 3122 3264 conciliorum,

507 3287 677 3362 cujus
740 3286 975 3345 nomine
1029 3286 1329 3345 continuis
1377 3307 1437 3346 se
1483 3288 1786 3347 laboribus
1841 3285 1991 3343 nihil
2023 3286 2422 3355 historiarum,
2471 3285 2621 3342 nihil
2649 3290 2919 3345 veterum
2953 3284 3121 3343 theo—

506 3375 781 3444 confecit,
861 3375 1153 3435 malorum
1230 3377 1381 3434 odiis
1460 3378 1785 3452 multisque
1841 3375 2110 3451 logorum
2142 3392 2263 3434 non
2282 3374 2557 3443 excussit,
2580 3378 2759 3449 atque
2781 3376 2923 3433 adeo
2943 3374 3123 3432 habet

506 3464 782 3540 periculis
846 3465 1136 3540 exposuit,
1202 3466 1465 3541 seipsum
1527 3467 1785 3541 denique
1840 3464 1900 3521 in
1962 3469 2274 3539 promptu;
2325 3464 2634 3541 ingenium
2685 3464 2853 3521 velox
2903 3466 2964 3521 et
3024 3482 3118 3520 ra-

506 3555 664 3614 curis
697 3557 757 3612 et
785 3554 1073 3612 molestiis
1119 3555 1404 3614 exhausit.
1467 3556 1672 3614 Latere
1706 3556 1785 3613 si·
1840 3552 2061 3628 pidum,
2110 3553 2372 3612 discendi
2422 3552 2675 3611 aviditas
2724 3552 3116 3628 inexplebilis,

506 3645 744 3718 quidem
810 3663 929 3702 non
978 3644 1196 3718 potuit,
1251 3647 1783 3720 quantumcunque
1831 3641 2127 3717 judicium
2158 3662 2432 3717 praesens
2464 3644 2526 3699 et
2557 3641 2940 3716 expeditum‘
2966 3637 3028 3722 (†
3062 3651 3118 3703 6.

506 3732 827 3810 dignitates
888 3733 1192 3808 refugerit.
1269 3733 1484 3791 Mariae
1543 3735 1784 3808 reginae
1841 3731 1968 3788 Dec.
2010 3728 2223 3810 1555).
2257 3731 2599 3806 Disputavit
2628 3732 2696 3788 de
2726 3731 3120 3788 instauranda

503 3824 781 3881 mandato
829 3821 1177 3880 Tridentum
1235 3841 1297 3879 se
1348 3824 1625 3893 contulit,
1678 3823 1783 3881 ubi
1839 3821 2110 3897 reliyione
2170 3823 2228 3879 ll.
2295 3820 2428 3895 IX„
2492 3821 2614 3878 scil.
2677 3820 2749 3877 de
2811 3818 3117 3895 religione,

504 3912 817 3970 concilium
861 3929 981 3968 non
1027 3911 1199 3969 modo
1233 3912 1553 3981 exornavit,
1589 3912 1689 3970 sed
1723 3915 1782 3970 et
1839 3908 1908 3966 de
1960 3909 2379 3978 desertoribus,
2432 3910 2503 3968 de
2557 3908 2992 3977 vacillantibus,
3047 3907 3121 3965 de

504 4003 746 4058 strenue
793 4000 1104 4074 promovit.
1171 4000 1537 4058 Sententiam
1583 4006 1643 4059 et
1680 4002 1781 4076 ju-
1838 4001 2047 4057 exortu
2080 4003 2141 4056 et
2186 3999 2407 4057 illustri
2450 4016 2768 4075 progressu
2802 3997 3117 4065 Ecclesiae,

502 4089 724 4147 dicium
758 4106 938 4163 super
982 4088 1246 4147 articulis
1292 4090 1361 4146 de
1404 4093 1783 4149 sacramentis
1838 4087 1907 4145 de
1940 4088 2327 4147 ecclesiastica
2357 4088 2663 4158 varietate,
2707 4088 2779 4145 de
2811 4086 3116 4145 ecclesias-

492 4179 877 4251 poenitentiae
908 4184 957 4234 et
978 4185 1263 4235 extremae
1282 4181 1584 4253 unctionis,
1621 4179 1782 4254 quod
1837 4176 1954 4234 tica
1961 4177 2116 4250 juris
2133 4177 2664 4246 administratione,
2677 4176 3119 4234 deauctoritate

1839 4266 2293 4340 Scripturarum‚
2342 4267 2415 4325 de
2448 4285 2523 4328 ss,
2574 4266 2810 4334 ritibus,
2846 4265 3119 4324 Basileae

1846 4364 2007 4416 1544
2043 4355 2106 4414 in
2137 4356 2175 4413 f.

582 4406 617 4460 ¹)
647 4402 729 4456 Cf.
775 4403 1039 4470 Foppens
1080 4402 1455 4474 11,1084.1n
1498 4403 1534 4457 l.
1576 4419 1670 4455 cui
1694 4420 1779 4456 in

500 4473 736 4543 scriptio
766 4473 1071 4526 Academia
1117 4446 1461 4527 lovaniensis
1486 4474 1593 4527 hoc
1621 4490 1779 4543 prae-

502 4544 1235 4626 teralialegiturelogium:
1254 4545 1778 4668 „Hujus(Tapperi)
1915 4547 1950 4615 ¹)
1975 4545 2221 4598 Joannes
2272 4542 2705 4598 Morocourt
2753 4541 2999 4595 Nervius
3052 4540 3118 4595 Ο.

501 4619 938 4672 commemorato
985 4615 1213 4670 nomine
1253 4615 1447 4670 statim
1494 4633 1594 4685 per
1614 4617 1778 4670 cetae
1835 4547 2001 4678 Cart„
2049 4619 2149 4683 qui
2188 4615 2523 4670 Carthusiae
2570 4612 2966 4668 valencenensi
3011 4610 3114 4666 diu

499 4690 818 4760 theologiae
846 4687 1260 4742 consummatio
1282 4687 1776 4743 audientisanimo
1834 4658 2086 4757 praefuit
2125 4693 2172 4758 (†
2198 4692 2284 4744 12.
2313 4687 2434 4740 Oct.
2462 4689 2638 4751 1548),
2678 4683 2928 4739 carmine
2971 4683 3117 4737 lusit

500 4761 810 4817 oboritur.
838 4760 920 4813 Cf.
946 4759 1190 4812 aliorum
1208 4759 1464 4812 encomia
1484 4760 1639 4828 apud
1659 4760 1777 4813 Liv.
1838 4749 2194 4814 ΤῘινεηοᾱιιίηι
2257 4764 2314 4812 in
2375 4756 3114 4826 Lutherum‚Antve1-piae

500 4834 568 4887 de
596 4833 787 4901 Meyer
813 4831 958 4890 Hist
988 4830 1498 4884 controversiarum
1527 4831 1595 4884 de
1622 4832 1778 4885 auxi·
1835 4835 1987 4896 1540,
2028 4837 2262 4900 votasque
2299 4850 2368 4884 ss.
2412 4833 2682 4884 Brunonis
2724 4827 2823 4898 (ib.
2850 4831 3010 4909 1540)
3056 4829 3114 4879 et

502 4904 591 4958 liis
616 4904 834 4973 gratiae
863 4901 1018 4955 vind.
1045 4902 1082 4954 l.
1110 4907 1138 4957 1
1167 4919 1212 4957 e.
1242 4906 1325 4957 11.
1834 4906 2074 4970 Huyom's
2100 4902 2347 4955 carmine
2375 4900 2596 4970 prolixo
2625 4897 2947 4967 descripsit.
