3475 5364
378 329 542 384 1133

1180 309 1368 365 Biblia
1394 304 1716 381 p'olyglotta
1743 308 2176 380 complutensis..

2821 325 2986 380 1134

368 498 550 568 sione,
567 497 896 557 versionem
927 496 1094 567 Lxx,
1114 498 1347 555 textum
1376 511 1651 571 graecum
1707 496 2000 573 plataneis
2059 495 2388 556 academiae
2447 495 2786 567 doctorum;
2846 494 2988 554 Tar-

368 586 439 645 N.
474 587 537 648 T.
573 584 789 667 (prima
830 586 958 646 vice
989 579 1319 667 integrum)
1354 602 1488 644 cum
1520 602 1651 643 ver·
1708 606 1851 664 gum
1885 585 2258 645 Onkelosi
2288 584 2835 644 inPentateuchum
2854 602 2990 644 cum

369 677 546 736 sione·
564 676 757 735 latina
803 674 1175 734 interlineari
1224 674 1298 732 de
1346 672 1528 733 verbo
1577 672 1649 731 ad
1709 675 1896 734 latina
1956 674 2226 734 versione
2286 674 2669 750 Alphonsi
2732 672 2805 732 de
2866 673 2905 731 Z
2923 694 2986 734 a·

367 765 612 824 verbum
647 765 806 824 curis
850 762 1229 823 Demetrii
1273 763 1469 822 Ducas
1516 761 1649 820 Cre-

367 854 573 923 tensis,
636 852 1114 912 Ferdinandi
1172 846 1459 932 Nonniil)
1512 851 1650 909 Pin-

366 943 536 1013 ciani,
583 942 787 1002 Didaci
817 942 1008 1018 Lopez
1038 940 1435 1011 Stunicae,
1468 939 1649 999 Joan·

366 1032 460 1091 nis
504 1032 576 1091 de
621 1026 1024 1112 Vergara2)
1074 1031 1444 1106 aliorumque
1493 1048 1650 1089 com·

446 1173 482 1234 1)
510 1164 1044 1221 Ferdinandus
1081 1164 1334 1219 Nufiez
1385 1162 1649 1236 (Nonius)

367 1238 438 1292 de
463 1239 723 1292 Guzman
761 1235 1149 1292 nobilissimae
1189 1235 1489 1307 prosapiae
1529 1235 1650 1290 ord.

368 1326 455 1378 eq.
481 1326 524 1365 s.
549 1310 667 1368 Jac.
695 1308 991 1362 literarum
1017 1307 1203 1363 omnis
1227 1306 1471 1377 generis,
1494 1322 1649 1375 grae·

368 1397 563 1434 carum
589 1380 651 1433 in
695 1379 914 1450 primis,
955 1395 1145 1433 amore
1187 1379 1523 1433 exaestuans
1550 1376 1650 1433 Bo·

367 1452 599 1507 noniam
614 1467 671 1505 se
683 1451 930 1506 contulit
937 1450 1122 1519 iisque
1131 1449 1460 1505 incredibili
1470 1448 1652 1502 animi

366 1522 730 1578 contentione
739 1522 1029 1577 incubuit.
1056 1523 1117 1575 In
1136 1522 1383 1593 patriam
1393 1537 1653 1575 reversus

367 1611 401 1647 a
426 1594 664 1649 Ximene
691 1593 905 1648 accitus
944 1595 1048 1659 est,
1089 1596 1157 1648 ut
1191 1594 1253 1646 in
1293 1591 1594 1662 gymnasio
1619 1608 1654 1646 a

368 1682 425 1720 se
451 1666 682 1721 condito
707 1665 903 1719 literas
943 1665 1173 1719 doceret
1209 1680 1441 1735 graecas
1476 1665 1652 1732 atque

368 1754 529 1791 suam
566 1736 852 1792 conferret
892 1752 1124 1807 operam
1167 1735 1227 1789 in
1272 1734 1493 1789 edenda
1533 1751 1653 1789 ver·

367 1808 659 1877 tendaque
686 1807 944 1862 versione
971 1805 1341 1877 septuaginta
1377 1807 1653 1876 interpre-

367 1882 509 1945 tum,
573 1878 727 1947 quod
791 1877 997 1948 maJ'ori
1058 1894 1126 1932 ex
1177 1881 1341 1949 parte
1390 1877 1653 1931 confecit.

368 1950 623 2005 Transiit
661 1949 795 2004 inde
840 1950 913 2004 ad
956 1950 1182 2018 lyceum
1225 1949 1651 2013 salmantinum,

366 2023 469 2077 ubi
493 2022 745 2076 illustres
764 2021 974 2076 habuit
991 2020 1323 2091 discipulos.
1351 2019 1515 2075 Vixit
1534 2035 1654 2074 coe-

365 2093 504 2159 lebs,
530 2096 736 2157 castus,
764 2091 957 2158 comis,
986 2093 1189 2147 festive
1225 2092 1406 2157 dicax,
1447 2092 1544 2146 sed
1570 2091 1654 2145 in-

368 2180 548 2219 nocue
598 2164 986 2232 vitiorumque
1032 2163 1404 2232 reprehensor
1455 2161 1654 2216 acerri-

369 2253 511 2289 mus.
538 2235 642 2289 Vir
666 2236 792 2289 aevi
819 2235 908 2289 sui
934 2234 1455 2289 eruditissimorum
1477 2234 1654 2289 homi-

369 2324 507 2360 num
519 2306 800 2376 etjudicio
812 2306 1227 2376 praestantium
1239 2306 1391 2360 nulli
1401 2305 1654 2372 inferior,

367 2378 442 2433 ab
484 2377 726 2431 eruditis
940 2377 992 2431 is
1041 2377 1314 2432 encomiis
1364 2377 1652 2443 laudatus,

368 2448 630 2517 quamvis
659 2449 783 2518 ejus
810 2448 963 2502 fama
1004 2451 1162 2503 extra
1188 2448 1527 2520 Hispaniam
1553 2448 1654 2502 mi·

368 2536 475 2574 nus
492 2520 813 2575 innotuerit
826 2523 873 2589 (†
889 2523 1069 2590 1553).
1096 2519 1179 2575 Cf.
1197 2517 1387 2591 elogia
1403 2522 1462 2574 et
1481 2535 1656 2589 opera

367 2591 523 2660 apud
573 2591 699 2645 Nic.
749 2590 1067 2645 Antonium
1110 2590 1256 2646 Bibl.
1314 2591 1404 2645 his
1450 2632 1463 2647 .
1515 2607 1571 2646 n.
1612 2592 1653 2656 1,

365 2666 471 2721 382
521 2679 591 2719 ss.
643 2696 712 2706 —
762 2661 928 2717 Alius
976 2663 1049 2718 ab
1111 2679 1177 2719 eo
1240 2665 1324 2717 est
1443 2664 1654 2718 etrus

368 2735 417 2788 N
434 2740 619 2790 unes
673 2734 928 2806 Delgado
979 2734 1069 2788 his
1113 2735 1323 2791 alensis
1384 2734 1654 2790 ecclesiae

365 2806 754 2876 portionarius
805 2810 863 2861 et
909 2807 971 2860 in
1014 2823 1070 2860 sc
1116 2806 1212 2862 ola
1260 2807 1518 2877 ejusdem
1569 2822 1651 2860 ec-

366 2877 571 2932 ciesiae
631 2878 1014 2932 humanarum
1091 2878 1304 2932 artium
1370 2878 1655 2960 professor

366 2952 413 3020 (†
439 2953 617 3020 1535),
656 2949 822 3019 cujus
862 2951 999 3003 sunt
1042 2951 1269 3019 praeter
1307 2949 1423 3003 aha
1467 2953 1651 3004 Aurea

363 3025 683 3090 hymnorum
722 3027 883 3076 totius
924 3026 1057 3076 anni
1092 3025 1351 3090 expositio
1384 3038 1512 3075 cum
1557 3037 1653 3073 an·

366 3090 778 3157 notationibus,
831 3108 1062 3161 unaque
1112 3091 1397 3147 orationes
1447 3108 1651 3158 sacrae,

407 3179 514 3217 uae
542 3180 641 3233 per
666 3180 884 3217 annum
911 3164 1250 3225 cantantur;
1292 3163 1570 3232 epistolae
1597 3164 1650 3218 d.

411 3232 536 3287 auli
561 3238 620 3287 et
643 3233 888 3288 aliorum
916 3250 1063 3303 quae
1084 3233 1304 3288 cantari
1335 3235 1533 3298 solent,
1553 3235 1652 3289 ho·

366 3304 560 3359 miliae
571 3304 921 3358 diversorum
938 3308 1255 3371 auctorum,
1270 3305 1496 3375 Hispali
1511 3310 1649 3362 1527

363 3376 425 3430 in
466 3380 533 3437 4;
577 3379 856 3446 Expositio
903 3380 1238 3432 Threnorum
1277 3376 1315 3433 i.
1356 3393 1403 3431 8.
1442 3377 1652 3431 lamen·

367 3447 654 3502 tationum
681 3447 1001 3503 Hieremiae
1029 3450 1151 3514 etc,
1179 3447 1406 3518 Hispali
1432 3452 1591 3505 1530.

441 3525 480 3585 ²)
507 3517 841 3573 Joannes
867 3519 937 3574 de
965 3518 1651 3590 VergaraToletanus,

366 3590 453 3644 vir
497 3588 725 3661 egregie
766 3590 1069 3645 institutus
1114 3591 1187 3645 ob
1232 3589 1483 3657 eximios,
1526 3590 1650 3659 qui-

365 3663 472 3716 bus
498 3660 795 3732 praeditus
822 3662 952 3728 fuit,
980 3665 1103 3716 tum
1127 3662 1377 3732 pietatis,
1404 3662 1652 3730 pruden-

365 3733 480 3788 tiae
491 3735 666 3802 atque
676 3733 985 3789 modestiae
996 3733 1234 3787 aliarum
1244 3749 1354 3802 que
1366 3733 1650 3788 virtutum

365 3804 524 3860 dotes
566 3804 629 3858 in
670 3822 894 3859 summa
932 3803 1190 3860 omnium
1230 3804 1651 3861 existimatione

364 3876 587 4001 positus
653 3875 810 3930 vixit.
886 3875 1179 3947 Compluti
1231 3876 1650 3946 philosophiam

404 3947 561 4002 ocuit
585 3951 786 4020 (1502),
806 3947 1068 4002 Χ111181110
1090 3948 1381 4019 hujusque
1403 3948 1650 4002 mediato

364 4018 669 4075 successori
708 4019 880 4089 Alph.
920 4021 1171 4074 Fonseca.
1210 4035 1245 4072 a
1284 4018 1512 4073 secretis
1539 4020 1653 4073 fuit

363 4091 665 4159 factusque
691 4093 779 4145 est
802 4091 1108 4144 canonicus
1137 4092 1442 4145 toletanus.
1494 4089 1650 4159 Sym-

362 4161 495 4216 bolo
545 4162 814 4216 utebatur
850 4162 953 4216 illo
996 4161 1244 4233 Epicteti
1287 4161 1553 4225 „Sustine
1595 4165 1653 4216 et

363 4233 652 4299 Abstine“,
718 4234 873 4302 quod
916 4233 1324 4304 explanaverat
1373 4232 1651 4289 disticho:

368 4303 631 4428 „Sgstine
649 4304 711 4358 in
728 4305 980 4360 adversis
1004 4307 1061 4359 et
1076 4309 1131 4359 te
1146 4321 1437 4376 compesce
1455 4321 1650 4359 secun-

474 4393 524 4429 is

364 4445 439 4499 Et
463 4449 677 4501 temnes
702 4463 901 4502 caecae
928 4447 1170 4502 numina
1196 4464 1344 4502 vana
1369 4448 1561 4502 deae.“

363 4519 414 4571 A
434 4517 573 4572 viris
593 4519 772 4574 doctis
794 4520 991 4590 magni
1012 4519 1197 4574 factus
1213 4523 1301 4574 est
1315 4524 1382 4573 ut
1395 4536 1430 4573 a
1448 4519 1650 4574 Melch.

364 4587 537 4654 Cano,
576 4588 720 4643 Lud.
764 4589 954 4657 Vives,
993 4590 1204 4645 Bened.
1249 4590 1495 4656 Peterin,
1548 4590 1649 4659 qui

1706 758 2006 846 mora¹);
2040 766 2272 823 textum
2295 762 2664 823 chaldaicum
2681 761 2747 821 V.
2771 761 2834 820 T.
2854 780 2990 822 cum

1705 854 1996 914 versione.
2058 853 2365 913 Accedunt
2428 854 2602 927 plura
2648 852 2991 928 adjumenta

1707 943 2066 1019 philologica
2112 945 2185 1001 ut
2234 942 2463 1001 lexicon
2511 941 2878 1001 chaldaicum
2929 944 2991 999 et

1706 1032 2066 1103 hebraicum,
2081 1030 2445 1091 introductio
2460 1049 2639 1106 quam
2648 1030 2993 1090 brevissima

1706 1120 1781 1181 ad
1830 1138 2070 1198 graecas
2121 1121 2338 1193 literas,
2388 1118 2836 1179 vocabularium
2885 1137 2988 1179 no·

1706 1209 1941 1268 minum
1971 1209 2349 1286 propriorum
2382 1227 2746 1286 graecorum,
2767 1209 2988 1286 glossa-

1705 1299 1865 1358 rium
1895 1299 2393 1376 graeco·latinum
2412 1301 2519 1357 etc.
2552 1298 2694 1357 011111
2711 1298 2994 1374 impressa

1707 1388 1933 1447 fuerint
1975 1390 2216 1447 tantum
2264 1398 2389 1452 600
2439 1386 2815 1463 exemplaria,
2860 1406 2993 1446 rara

1708 1481 1803 1536 est
1863 1477 2199 1547 admodum,
2251 1476 2394 1536 adeo
2444 1478 2516 1534 ut
2564 1476 2629 1535 in
2680 1476 2992 1535 Germania

1708 1566 1989 1625 universa
2039 1567 2217 1642 juxta
2290 1564 2542 1625 Hanlein
2618 1565 2994 1642 reperiantur

1706 1658 1948 1715 tantum
1993 1675 2079 1714 ex.
2135 1666 2206 1719 15
2246 1651 2506 1738 (Einleit.
2538 1655 2631 1713 ins
2661 1654 2732 1713 N.
2766 1653 2827 1712 T.
2858 1674 2916 1730 p.
2953 1663 2987 1716 2

1710 1764 1764 1821 p.
1802 1740 1974 1825 262).
2006 1744 2203 1820 Hujus
2254 1744 2449 1820 operis
2497 1745 2705 1803 auctor
2754 1747 2816 1802 et
2854 1762 2992 1819 pro-

1709 1835 1906 1893 motor
1933 1834 2292 1910 praecipuus
2343 1832 2649 1892 habendus
2698 1835 2791 1892 est
2840 1832 2991 1891 cele·

1709 1923 2003 1982 berrimus
2047 1923 2395 1982 Franciscus
2441 1922 2716 1981 Ximenes
2764 1920 2837 1980 de
2870 1922 2990 1980 Cis-

1709 2030 1904 2082 neros,
1938 2012 2045 2088 qui
2064 2011 2228 2071 illins
2253 2011 2568 2071 consilium
2587 2010 2873 2087 concepit,
2895 2029 2992 2069 ex-

1709 2100 2074 2161 secutionem
2136 2100 2382 2161 adscitis
2432 2099 2580 2159 viris
2632 2100 2991 2159 doctissimis

1709 2189 2052 2250 moderatus
2098 2194 2206 2260 est,
2259 2190 2528 2266 expensis
2577 2188 2994 2248 liberalissime
3032 2188 3037 2192 ’

1711 2278 1865 2337 aluit
1894 2282 1957 2338 et
1986 2279 2295 2348 sustinuit,
2342 2281 2403 2337 et
2442 2278 2553 2336 sub
2585 2279 2757 2354 cujus
2791 2278 2993 2353 auspi-

1711 2368 1816 2427 ciis
1860 2367 2099 2427 demnm
2144 2367 2217 2427 ad
2262 2367 2441 2426 finem
2485 2370 2579 2426 est
2607 2367 2991 2443 perductum:

1709 2459 1889 2531 atque
1919 2457 2005 2515 ita
2033 2457 2191 2516 viam
2241 2456 2472 2533 aperuit
2520 2456 2654 2515 aliis
2701 2455 2994 2532 ejusmodi

1710 2545 2073 2613 editionibus
2108 2546 2300 2605 adhuc
2331 2544 2779 2621 perfectioribus
2811 2548 2874 2604 et
2900 2564 2993 2605 ac-

1711 2635 2110 2695 curatioribus
2142 2634 2417 2694 curandis
2428 2629 2498 2716 θ).

1709 2734 1905 2789 bibliis
1930 2734 2422 2805 complutensibus
2460 2734 2639 2789 libros
2675 2733 2994 2789 Salomonis

1710 2808 1770 2861 et
1795 2809 1929 2863 Jesu
1958 2806 2153 2860 Sirach
2191 2806 2254 2860 in
2293 2805 2559 2860 latinum.
2605 2804 2688 2861 cf.
2731 2805 2853 2866 Nic.
2880 2807 2993 2859 An·

1709 2877 1905 2932 tonius
1927 2877 2074 2932 Bibl.
2102 2877 2249 2949 hisp.
2277 2896 2331 2933 n.
2360 2877 2402 2942 1,
2431 2882 2534 2935 792
2562 2895 2604 2932 s.

1788 2947 2308 3022 ¹)Alphonsum
2362 2951 2435 3005 ab
2486 2949 2624 3002 urbe
2728 2948 2874 3001 atria
2923 2948 2992 3001 de

1708 3021 1747 3074 Z
1760 3036 1859 3076 am
1871 3037 1988 3075 ora
2007 3020 2194 3075 dictus
2204 3020 2435 3091 judaeis
2454 3019 2682 3090 parenti
2723 3037 2791 3074 us
2806 3022 2992 3084 natus,

1706 3092 2030 3147 hebraicam
2056 3090 2313 3162 linguam
2360 3090 2667 3160 omniaque
2702 3091 2825 3161 ejus
2850 3108 2995 3159 mys-

1710 3163 1856 3218 teria
1895 3163 2120 3235 egregie
2160 3163 2379 3218 calluit.
2430 3161 2638 3217 Factus
2678 3161 2995 3217 catholicus

1709 3235 1922 3306 dignus
1944 3236 2098 3289 visus
2117 3236 2204 3289 est
2221 3234 2499 3299 Ximenio,
2524 3251 2694 3303 quem
2716 3251 2844 3288 cum
2865 3233 2994 3287 aliis

1708 3306 1782 3360 ad
1808 3323 1971 3360 suam
2015 3306 2324 3361 bibliorum
2366 3305 2676 3361 editionem
2719 3303 2994 3359 liberalis·

1707 3377 1851 3432 sime
1900 3377 2195 3432 invitaret.
2273 3376 2611 3443 Quindecim
2660 3377 2777 3430 fere
2826 3376 2994 3429 annis

1707 3466 1870 3504 suam
1896 3448 2181 3531 impendit
2205 3465 2466 3519 operam:
2511 3448 2680 3502 Hunc
2720 3447 2781 3501 in
2821 3447 2990 3501 finem

1708 3522 2034 3591 composuit
2071 3523 2478 3575 Vocabularium
2505 3523 2809 3574 hebraicum
2839 3520 2893 3572 V.
2917 3520 2990 3582 T.‚

1708 3591 1802 3645 cui
1862 3592 2274 3662 appenduntur
2335 3589 2837 3661 interpretationes
2896 3590 2993 3642 he-

1708 3662 2045 3728 braicorum,
2098 3662 2501 3717 chaldaeorum
2545 3676 2992 3733 graecorumque

1706 3734 2007 3790 nominum
2034 3735 2103 3787 V.
2131 3738 2191 3789 et
2214 3733 2287 3790 N.
2314 3733 2410 3793 T.;
2445 3732 2752 3802 catalogus
2778 3747 2993 3796 eorum,

1708 3822 1857 3874 quae
1897 3806 1957 3860 in
1999 3808 2244 3874 utroque
2285 3805 2348 3859 T.
2387 3804 2556 3859 ahter
2600 3803 2710 3858 scri
2756 3806 2816 3858 ta
2857 3806 2996 3857 sunt

1711 3876 1850 3932 vitio
1902 3877 2260 3958 scriptorum,
2314 3893 2489 3945 quam
2539 3874 2601 3929 in
2647 3876 2719 3929 he
2760 3891 2891 3929 raeo
2936 3876 2995 3928 et

1705 3964 1906 4017 graeco
1934 3949 1992 4001 et
2014 3966 2075 4002 111
2104 3948 2447 4017 quibusdam
2476 3946 2672 4002 bibliis
2706 3945 2990 4015 antiquis;

1708 4022 1846 4073 item
1874 4018 2329 4074 introductiones
2349 4019 2753 4090 grammaticae
2773 4017 2991 4072 hebrai—

1707 4107 1822 4155 cae,
1847 4091 2157 4145 admodum
2202 4090 2518 4161 completae
2568 4107 2671 4160 pro
2715 4089 2816 4144 illo
2856 4091 2993 4144 tem·

1707 4179 1879 4232 pore:
1919 4179 2062 4230 quae
2108 4161 2300 4216 omnia
2345 4161 2597 4218 formant
2635 4179 2816 4215 unum
2856 4162 2993 4232 (VI.)

1707 4234 1978 4288 volumen
2019 4233 2181 4289 illius
2219 4234 2306 4287 ed.
2332 4232 2550 4287 Deinde
2583 4236 2992 4302 grammaticam

1708 4303 1883 4359 aliam
1930 4304 2261 4369 breviorem,
2307 4305 2618 4360 faciliorem
2662 4307 2721 4358 et
2757 4303 2992 4359 lucidio-

1706 4392 1828 4431 rem
1863 4377 2109 4431 confecit
2138 4376 2246 4430 hoc
2273 4377 2477 4432 titulo:
2527 4380 2684 4431 Artis
2752 4395 2992 4430 ramma-

1707 4452 1842 4503 ticae
1888 4451 2164 4503 hebraicae
2212 4452 2646 4512 introductiones,
2744 4446 2994 4516 ompluti

1708 4524 1878 4580 15263
1923 4535 2012 4589 ep.
2039 4522 2111 4575 ad
2135 4522 2363 4587 infideles
2389 4522 2658 4574 Hebraeos
2701 4517 2861 4572 urbis
2886 4518 2992 4573 Ro-

1708 4607 1850 4656 mae,
1886 4590 1967 4643 ib.
2009 4595 2166 4648 1526.
2232 4590 2316 4647 Cf.
2357 4590 2483 4645 Nic.
2520 4591 2805 4645 Antonius
2845 4589 2990 4646 Bibl.

364 4661 541 4730 praef.
569 4659 611 4719 l.
636 4666 706 4718 10
744 4666 1045 4717 comment.
1089 4662 1343 4717 Danielis
1384 4679 1514 4716 eum
1556 4661 1650 4726 „in
1706 4660 1856 4732 hisp.
1885 4679 2066 4716 novae
2094 4662 2134 4727 I,
2162 4666 2247 4718 56.
2275 4662 2433 4717 Obiit
2459 4665 2616 4718 1531.

362 4733 518 4787 omni
564 4731 888 4788 subtilitate
928 4734 1330 4805 chronologiae
1376 4737 1436 4789 et
1478 4733 1652 4789 histo-

362 4820 480 4859 riae
521 4804 955 4859 solertissimum
996 4809 1056 4861 et
1099 4806 1521 4860 doctissimum‘⁴
1554 4823 1650 4876 ap·
1708 4806 1767 4858 et

1780 4740 1803 4771 ²
1853 4733 1936 4789 cf.
1953 4733 2022 4787 de
2050 4750 2116 4788 ea
2143 4733 2540 4787 Hundhausen
2567 4732 2679 4785 KL.
2708 4733 2800 4798 11⁹,
2823 4734 2929 4788 598
2948 4749 2990 4788 s.

1844 4805 2016 4859 aulen
2044 4804 2122 4859 ib.
2149 4805 2216 4870 X,
2251 4809 2384 4868 143;
2412 4804 2554 4858 Tnb.
2584 4803 2824 4870 Qtlschr.
2853 4806 2992 4859 1814

364 4877 559 4946 pellat.
601 4876 762 4930 Obiit
802 4881 888 4934 20.
918 4876 1079 4932 Febr.
1108 4881 1265 4934 1557.
1315 4876 1508 4932 Vertit
1546 4894 1648 4949 pro
1707 4896 1762 4948 p.
1787 4882 1892 4934 222
1921 4894 2022 4936 ss.;
2049 4877 2248 4931 Hefele
2275 4893 2367 4945 op.
2395 4877 2488 4930 cit.
2516 4893 2570 4944 p.
2599 4878 2703 4933 113
2730 4891 2799 4928 ss.
