3475 5364
395 373 517 427 357
975 355 1079 408 ,lus
1106 355 1457 409 canonicum.
1485 356 1569 410 JO.
1597 355 1666 409 de
1696 355 1889 417 imola,
1918 354 2039 410 Nic.
2069 355 2428 411 'Pedeschius

2877 375 3005 431 858

391 545 597 618 postea
626 541 933 599 recruduit
963 542 1226 605 schisma.
1266 542 1413 616 Ejus
1443 543 1667 599 decreta
1720 557 1791 598 eo
1823 540 2031 599 scribit
2044 537 2124 618 ¹):
2191 541 2514 610 ,Quamvis
2545 543 2618 600 de
2642 542 2779 618 jure
2810 544 3003 602 inter·

391 632 455 690 in
487 648 646 691 conc.
679 631 994 689 florentino
1027 631 1187 688 edita
1219 631 1454 691 unionis
1486 630 1666 689 Grae-
1722 640 1973 706 rogatus
1993 630 2312 704 aliquando
2329 632 2716 701 obmutuerit,
2732 633 2797 692 in
2814 635 3005 707 pretio

392 735 731 796 corum,pro
745 721 1015 779 Armenis
1026 724 1087 779 et
1107 724 1168 778 et
1181 720 1219 777 J
1223 719 1467 779 aeobitis
1488 720 1666 778 habes
1721 723 1925 778 tamen
1957 734 2137 794 super
2167 720 2426 795 reliquos
2458 722 2670 780 aetatis
2705 740 2846 780 suae
2866 721 3005 781 doc·

393 809 552 884 apud
587 809 911 885 Deuzinger
942 809 1173 868 Enchir.
1196 807 1393 886 Symb.
1426 827 1483 867 n.
1507 818 1664 872 586-
1719 815 1882 867 tures
1913 808 2049 878 fuit,
2083 811 2143 867 et
2172 809 2234 867 in
2270 817 2525 885 utroque
2564 813 2702 886 jure
2746 811 3001 870 excellit.

396 908 540 962 606.
575 898 839 981 Decessit
873 907 971 961 23.
1005 899 1170 956 Febr.
1199 908 1360 962 1447
1389 920 1438 958 a.
1455 898 1666 956 aetatis
1723 898 1868 957 adeo
1900 901 1972 956 ut
2001 899 2130 973 ejus
2163 899 2470 974 opiniones
2515 917 2657 976 prae
2687 900 2821 958 aliis
2851 901 3001 959 reci-

397 993 495 1050 64.
542 987 959 1046 Pontificatum
993 988 1180 1065 gessit
1208 988 1367 1046 inter
1397 987 1666 1046 assiduas
1722 989 1997 1062 piantur:
2060 988 2260 1064 gravis
2308 998 2465 1047 certe
2518 989 2743 1047 Bartoli
2795 1005 3009 1048 censor

393 1077 599 1135 turbas
657 1095 942 1152 prospera
984 1077 1174 1146 modo,
1211 1078 1459 1137 adversa
1490 1077 1664 1135 etiam
1725 1077 2035 1135 habetur.‘
2076 1109 2161 1120 —
2190 1077 2487 1136 Celebrior
2504 1077 2594 1136 est
2629 1078 2678 1135 N
2698 1078 2717 1135 i
2738 1078 3001 1137 colans

393 1183 567 1242 saepe
597 1166 840 1224 fortuna
869 1183 1109 1242 pressus
1127 1164 1188 1247 ¹).
1223 1166 1445 1225 Fabius
1479 1167 1665 1227 Cunc—
1724 1166 2174 1224 'l'edeschius
2194 1166 2289 1242 (de
2310 1165 2646 1236 Tudeschis‚
2670 1167 3004 1228 'l'udescusl

394 1258 550 1312 tator
582 1255 904 1330 prudenter
936 1273 998 1314 se
1028 1257 1217 1332 gessit
1256 1271 1391 1314 cum
1421 1255 1667 1314 concilio
1723 1255 1877 1314 OSB.
1912 1256 2179 1325 Gaianae,
2215 1255 2284 1313 ut
2302 1255 2539 1327 dicitur,
2573 1255 2757 1315 nobili
2788 1274 3001 1333 genere

393 1344 723 1415 basileensi,
771 1344 930 1420 quod
975 1345 1038 1402 in
1083 1348 1355 1420 apertum
1387 1344 1669 1422 vergebat
1723 1353 1894 1402 ortus
1943 1364 1991 1404 a.
2048 1355 2234 1413 1386,
2288 1346 2468 1421 vulgo
2520 1345 2853 1414 Siculus,
2905 1345 3003 1404 vel

393 1432 649 1492 schisma
692 1433 876 1492 electo
930 1434 1432 1509 pseudopontifice
1481 1433 1666 1493 Felice
1723 1434 2350 1504 Panormitanus‚
2395 1434 2572 1493 etiam
2605 1434 2842 1493 abbas
2874 1452 2998 1492 mo·

396 1522 478 1592 V.‚
512 1523 616 1598 qui
646 1525 845 1581 tamen
895 1524 1009 1582 sub
1041 1523 1278 1582 Nicolao
1313 1523 1376 1582 V.
1428 1523 1667 1599 pontifi÷
1722 1523 1945 1581 dernus
1977 1522 2188 1582 dictus.
2234 1523 2638 1582 Panormitani
2667 1523 3009 1583 rationibus

394 1616 531 1670 catu
565 1613 716 1670 male
735 1616 1023 1688 usurpato
1040 1631 1102 1670 se
1123 1613 1419 1671 abdicavit
1447 1616 1665 1685 (1449,
1722 1612 1963 1686 quidem
2014 1612 2215 1680 variis,
2285 1612 2386 1671 sed
2434 1613 2659 1671 frustra
2702 1623 2839 1671 eum
2884 1611 3001 1670 sibi

399 1700 648 1768 7.Jan.†
684 1698 886 1781 1451).
921 1702 1064 1777 Ejus
1094 1704 1536 1777 constitutiones,
1572 1702 1668 1760 de·

392 1797 550 1848 creto
581 1798 633 1848 ct
659 1792 927 1865 epistolae
958 1798 1062 1849 etc.
1097 1791 1382 1866 leguntur
1413 1791 1474 1849 in
1491 1790 1668 1849 tomis

393 1877 788 1949 conciliorum,
829 1880 895 1937 in
926 1881 1074 1938 actis
1120 1881 1474 1954 praesertim
1507 1897 1665 1938 conc.

394 1965 754 2039 basileensis,
802 1968 1174 2027 ferrariensis
1226 1975 1286 2028 et
1348 1968 1664 2036 florentini,

393 2057 552 2132 apud
603 2057 896 2128 Bzovium‚
949 2058 1338 2134 Raynaldum‚
1387 2058 1662 2116 Waddin-

393 2161 555 2223 gum,
592 2147 653 2205 in
686 2145 950 2205 Bullario
983 2151 1091 2206 etc.

486 2345 629 2404 425.
663 2341 846 2399 Pauci
890 2341 992 2400 sed
1039 2342 1294 2401 celebres
1325 2342 1487 2400 suere
1514 2343 1669 2417 juris

394 2429 657 2489 canonici
732 2431 1101 2507 interpretes.
1179 2431 1218 2490 J
1234 2445 1519 2490 oannes
1598 2433 1668 2488 de

394 2517 615 2578 Imola
644 2519 971 2595 discipulus
994 2521 1083 2580 Jo.
1103 2521 1176 2579 de
1197 2521 1480 2597 Ligurino,
1503 2520 1668 2578 Baldi

393 2608 466 2666 <le
484 2608 746 2678 Ulbadis‚
780 2610 1020 2667 Antonii
1052 2609 1125 2668 de
1159 2610 1368 2668 Butrio
1398 2613 1524 2678 etc„
1561 2608 1666 2667 Pa-

394 2698 554 2767 tavii,
574 2699 875 2758 Ferrariae
909 2704 970 2759 et
991 2700 1287 2759 Bononiae
1306 2701 1408 2777 jus
1429 2700 1669 2759 canoni-

395 2800 529 2848 cum
560 2787 764 2847 docuit
803 2792 864 2846 et
895 2790 956 2847 in
989 2788 1247 2848 docendo
1278 2792 1466 2848 totam
1501 2804 1666 2847 suam

393 2876 563 2936 trivit
595 2878 796 2935 vitam.
844 2879 927 2936 De
959 2896 1026 2936 eo
1059 2878 1263 2938 scribit
1293 2880 1519 2937 Aeneas
1554 2878 1665 2937 Sil-

393 2966 526 3025 vius
558 2962 727 3048 (Pius
749 2962 850 3046 11.)
886 2967 958 3026 de
990 2968 1132 3027 viris
1150 2968 1232 3025 ill.
1255 2987 1310 3025 n.
1343 2979 1450 3031 19:
1492 2967 1669 3035 ,Fuit

394 3056 488 3113 sui
520 3056 803 3132 temporis
850 3056 1051 3114 lumen
1094 3057 1266 3132 juris,
1314 3056 1414 3115 sed
1445 3058 1509 3115 in
1540 3057 1665 3133 agi·

391 3144 613 3203 bilibus
628 3145 837 3203 mundi
851 3145 1107 3221 ignarus.
1127 3140 1301 3205 Hunc
1311 3146 1529 3204 Imolae
1544 3146 1664 3203 vidi

394 3234 455 3290 in
486 3234 660 3291 domo
693 3253 816 3303 sua,
851 3250 986 3293 cum
1020 3235 1327 3293 Patavium
1361 3235 1524 3304 irem,
1557 3253 1665 3292 nec

391 3322 607 3381 vidisse
653 3322 988 3391 voluissem,
1038 3323 1257 3382 minuit
1301 3324 1455 3382 enim
1497 3342 1665 3400 prae-

394 3412 585 3470 sentia
618 3413 843 3471 famam.
908 3413 1058 3471 Nam
1095 3413 1267 3471 homo
1301 3414 1350 3471 is
1382 3417 1524 3481 erat,
1559 3412 1663 3487 qui

390 3501 453 3558 in
504 3501 738 3577 scriptis
786 3505 948 3560 totus
996 3508 1169 3571 esset,
1222 3502 1392 3576 atqui
1445 3501 1496 3559 is
1546 3520 1664 3559 non

391 3592 661 3648 mortuus
693 3594 799 3659 est,
835 3610 968 3649 cum
1000 3590 1138 3649 libri
1169 3592 1299 3666 ejus
1319 3591 1663 3661 manserint,

1722 1702 2022 1760 vindicare
2053 1698 2411 1781 nitunturss).
2445 1703 2619 1760 Anno
2649 1701 2863 1760 aetatis
2902 1713 2926 1763 1
2952 1716 2998 1760 ⁴.

1721 1793 1947 1849 vestem
1994 1809 2037 1849 s.
2073 1791 2379 1849 Benedicti
2425 1791 2638 1850 induit.
2704 1788 3005 1867 Magistris

1724 1880 1898 1938 claris
1944 1880 2251 1939 Francisco
2298 1879 2600 1938 Zabarelia
2647 1883 2709 1938 et
2744 1880 3004 1937 Antonio

1726 1968 1937 2028 Butrio
1947 1987 2091 2027 usus
2104 1974 2302 2028 tantos
2310 1968 2517 2028 fecitin
2525 1968 3003 2044 jurisprudentia

1724 2071 2091 2134 progressae,
2154 2064 2226 2116 ut
2286 2057 2680 2117 nobilissimas
2725 2058 3003 2116 Catenae.

1725 2146 1909 2217 Senio,
1958 2148 2199 2206 Parmae
2241 2164 2311 2205 ac
2341 2147 2642 2206 Bononiae
2692 2146 2999 2205 cathedras

1725 2235 1907 2294 fuerit
1966 2235 2216 2311 adeptus
2277 2243 2608 2313 magnoque
2660 2236 3005 2311 juventutis

1724 2343 1990 2394 accursu,
2025 2326 2237 2400 plausu
2257 2342 2324 2383 ac
2343 2329 2541 2384 fructu
2551 2325 2656 2399 jus
2678 2328 3009 2398 utrumque

1727 2433 1914 2473 annos
1945 2414 2257 2472 minimum
2278 2414 2499 2491 viginti
2532 2414 2615 2473 sit
2643 2414 2999 2489 interpreta-

1723 2509 1823 2561 ius
1852 2503 2166 2578 dictusque
2196 2502 2382 2561 fuerit
2413 2503 2674 2571 ‚lucerna
2693 2502 2849 2578 juris
2879 2503 3003 2560 cia·

1723 2591 1990 2650 tissima!
2025 2583 2073 2650 Α
2107 2590 2359 2651 Mai-tino
2390 2592 2456 2651 V.
2490 2593 2715 2651 electus
2765 2600 2855 2650 est
2899 2589 3001 2649 ab·

1723 2680 1827 2741 bas
1858 2701 1899 2741 s.
1936 2681 2152 2741 Mariae
2170 2675 2447 2742 Maniacis
2482 2681 2554 2740 ad
2584 2684 2810 2740 Aetnae
2840 2679 3004 2740 radi·

1722 2789 1818 2831 ces
1851 2774 2019 2841 sitae,
2053 2772 2306 2847 aliisque
2335 2771 2625 2849 gradatim
2657 2770 3001 2830 muneribus

1724 2861 2164 2936 honoribusque
2227 2866 2439 2920 auctus
2499 2874 2638 2937 rege
2699 2859 3001 2934 Alphonso

1722 2951 2027 3009 adnitente
2047 2950 2525 3026 archiepiscopus
2545 2948 3003 3025 panormitanus

1722 3049 1816 3098 est
1847 3039 2039 3099 factus
2074 3061 2122 3099 a.
2169 3049 2349 3103 1437.
2396 3038 2571 3116 Regis
2596 3041 2774 3115 jussu
2808 3036 2997 3097 conci-

1721 3129 1876 3187 lium
1924 3129 2253 3188 basileeuse
2302 3136 2498 3187 orator
2546 3128 2709 3199 adiit,
2771 3127 2835 3185 in
2883 3144 3007 3201 quo

1719 3216 1954 3277 dicendi
2011 3218 2196 3295 copia,
2253 3218 2408 3293 juris
2458 3217 2690 3293 peritia,
2741 3216 2999 3274 nominis

1723 3307 2079 3365 auctoritate
2110 3306 2368 3365 emicuit.
2402 3306 2577 3365 Initio
2609 3306 2846 3381 quidem
2880 3303 3000 3362 Eu—

1720 3396 1881 3471 genii
1896 3395 1988 3455 IV.
2009 3407 2209 3471 partes
2245 3401 2488 3455 strenue
2508 3391 2854 3473 defendit3).
2890 3393 2999 3453 Sed

1722 3486 2102 3558 praevalente
2153 3484 2311 3561 regis
2360 3484 2570 3560 gratia,
2623 3484 2728 3558 qui
2758 3482 3000 3540 interim

1720 3576 1923 3631 contra
1954 3571 2288 3651 Eugenium
2332 3573 2451 3631 fuit
2480 3572 2772 3640 irritatus,
2807 3570 3000 3647 pluri·

391 3683 558 3738 extra
588 3686 737 3754 quos
769 3676 916 3737 nihil
950 3678 1120 3738 fuit«
1161 3681 1328 3739 obiit
1364 3688 1457 3743 13.
1493 3680 1662 3738 Mart.
1717 3662 1832 3721 bus
1882 3662 2173 3737 pontificis
2223 3660 2651 3741 depositionem
2699 3658 3000 3737 persuasit

400 3776 581 3831 1436.
618 3769 772 3827 Haec
803 3770 930 3845 ejus
964 3787 1172 3844 opera:
1239 3770 1663 3829 Commentario

388 3856 449 3914 in
470 3866 504 3919 3
523 3858 747 3933 priores
762 3859 820 3915 ll.
852 3858 1234 3917 decretalium
1265 3859 1530 3933 Gregorii
1547 3858 1660 3927 IX„

389 3944 650 4031 venetiis
692 3956 890 4017 14983
933 3959 1123 4016 15003
1157 3947 1436 4025 Lugduni
1471 3957 1662 4017 15493

391 4033 654 4095 Venetiis
715 4046 870 4099 1575
922 4040 962 4094 t.
1015 4047 1048 4100 3
1083 4037 1147 4121 in
1177 4036 1242 4109 f.;
1295 4040 1354 4096 in
1410 4038 1663 4096 Clemen-

387 4126 560 4201 tinus,
608 4125 822 4183 Romae
883 4136 1037 4188 1474
1064 4148 1078 4197 3
1140 4125 1407 4185 Venetiis
1470 4137 1662 4197 1475;

399 4222 593 4285 14803
639 4222 832 4285 14863
873 4224 1073 4284 1492;
1117 4225 1300 4285 1500,
1337 4220 1663 4292 utrumque

388 4320 536 4379 opus
583 4322 796 4380 magna
839 4304 1150 4379 diligentia
1211 4305 1578 4364 elaboratum
1591 4301 1661 4387 Β).

389 4388 662 4462 Consilia,
726 4392 1042 4451 Mediolani
1101 4403 1298 4465 149;5;
1365 4395 1664 4454 Bononiae

393 4491 592 4552 *14953
640 4481 918 4559 Lugduni
971 4490 1136 4545 1539
1184 4487 1290 4541 etc.
1345 4484 1562 4559 Doujat
1592 4483 1664 4542 de

464 4714 478 4745 ¹
530 4706 614 4762 Cf.
643 4705 839 4761 Pastor
865 4722 957 4777 op.
984 4708 1078 4762 cit.
1109 4709 1172 4771 1³,
1200 4711 1499 4764 ‘aso—347.

462 4773 481 4816 ἕ
531 4777 613 4833 cf.
641 4778 1251 4843 Schulte1[‚296—98;
1284 4779 1548 4833 Fantnzzi
1574 4779 1663 4843 Ν,

386 4851 661 4977 {mg—57:
704 4848 1032 4903 Tiraboschi
1073 4850 1165 4912 Vi,
1207 4868 1261 4919 p.
1307 4854 1353 4906 1.
1391 4850 1428 4903 l.
1469 4858 1501 4907 2
1542 4868 1587 4904 c.
1613 4854 1664 4907 4.

1720 3751 1989 3826 arsitque
2006 3754 2068 3810 et
2081 3750 2339 3810 Amedeo
2353 3751 2419 3809 in
2430 3747 3005 3826 pseudopontificem

1718 3840 1906 3899 electo
1956 3840 2237 3909 adhaesit,
2288 3861 2321 3898 a
2370 3858 2490 3916 quo
2541 3837 2858 3898 cardinalis
2908 3849 3000 3895 est

1719 3930 2138 3988 renunciatus:
2173 3934 2236 3987 et
2266 3929 2476 3988 exinde
2509 3928 2828 3988 acerrimus
2859 3942 3003 3985 eon-

1720 4018 1984 4077 ciliabuli
2018 4019 2081 4077 in
2112 4018 2372 4077 favorem
2398 4018 2605 4077 Felicis
2640 4017 2701 4076 V.
2736 4030 2997 4093 propug-

1719 4112 1895 4169 nator
1923 4108 2158 4167 exstitit
2189 4107 2560 4184 aliorumque
2593 4107 2998 4166 consiliorum.

1720 4217 1873 4273 quae
1905 4204 2050 4257 sunt
2080 4197 2464 4274 reprobanda,
2508 4198 2624 4255 fuit
2654 4198 2866 4255 fautor.
2930 4194 3000 4251 In

1719 4306 1789 4346 eo
1803 4291 2005 4346 tamen
2022 4286 2373 4356 laudandus,
2391 4285 2550 4361 quod
2563 4284 3004 4345 introducenti—

1719 4377 1919 4436 busin
1940 4377 2249 4436 concilium
2275 4373 2723 4434 multitudinem
2747 4372 3001 4451 presby-

1801 4572 1834 4631 1)
1864 4564 2307 4619 Praenotionum
2326 4578 2525 4617 canon.
2552 4562 2589 4617 1.
2615 4567 2649 4619 ὃ
2674 4580 2718 4615 c.
2736 4567 2766 4619 7
2792 4582 2847 4632 p.
2876 4566 3000 4618 4123.

1795 4641 1836 4697 ἣ
1864 4636 1947 4688 De
1989 4653 2104 4703 qua
2147 4634 2530 4689 controversia
2572 4636 2642 4687 cf.
2686 4633 2999 4703 Mongitore

1720 4708 1859 4762 bibl.
1887 4707 1984 4761 sic.
2012 4708 2080 4770 ll,
2107 4711 2192 4762 98.

1795 4784 1836 4851 ξι)
1865 4779 1947 4833 Cf.
1976 4778 2180 4846 Fleury
2218 4777 2349 4831 hist.
2388 4777 2521 4831 eccl.
2565 4778 2600 4831 1.
2642 4776 2746 4832 108
2783 4785 2810 4840 s
2836 4781 2904 4831 56
2928 4791 2999 4827 se.

1721 4850 2127 4905 Panormitano
2155 4866 2212 4902 se
2232 4850 2503 4918 opposuit
2524 4849 2552 4902 J
2560 4864 2609 4903 o.
2626 4846 3003 4917 Segoviensis.

1721 4926 1788 4976 ut
1811 4922 2021 4976 ibidem
2049 4930 2076 4987 ξ
2102 4926 2168 4976 57
2190 4920 2377 4991 legere
2405 4920 2631 4987 poteris.
