3475 5364
128 411 237 462 533

1078 393 1383 448 Dumndus
1408 410 1441 445 a
1468 412 1508 446 s.
1537 392 1840 448 porciano.

2647 408 2768 462 534

120 578 457 636 custodiam
509 580 689 655 praxi
728 584 790 638 et
833 580 1093 639 inductis
1139 600 1261 639 non
1304 581 1429 639 sine
1484 579 1680 653 (Saint
1712 579 2000 655 Pourcain
2041 579 2104 637 in
2138 572 2473 656 Arvernia).
2537 577 2608 634 In
2657 576 2770 635 fide

124 667 419 728 sodalium
456 669 937 728 contradictione
983 670 1156 729 novis
1209 669 1427 729 consti-

120 758 469 815 tutionibus
509 753 701 838 (quae
736 763 935 834 postea
965 760 1038 818 ab
1073 759 1301 818 ordinis
1334 776 1425 817 co·

122 846 298 904 mitiis
332 852 672 905 revocatae
703 843 893 927 fuere)
944 849 1095 907 satis
1129 848 1426 906 laxaverit.

124 937 359 993 Praeter
406 936 853 994 commentaria
894 937 959 994 in
993 937 1052 994 ll.
1102 936 1423 995 sententia·

122 1043 245 1082 rum
306 1024 506 1098 plura
564 1025 679 1083 alia
728 1027 1066 1101 composuit
1114 1045 1308 1101 opera,
1359 1033 1430 1083 nt

125 1113 503 1188 quodlibeta,
546 1114 818 1188 postillas
860 1133 1041 1190 super
1070 1115 1426 1173 Psalterium

125 1208 177 1259 et
205 1221 295 1277 ep.
345 1202 431 1260 ad
486 1203 760 1272 Galatas,
812 1205 1243 1279 reportationes
1275 1204 1337 1262 in
1379 1215 1427 1265 1.

131 1311 208 1366 ep.
237 1292 310 1348 ad
347 1290 747 1357 Corinthios;
794 1312 971 1369 opera
1002 1294 1429 1369 philosophica,

130 1381 183 1437 in
229 1380 469 1454 quibus
530 1380 758 1439 dicitur
810 1381 1142 1441 defendisse
1186 1383 1429 1442 atomis-

139 1489 302 1539 mum,
335 1488 411 1527 ex
448 1470 687 1545 quibus
731 1474 971 1530 tantum
1016 1472 1238 1547 prodiit
1280 1491 1429 1530 com-

142 1561 454 1616 mentm-ius
488 1561 561 1617 in
601 1563 681 1618 10
713 1560 769 1617 ll.
791 1561 1131 1620 Ethieorum
1151 1564 1430 1620 Aristote-

148 1649 239 1719 lis,-
263 1646 554 1706 Venetiis
598 1656 794 1715 1488;
840 1660 1021 1719 1500,
1056 1670 1090 1708 a
1119 1669 1237 1725 quo
1258 1668 1432 1726 opere

153 1735 319 1794 dietus
350 1742 454 1794 est
494 1776 526 1805 ,
545 1737 764 1795 Doctor
794 1738 1093 1819 moralis.‘
1159 1739 1430 1798 Officium

160 1844 365 1899 quoque
380 1826 740 1901 composuit
755 1843 863 1901 pro
883 1827 1185 1887 sodalibus
1201 1829 1261 1886 in
1279 1829 1432 1887 festo

157 1931 217 1969 ss.
245 1915 613 1990 stigmatum
636 1933 679 1972 s.
700 1915 993 1976 Francisci
1014 1916 1314 1993 Seraphici
1330 1916 1432 1977 ad·

156 2001 465 2062 hibendum
483 2002 557 2083 ¹).
613 2037 698 2047 -—
748 2004 860 2063 His
910 2006 1059 2064 adde
1112 2007 1277 2077 alios,
1330 2006 1436 2082 qui

159 2091 373 2164 quidem
424 2093 496 2150 in
551 2092 612 2149 ll.
664 2095 1094 2154 sententiarum
1127 2095 1435 2171 scripsisse

158 2197 260 2238 non
288 2180 607 2257 leguntur,
653 2182 920 2260 insignes
960 2189 1161 2243 tamen
1192 2184 1435 2244 fuerunt

162 2268 417 2346 theologi,
487 2289 751 2345 quorum
811 2272 1040 2332 labores
1087 2278 1437 2333 manserunt

164 2356 367 2425 inediti,
466 2365 547 2418 ut
624 2359 965 2420 Joannes
1034 2363 1431 2422 .Winchel-

170 2463 368 2505 saeus
418 2449 679 2525 Anglus,
712 2451 1049 2510 oxoniensis
1079 2452 1298 2521 doctor,
1333 2452 1436 2527 qui

168 2536 403 2594 novitius
444 2537 513 2596 Ο.
551 2541 608 2599 S.
640 2538 843 2598 Franc.
888 2540 1138 2599 decessit
1181 2536 1432 2623 (1326);

176 2622 622 2686 Franciscus
700 2628 868 2688 Toti
930 2629 1003 2689 de
1064 2630 1310 2690 Perusio
1372 2631 1435 2690 in

176 2712 361 2773 Tuscia
418 2716 754 2793 inquisitor
815 2723 1019 2778 contra
1079 2720 1432 2779 haereticam

178 2807 519 2874 pravitatem,
577 2807 714 2866 dein
764 2808 1076 2884 episcopus
1136 2811 1434 2869 sarnensis

180 2886 394 2971 (1333),
427 2896 538 2969 qui
574 2896 755 2954 etiam
787 2896 1124 2972 disputavit
1143 2899 1217 2956 de
1236 2905 1434 2974 potes-

181 2983 282 3037 tate
308 2983 705 3043 ecclesiastica
735 2989 796 3044 et
829 2995 1037 3045 contra
1065 2987 1433 3046 Ludovicum

186 3066 466 3129 Bavarum.
515 3106 602 3115 —
654 3074 1043 3134 Martinus
1094 3076 1167 3135 de
1219 3078 1431 3135 Alve-

186 3156 345 3216 wick
375 3161 784 3230 Northumber
824 3163 1030 3223 doctor
1059 3170 1120 3223 et
1152 3165 1437 3242 magister

191 3244 480 3325 theologiae
544 3253 879 3311 oxoniensis
940 3247 1004 3335 (†
1073 3252 1285 3333 1336).
1346 3241 1434 3296 ⁶--

190 3331 483 3397 Joannes
517 3341 592 3399 de
627 3341 814 3416 Ripa
865 3338 1077 3422 (Ripis)
1121 3343 1435 3421 theologus

196 3425 682 3496 nominatissimus,
716 3430 789 3488 de
821 3450 939 3505 quo
972 3432 1247 3509 legimus,
1299 3452 1433 3491 eum

198 3528 317 3574 ›suo
344 3520 604 3594 tempore
649 3519 891 3577 nullum
940 3520 1221 3580 habuisse
1252 3521 1435 3580 verbo

200 3601 246 3654 et
283 3600 503 3680 ingenio
554 3608 863 3684 potiorem,
916 3612 986 3666 ut
1034 3611 1162 3685 ejus
1212 3610 1438 3686 scripta

199 3689 455 3752 testantur
486 3693 567 3779 (fl.
613 3692 904 3778 1325*).‹

275 3875 397 3933 275.
424 3872 587 3933 Inter
638 3876 946 3952 theologos
998 3876 1062 3935 Ο.
1096 3876 1299 3935 Praed.
1335 3877 1439 3934 hac

208 3956 383 4026 epocha
435 3962 949 4023 nominatissimus
1009 3968 1102 4023 est
1148 3966 1197 4024 G
1212 3985 1254 4024 u
1269 3966 1289 4023 i
1307 3966 1326 4023 l
1344 3966 1438 4025 el-

210 4058 334 4102 mus
362 4046 432 4127 (¹2)
468 4052 774 4111 Durand
793 4053 938 4128 us2)
983 4074 1016 4112 a
1062 4073 1105 4112 s.
1158 4055 1438 4113 Porciano

272 4237 303 4298 ⁹)
324 4233 394 4288 Cf.
416 4238 585 4294 Jeiler
610 4240 722 4293 KL.
752 4241 816 4300 V,
845 4246 967 4297 374.

269 4307 303 4358 ²}
325 4307 395 4359 Ab
421 4311 520 4367 hoc
545 4312 829 4381 distingui
855 4313 1025 4366 debet
1062 4312 1272 4365 sodalis
1320 4313 1362 4364 D
1382 4330 1439 4365 u-

224 4376 444 4433 raudus
514 4385 583 4436 de
673 4383 1070 4436 Aureliaco
1152 4382 1438 4455 (Aurigae,
1490 4384 1655 4452 jussu
1705 4382 2014 4436 Clementis
2065 4382 2127 4434 V.

1485 672 1547 728 et
1597 668 1942 727 obedientia
1987 687 2265 728 romanae
2317 666 2613 725 Ecclesiae
2658 684 2769 724 nu·

1485 758 1670 817 tritus
1710 757 1956 831 juvenis
2008 759 2313 833 ingressus
2361 759 2455 813 est
2503 754 2768 813 ordinem

1488 867 1530 905 s.
1567 846 1856 906 Dominici
1903 850 1965 905 et
2014 846 2078 904 in
2124 848 2421 904 conventu
2469 863 2512 902 s.
2564 843 2770 902 Jacobi

1484 935 2022 1011 parisiensistudiis
2034 934 2325 993 incubuit.
2338 935 2389 991 A
2400 932 2769 991 ClementeV.

1488 1024 1844 1084 Avenionem
1878 1043 1927 1082 a.
1968 1034 2132 1088 1313
2176 1026 2421 1081 vocatur
2451 1022 2636 1080 lector
2669 1039 2767 1080 cu-

1486 1115 1610 1172 riae
1642 1118 1704 1172 et
1734 1114 2021 1189 magister
2052 1131 2096 1171 s.
2131 1112 2364 1180 Palatii,
2414 1111 2518 1185 qui
2568 1114 2630 1167 et
2658 1110 2770 1168 ibi-

1486 1203 1618 1277 dem
1652 1221 1722 1261 ss
1772 1203 1979 1261 literas
2025 1202 2542 1276 interpretaretur.
2606 1198 2769 1257 Idem

1491 1291 1789 1368 praestitit
1834 1292 1946 1350 sub
1992 1291 2223 1349 Joanne
2255 1288 2432 1347 XXII.
2479 1287 2771 1364 singulari

1485 1380 1783 1456 pontificis
1859 1380 2298 1456 approbatione,
2392 1378 2497 1452 qui
2575 1378 2771 1452 ipsum

1489 1491 1538 1528 a.
1586 1479 1745 1533 1318
1780 1469 1852 1527 ad
1887 1470 2082 1528 sedem
2104 1468 2460 1527 aniciensem
2482 1465 2588 1545 (Le
2609 1466 2769 1540 Puy-
2855 1535 2860 1541 ,

1488 1555 1810 1641 en-Velay)
1869 1559 2185 1633 promovit,
2237 1558 2375 1615 inde
2407 1576 2456 1613 a.
2501 1564 2662 1617 1326
2698 1554 2770 1613 ad

1489 1648 1851 1707 meldensem
1931 1647 2243 1705 transtulit
2322 1641 2382 1726 (†
2454 1656 2546 1707 10.
2611 1643 2769 1719 Sept.

1497 1732 1705 1817 1334).
1757 1735 1903 1806 ,Vir
1932 1735 2065 1804 fuit,
2099 1735 2301 1811 inquit
2346 1733 2632 1803 Quetif,
2679 1732 2772 1790 in-

1489 1826 1652 1902 genii
1702 1826 2068 1900 praestantia
2118 1826 2328 1893 clarus,
2377 1822 2538 1882 omni
2584 1822 2773 1881 scieu-

1488 1915 1709 1973 tiarum
1773 1933 1988 1992 genere
2038 1914 2330 1982 excultus,
2376 1910 2601 1970 tenacis
2648 1929 2771 1968 me·

1491 2004 1726 2073 moriae,
1782 2004 1935 2062 facili
1981 2002 2285 2079 praeditus
2336 2000 2589 2075 eloqui0,
2654 2019 2773 2075 quo

1490 2082 1636 2151 mire
1666 2111 1732 2151 ac
1764 2092 2018 2151 feliciter
2062 2092 2278 2151 mentis
2322 2094 2642 2165 conceptus
2675 2107 2771 2146 ex-

1490 2182 1814 2257 primebat:
1849 2182 1952 2239 sed
1970 2181 2075 2256 qui
2094 2181 2278 2239 tantis
2300 2178 2542 2236 dotibus
2563 2178 2771 2237 fretus,

1489 2271 1741 2347 privatis
1790 2271 1914 2329 suis
1958 2271 2147 2329 sensis
2192 2268 2444 2328 nimium
2490 2267 2772 2325 adhaesit.

1494 2359 1657 2418 Unde
1688 2360 1897 2419 relicta
1930 2378 2107 2434 quam
2141 2360 2203 2417 in
2232 2357 2446 2417 scholis
2479 2356 2776 2415 inbiberat

1491 2467 1532 2507 s,
1567 2449 1822 2508 Thomae
1854 2449 2139 2517 doctrina,
2183 2449 2292 2506 hoc
2323 2446 2488 2504 freno
2519 2445 2773 2503 coerceri

1490 2557 1609 2596 non
1642 2539 1891 2613 patiens,
1937 2537 2110 2614 genio
2157 2555 2219 2595 se
2267 2539 2466 2594 totum
2497 2534 2774 2610 permisit

1492 2635 1660 2687 suo.‘
1746 2625 1908 2686 -Hinc
1968 2646 2002 2686 a
2062 2625 2489 2685 Trithemio
2553 2623 2774 2682 dicitur

1492 2717 1902 2793 ,Scriptorum
1935 2734 1978 2774 s.
2011 2716 2265 2775 Thomae
2296 2715 2551 2790 primum
2569 2713 2772 2772 defen·

1492 2825 1605 2875 sor,
1620 2811 1831 2882 postea
1840 2824 1979 2864 vero
1991 2805 2311 2864 acerrimus
2325 2805 2726 2880 impugnator.
2743 2811 2770 2839 ‘¹

1496 2896 1607 2953 Sed
1650 2913 1774 2953 non
1821 2894 2013 2953 solnm
2058 2894 2304 2953 recessit
2346 2913 2380 2951 a
2430 2892 2697 2950 doctrina
2728 2909 2771 2949 s.

1490 2984 1759 3052 Thomae,
1808 2984 1911 3042 sed
1960 3003 1995 3041 a
2039 2982 2318 3059 pluribus
2349 2981 2582 3058 placitis
2617 2997 2771 3039 com-

1492 3073 1658 3131 muni
1707 3073 1938 3131 scholae
1987 3090 2284 3130 consensu
2338 3070 2592 3129 defensis
2644 3070 2771 3143 opi-

1490 3163 1741 3220 nionum
1758 3161 2151 3238 singularium
2175 3164 2490 3236 patronus:
2523 3158 2775 3234 ideoque

1492 3251 1913 3309 controversiis
1946 3254 2007 3308 et
2037 3249 2582 3326 oppugnationibus
2603 3266 2772 3323 prae·

1493 3526 1805 3597 positiones
1833 3543 1899 3579 ex
1930 3525 2187 3579 Dur-andi
2223 3525 2489 3595 operibus
2516 3527 2776 3592 exceptas

1492 3604 1789 3666 tamquam
1817 3616 1857 3651 s.
1887 3597 2135 3651 Thomae
2163 3596 2474 3651 contrarias
2491 3594 2656 3663 quasi
2674 3613 2774 3663 pro

1496 3675 1671 3723 matre
1699 3671 1896 3722 contra
1938 3669 2116 3722 filium
2158 3667 2464 3738 prodigum
2509 3683 2775 3736 pugnans

1494 3741 1828 3812 aggreditur
1873 3742 1929 3794 et
1973 3739 2197 3794 refellit.
2241 3739 2322 3792 Cf.
2354 3738 2552 3803 Quetif
2577 3739 2612 3802 Ι,
2641 3742 2773 3795 587:

1496 3812 1685 3866 Oudin
1716 3812 1809 3876 llI,
1839 3816 1958 3867 797.
1988 3845 2054 3851 -
2087 3810 2373 3881 Distingui
2409 3809 2582 3862 etiam
2610 3809 2775 3861 debet

1495 3901 1528 3937 a
1554 3884 1837 3939 Guilelmo
1870 3882 1915 3934 D
1934 3899 1969 3935 u
1988 3901 2015 3934 r
2030 3901 2063 3935 a
2079 3901 2116 3935 n
2134 3883 2169 3935 d
2187 3898 2218 3934 o
2247 3881 2559 3944 canonista,
2575 3880 2644 3932 de
2661 3897 2776 3947 quo

1496 3973 1668 4024 supra
1695 3973 1753 4024 p.
1777 3960 1883 4010 44⁶2
1912 3954 2159 4022 egimus;
2205 3956 2264 4007 et
2307 3953 2377 4005 ab
2422 3952 2535 4005 alio
2583 3953 2629 4005 G
2648 3950 2775 4004 uil.

1497 4026 1542 4078 D
1561 4046 1597 4079 u
1614 4044 1641 4078 r
1657 4043 1689 4079 a
1706 4045 1740 4076 n
1763 4028 1816 4079 ti
1833 4044 1857 4078 s
1903 4025 2239 4095 (Durando),
2287 4025 2457 4092 hujus
2498 4040 2560 4077 ex
2605 4023 2776 4075 fratre

1496 4102 1703 4168 nepote
1733 4101 1791 4150 et
1816 4097 1875 4150 in
1904 4097 2235 4179 episcopatu
2265 4094 2541 4149 meldensi
2569 4112 2777 4147 succes-

1497 4169 1748 4236 sore,qui
1773 4169 1904 4222 hinc
1925 4188 1948 4238 J
1970 4188 2005 4222 u
2025 4168 2095 4221 ni
2115 4184 2145 4220 ο
2163 4184 2190 4219 ι·
2215 4167 2399 4220 dictus
2427 4170 2511 4220 est
2538 4171 2581 4236 (ψ
2601 4170 2774 4221 13281.

1496 4241 1585 4294 cui
1616 4240 1889 4295 tribuitur
1914 4240 1952 4294 l.
1991 4243 2052 4293 de
2079 4243 2228 4292 modo
2255 4243 2550 4292 celebrandi
2573 4241 2781 4291 concilii

1496 4315 1554 4366 et
1601 4310 1940 4378 corruptelis
2000 4312 2060 4362 in
2113 4309 2364 4364 Ecclesia
2402 4307 2778 4363 reformandis

2177 4386 2240 4434 ut
2283 4382 2464 4434 fertur
2515 4381 2777 4448 scriptus,

224 4437 386 4525 Onllae
408 4456 611 4520 pariter
651 4455 711 4507 in
741 4455 1008 4525 Avernia)
1035 4471 1063 4506 a
1094 4455 1440 4509 nonnemine
1498 4452 1767 4522 Lugduni
1811 4459 1942 4509 1531
1988 4453 2048 4506 in
2074 4457 2134 4508 8:
2181 4451 2413 4505 Parisiis
2451 4456 2591 4507 1545
2627 4452 2686 4503 in
2715 4456 2774 4504 ὃς

224 4506 403 4573 habitus
441 4526 806 4579 consobrinus
850 4525 1046 4588 nostri,
1092 4528 1151 4579 et
1190 4526 1333 4579 forte
1378 4529 1442 4579 ut
1498 4530 1633 4582 1671
1685 4528 1807 4582 etc..
1854 4526 1950 4578 sed
1997 4529 2063 4578 ut
2105 4524 2203 4577 alii
2243 4526 2512 4576 statuunt
2551 4523 2776 4576 nonnisi

229 4581 281 4661 ab
309 4603 361 4640 eo
393 4592 842 4666 distingueretur,
884 4596 1441 4651 Durandellus
1498 4613 1598 4666 per
1638 4613 1913 4652 errorem:
1953 4613 1986 4648 a
2015 4595 2367 4648 Durando
2409 4595 2776 4660 Campano

230 4649 1007 4738 dictus.ejussuppar(fl.1334),
1031 4668 1339 4736 quicontra
1361 4669 1440 4738 ip·
1497 4671 1559 4722 0.
1612 4667 1749 4720 Min.
1790 4671 1837 4728 Η
1878 4684 1923 4720 c.
1969 4671 2126 4728 1340)
2190 4666 2420 4735 reginae
2476 4665 2696 4718 Galliae
2746 4680 2776 4714 a

235 4733 1443 4808 mmtamquamcorruptoremThomaeedidit
1497 4738 1966 4802 confessionibus,
2005 4739 2169 4805 cujus
2210 4737 2521 4790 laudantur
2548 4754 2693 4804 opus
2719 4735 2778 4785 in

236 4811 492 4878 ‘'mmmm,
518 4826 665 4879 quae
701 4809 911 4878 excipit
936 4811 998 4863 in
1026 4810 1223 4864 eodem
1252 4812 1440 4864 codice
1494 4817 1545 4866 4.
1567 4809 1995 4872 sententiarum,
2018 4815 2248 4862 Summa.
2283 4809 2520 4876 pulchra
2549 4807 2617 4860 de
2644 4805 2778 4858 casi-

236 4883 536 4955 matyrium
599 4888 945 4949 corruptorii,
995 4882 1064 4935 de
1117 4899 1249 4949 que,
1302 4900 1440 4935 num
1497 4883 1601 4935 bus
1641 4880 2036 4940 conscientiae.
2079 4885 2135 4933 et
2169 4879 2535 4933 directorium
2569 4877 2778 4930 confes-

243 4937 365 4996 enam
384 4951 539 5017 lpsius
564 4954 658 5017 sit,
685 4952 1003 5009 dubitatur.
1050 4953 1289 5007 Strenue
1319 4970 1440 5024 pro·
1497 4970 1704 5010 sorum.
