3475 5364
160 371 265 422 4⁰1
1050 352 1245 422 Raym.
1272 353 1501 418 Martin,
1528 351 1616 406 J0.
1643 351 1872 406 Beccus.
2643 368 2767 422 402

160 536 411 594 arabicae
446 536 743 595 instituta
774 538 1017 596 suerunt
1048 538 1263 597 studia.
1296 538 1433 597 «Iam
1488 539 1598 598 seil
1626 538 1691 597 in
1723 539 1849 596 telis
1878 539 2062 616 iyneIs
2091 545 2334 596 satanae
2373 537 2649 613 vulgavit
2674 536 2768 595 in-

159 643 283 684 vero
328 626 392 683 in
444 626 712 685 comitiis
761 626 1101 702 provinciae
1151 627 1434 703 hispanae
1489 631 1582 687 ter
1625 628 1743 686 alia
1786 627 1967 686 etiam
2020 625 2291 685 hebraice
2323 628 2386 684 et
2416 625 2603 684 latine
2648 625 2769 684 dis·

161 714 332 773 Toleti
390 724 565 777 1250
621 714 845 774 habitis
906 715 1252 792 designatus
1315 716 1436 776 fuit
1487 717 1863 792 putationem
1905 716 2064 775 inter
2108 715 2386 777 Moscheh
2416 715 2542 773 Ben
2574 714 2769 774 Nach-

162 803 541 877 Baymundus
588 823 721 863 cum
763 803 899 864 aliis
931 809 1153 881 septem
1184 805 1259 863 ad
1292 806 1435 864 haec
1489 825 1630 864 man
1648 805 2079 883 gerundensem
2101 808 2163 863 et
2181 804 2564 872 Christianos,
2588 803 2770 863 Pau·

161 892 461 951 excolenda
491 894 699 951 studia
733 894 884 962 ,hoc
914 894 1317 971 injungenteS,
1351 895 1437 954 ita
1489 895 1638 955 lum
1675 914 1743 953 ac
1775 894 2303 970 Raymundum
2346 888 2668 974 (nostrum)
2706 893 2769 952 O.

162 986 341 1056 patres
360 983 735 1060 congregati,
768 983 831 1040 in
861 983 1269 1042 remissionem
1300 1001 1435 1059 pec·
1490 984 1696 1042 Praed.
1728 986 2042 1059 praesente
2070 983 2294 1042 Jacobo
2339 1000 2479 1058 rege
2513 1001 2562 1041 a.
2603 992 2767 1046 1263

162 1076 408 1129 catorum
441 1071 805 1131 auctoritate
836 1071 1110 1149 magistri
1130 1077 1191 1131 et
1209 1074 1432 1140 nostra,
1490 1073 1789 1131 habitam:
1840 1073 1904 1130 in
1935 1091 2056 1148 qua
2098 1072 2355 1146 potiores
2403 1074 2603 1147 partes
2648 1072 2770 1148 egit

165 1159 322 1233 idque
351 1160 725 1235 imperantes
755 1161 982 1219 virtute
1002 1161 1431 1221 obedientiae‘.
1490 1162 1769 1221 Pablos
1849 1157 2125 1242 (Paulus)
2206 1159 2644 1220 Christiani
2701 1179 2772 1219 ex

164 1247 321 1308 Porro
349 1249 414 1306 in
436 1249 564 1307 hoc
608 1250 808 1309 studio
853 1249 1102 1327 emicuit
1133 1251 1433 1327 Raymun—
1487 1251 1782 1324 judaismo
1814 1251 1890 1313 ad
1920 1250 2092 1309 fidem
2126 1268 2449 1310 conversus
2469 1253 2532 1308 et
2550 1249 2770 1309 sodalis

164 1336 279 1405 dus,
336 1338 440 1412 qui
504 1338 871 1415 singularem
935 1339 1282 1416 linguarum
1332 1341 1431 1398 he·
1490 1341 1553 1399 O.
1587 1340 1808 1407 Praed.‚
1856 1339 2002 1398 adeo
2046 1343 2118 1398 ut
2160 1339 2226 1397 in
2256 1338 2627 1398 documentis
2660 1357 2769 1414 pu-

164 1425 390 1485 braicae.
445 1428 794 1487 chaldaicae
823 1430 885 1486 et
928 1428 1190 1488 arabicae
1242 1428 1430 1488 scien·
1488 1429 1657 1488 blicis
1690 1430 1882 1504 ipsius
1916 1429 2111 1488 solum
2157 1428 2265 1486 fiat
2306 1427 2545 1487 mentio.
2608 1428 2770 1486 Hen-

166 1516 292 1572 tiam
328 1522 418 1574 est
466 1516 743 1592 adeptus».
808 1516 963 1576 Hinc
1005 1518 1289 1577 adversus
1320 1517 1431 1576 Ju·
1488 1519 1647 1577 ricus
1698 1518 1942 1588 Denifle,
2006 1518 2312 1593 productis
2363 1517 2641 1593 pluribus
2696 1516 2771 1574 ad

166 1603 317 1661 dacos
378 1610 439 1663 et
504 1606 830 1665 Saracenos
897 1606 1192 1667 indefesse
1252 1607 1434 1665 verbo
1488 1625 1617 1666 eam
1668 1607 2079 1683 spectantibus
2138 1606 2526 1673 documentiS,
2579 1606 2773 1682 aperit

170 1693 391 1752 certavit
421 1700 484 1751 et
515 1695 775 1754 calamo:
823 1695 1074 1771 ideoque
1119 1696 1296 1755 etiam
1329 1695 1431 1754 ad·
1487 1696 1527 1754 J
1531 1696 1853 1755 udaeorum
1936 1696 2178 1755 fraudes
2260 1716 2294 1754 a
2371 1694 2772 1754 Nachmanide

172 1781 371 1839 hibitus
402 1783 525 1842 fuit
558 1803 596 1842 a
615 1784 835 1843 Jacobo
854 1785 899 1842 Ι.
929 1785 1261 1861 Aragoniae
1291 1803 1433 1862 rege
1487 1804 1678 1860 usque
1729 1785 1805 1843 ad
1855 1786 2063 1844 Graetz
2126 1789 2427 1843 auctorem
2492 1784 2771 1843 historiae

173 1887 285 1929 cum
314 1871 623 1931 sodalibus
643 1872 1182 1933 ad'discussionem
1214 1874 1431 1932 facien·
1488 1875 1875 1943 sardaeorum,
1930 1875 2033 1949 qui
2066 1873 2374 1932 victoriam
2406 1871 2771 1932 mendaciter

174 1958 287 2016 dam
319 1959 829 2036 blasphemiarum
862 1961 925 2020 in
957 1963 1129 2022 libris
1174 1962 1433 2021 thalmu-
1489 1968 1768 2023 asserunt
1791 1963 2183 2022 Nachmauidi
2197 1962 2262 2041 1).
2325 1961 2562 2020 Laudat
2590 1962 2771 2021 etiam

176 2047 299 2106 dicis
354 2056 793 2110 contentarum.
870 2052 1170 2111 Tunetum
1230 2056 1434 2127 postea
1487 2054 1563 2111 ib.
1632 2052 1918 2111 ineditam
1980 2052 2221 2111 Martini
2283 2052 2771 2127 Explanatiomm

174 2154 287 2194 cum
314 2138 355 2194 F
365 2139 697 2199 rancisco
730 2141 803 2199 de
835 2141 1125 2200 Cendra
1158 2138 1219 2221 (†
1241 2137 1430 2220 1280)
1486 2139 1724 2218 symboli
1770 2142 2178 2216 apostolorum
2210 2141 2286 2203 ad
2331 2140 2770 2199 institutionem

180 2243 229 2283 se
254 2228 498 2285 contulit
528 2229 757 2288 Mauris
776 2229 849 2288 ad
871 2230 1045 2289 fidem
1075 2230 1434 2289 adducendis
1488 2231 1773 2302 fidelium,
1807 2231 1869 2289 in
1900 2250 2021 2306 qua
2051 2230 2089 2289 J
2093 2229 2416 2290 udaeorum
2450 2232 2511 2287 et
2534 2229 2769 2288 Mauro-

180 2332 383 2389 operam
431 2317 711 2386 datur-ua,
765 2319 925 2393 quod
974 2319 1090 2378 iter
1139 2338 1259 2379 non
1308 2320 1433 2379 sine
1488 2340 1621 2379 rum
1667 2320 2016 2397 praesertim
2060 2318 2445 2378 difficultates
2476 2322 2537 2377 et
2567 2336 2771 2393 excep·

179 2401 349 2462 fructu
390 2405 524 2464 suit.
591 2407 794 2466 Rediit
842 2408 979 2467 inde
1026 2404 1252 2489 (1269)
1288 2410 1432 2467 Bar·
1489 2409 1680 2468 tiones
1713 2427 1854 2486 prae
1889 2409 2074 2467 oculis
2103 2409 2274 2484 ponit
2318 2425 2537 2483 easque
2575 2407 2769 2466 solvit.

184 2492 434 2552 cinonam.
498 2496 688 2554 Plura
739 2498 1071 2572 composuit
1113 2517 1291 2573 opera
1332 2499 1434 2556 ad·
1489 2498 1835 2573 Composuit
1887 2502 1948 2556 et
1992 2497 2411 2556 refutationem
2442 2496 2667 2557 Korani
2710 2500 2773 2554 et

184 2598 355 2639 versus
387 2584 653 2644 Judaeos
684 2591 745 2644 et
776 2586 1030 2651 Mauros,
1077 2587 1238 2646 inter
1283 2606 1434 2663 quae
1490 2587 1666 2645 aliam
1711 2606 1978 2646 errorum
2024 2586 2396 2647 «Iudaeorum
2429 2582 2768 2659 Capistrum

188 2672 529 2748 praecipuum
546 2675 860 2751 inscripsit
874 2674 1055 2754 Puqio
1072 2677 1228 2751 fidei,
1248 2677 1434 2736 latine
1491 2670 1933 2757 (capisterium)
1985 2675 2353 2736 Judaeorum
2405 2675 2768 2750 inscriptam,

186 2763 233 2815 et
270 2760 538 2828 hebraice,
575 2764 823 2823 Parisiis
861 2775 1026 2828 1642
1075 2766 1277 2825 studio
1309 2766 1431 2826 Jac.
1488 2785 1641 2841 quae
1670 2769 1928 2842 utraque
1959 2766 2175 2825 mansit
2201 2765 2442 2825 inedita.

194 2847 309 2906 Phil.
339 2852 660 2923 Maussaci;
706 2854 785 2912 ib.
840 2864 998 2918 1651
1050 2874 1184 2914 cum
1227 2856 1432 2914 obser-

193 2937 487 3000 vationibus
519 2943 577 3000 J.
612 2943 688 3001 de
720 2943 959 3013 Voisin3
992 2944 1225 3020 Lipsiae
1266 2954 1427 3008 1687
1581 2953 1725 3008 213.
1758 2944 1925 3003 Inter
1943 2962 2058 3013 eos,
2092 2944 2198 3019 qui
2218 2962 2323 3019 pro
2344 2942 2566 3002 unione
2588 2943 2768 3001 Grae-

194 3041 300 3083 cum
318 3028 632 3089 Hermanni
656 3031 872 3091 Judaei
904 3033 1187 3109 opusculo
1220 3034 1293 3091 de
1328 3051 1435 3092 sua
1488 3051 1688 3092 corum
1710 3051 1845 3091 cum
1864 3033 2125 3092 Ecclesia
2151 3051 2400 3092 romana
2428 3032 2773 3090 laborarunt

196 3119 527 3178 conversione
593 3139 740 3179 cura
800 3120 1103 3198 Carpzovii
1168 3119 1262 3204 (cf.
1319 3124 1430 3181 No·
1486 3122 1737 3197 ideoque
1783 3126 1988 3182 contra
2030 3123 2273 3182 illorum
2319 3139 2547 3180 errores
2586 3120 2769 3196 scrip-

199 3206 363 3264 mencl.
381 3207 490 3268 112.
526 3219 653 3272 422
693 3253 706 3279 ,
741 3226 891 3286 opus
909 3211 1085 3286 plane
1106 3211 1430 3288 egregium,
1490 3214 1716 3278 serunt,
1782 3212 2004 3270 eminet
2062 3210 2405 3270 Joannes
2479 3211 2770 3269 Beccus

204 3293 322 3363 quod
348 3297 510 3356 modo
540 3298 741 3357 adhuc
758 3297 798 3356 J
801 3298 974 3357 udaei
1005 3302 1338 3370 exhorrent,
1373 3304 1435 3360 et
1491 3296 1766 3379 (Veccus)
1790 3300 2505 3376 Constantinopolitanu8‚
2535 3299 2610 3356 ob
2631 3318 2769 3358 eru·

204 3383 495 3458 pretiosum,
528 3388 681 3463 quia
709 3389 936 3447 multos
969 3389 1210 3448 exhibet
1231 3393 1433 3448 textus
1488 3389 1773 3448 ditionem
1820 3389 2248 3464 chartophylax
2297 3388 2574 3447 ecclesiae
2603 3387 2768 3464 prin·

202 3469 414 3531 codicum
433 3475 827 3550 judaicorum,
862 3496 1009 3551 quos
1035 3478 1430 3552 posteriorum
1489 3478 1690 3554 cipalis
1741 3478 1931 3536 factus
1981 3482 2044 3536 et
2094 3478 2168 3535 ab
2218 3478 2353 3535 aula
2411 3477 2644 3553 legatus
2695 3476 2770 3535 ad

202 3560 484 3634 temporum
532 3565 753 3624 Judaei
798 3566 862 3624 in
908 3566 1272 3626 editionibus
1321 3568 1431 3626 im·
1488 3567 1857 3626 Ludovicum
1883 3567 1980 3625 IX.
2031 3585 2230 3644 regem
2265 3566 2487 3624 Galliae
2533 3565 2768 3623 missus.

204 3651 381 3739 pressis
428 3650 838 3736 omiseruntl).
920 3655 1162 3714 Constat
1215 3667 1249 3718 3
1302 3677 1432 3733 pp.;
1488 3656 1667 3715 Initio
1713 3655 1956 3731 quidem
2005 3655 2393 3715 occidentales
2425 3673 2534 3730 pro
2566 3654 2767 3712 haere·

206 3749 255 3789 m
280 3747 319 3795 l.
338 3758 440 3810 θος,
473 3743 577 3816 qui
611 3762 847 3802 omnem
876 3745 1298 3805 revelationem
1329 3764 1431 3804 ne·
1488 3745 1620 3803 tic-is
1652 3745 1864 3803 habuit
1888 3746 2202 3821 palamque
2235 3750 2305 3801 ut
2332 3743 2481 3802 tales
2512 3743 2768 3802 declara·

210 3830 335 3896 gant-
378 3829 715 3908 impugnat3
765 3832 904 3891 hinc
946 3834 1137 3911 magis
1169 3835 1430 3911 philoso-
1490 3835 1608 3892 vit:
1643 3834 1781 3892 hinc
1804 3834 1878 3892 ab
1897 3834 2257 3909 imperatore
2289 3851 2420 3891 cum
2453 3831 2678 3891 familia
2706 3832 2771 3890 in

209 3908 410 3982 phorum
438 3937 665 3979 errores
710 3921 994 3992 discutit;
1042 3922 1105 3981 in
1139 3933 1193 3986 2.
1227 3943 1297 3983 ex
1328 3944 1430 3983 va·
1488 3940 1778 3981 carcerem
1828 3923 2131 3998 conjectus
2181 3922 2368 3981 otium
2419 3924 2631 3980 nactus
2679 3925 2773 3980 est

214 3997 384 4062 tieiniis
440 4010 747 4068 messianis
794 4011 1090 4070 Messium
1142 4013 1267 4088 jam
1330 4013 1431 4071 ad·
1488 4011 1734 4071 vacandi
1768 4011 1986 4075 studio.
2049 4011 2325 4070 Lectione
2358 4010 2667 4079 librorum,
2706 4011 2772 4069 in

214 4090 398 4150 venisse
442 4099 730 4169 ostendit;
781 4100 846 4158 in
894 4109 950 4163 3.
984 4117 1056 4159 ss.
1105 4100 1429 4171 Trinitatis,
1487 4101 1692 4178 primis
1724 4100 2044 4177 Nicephori
2076 4099 2477 4176 Blemmydae‚
2512 4118 2771 4158 errorem

217 4182 390 4272 pecati
419 4185 728 4263 originalia,
761 4187 1184 4265 redemptionis
1212 4195 1431 4267 myste·
1488 4190 1732 4267 agnovit
1783 4192 1845 4248 et
1893 4189 2100 4248 exinde
2154 4189 2326 4248 stetit
2386 4206 2493 4264 pro
2552 4189 2771 4247 unione

216 4279 282 4321 na
303 4266 533 4333 defendit
573 4277 944 4354 argumentis
991 4298 1059 4338 ex
1106 4279 1230 4339 solo
1262 4282 1434 4338 textu
1488 4297 1624 4338 cum
1673 4278 1937 4337 Ecclesia
1986 4298 2230 4338 romana
2292 4277 2565 4337 ineunda.
2648 4278 2772 4336 Hac

219 4348 439 4449 hebraico
468 4381 505 4421 ε.
537 4365 875 4441 Scripturae
907 4368 970 4425 et
1001 4386 1071 4425 ex
1102 4367 1276 4426 libris
1296 4369 1432 4426 rab·
1487 4368 1723 4427 demum
1757 4369 1821 4426 in
1841 4368 2086 4427 consilio
2107 4367 2475 4444 lugdunensi
2492 4367 2564 4423 lI.
2600 4367 2766 4434 inita,

221 4436 456 4510 bmorum.
485 4452 547 4511 in
577 4455 797 4530 quibus
822 4458 951 4514 erat
969 4457 1429 4527 versatissimus,
1487 4461 1776 4515 renuente
1806 4456 1846 4515 J
1849 4457 2067 4533 osepho
2100 4457 2428 4532 patriarcha
2459 4457 2563 4515 ΟΡ.
2583 4457 2636 4515 ei
2667 4456 2768 4514 ad-

225 4524 517 4612 dsssumptis:
562 4543 852 4621 sagaciter
898 4564 1034 4603 vero
1066 4545 1106 4603 J
1108 4545 1430 4605 udaeorum
2307 4552 2311 4556 “

227 4625 523 4696 exceptiones
551 4631 748 4692 diluit.
811 4633 1144 4710 christoph.
1180 4635 1431 4712 Wagen·
1568 4702 1579 4734 ¹
1690 4697 1700 4707 ,
2216 4702 2245 4718 η
2469 4713 2481 4726 ⁸
2506 4713 2517 4725 .
2546 4703 2566 4722 q
2647 4707 2660 4725 Ἴ,

227 4716 481 4743 κ
1584 4699 1602 4768 )
1632 4696 1841 4753 Histor.
1883 4696 2079 4752 Jahrb.
2109 4703 2265 4754 1881.
2294 4697 2443 4763 VIII,
2470 4701 2767 4754 220—244.

235 4816 259 4858 q
290 4754 404 4821 ¹)Cf,
437 4759 642 4820 Kaulen
680 4764 824 4819 KL¹.
862 4765 933 4831 X,
972 4771 1104 4827 753:
1142 4767 1330 4825 Herm.
1372 4766 1431 4825 L.
1488 4766 1568 4821 De
1596 4768 1718 4838 ipso
1747 4768 1800 4821 N
1821 4785 1854 4821 a
1871 4786 1899 4822 c
1914 4769 1952 4822 h
1970 4787 2024 4822 m
2042 4785 2076 4822 a
2092 4768 2218 4822 nid
2236 4786 2282 4834 e,
2310 4768 2412 4837 qui
2433 4769 2604 4822 etiam
2626 4769 2772 4821 dice·

233 4821 381 4903 *Qk
397 4829 631 4895 Realene.
651 4837 801 4900 xlv,
821 4841 925 4894 545
944 4856 1003 4898 s.;
1032 4837 1305 4893 Nicolaus
1323 4842 1433 4893 An·
1493 4841 1658 4894 batur
1697 4839 1746 4892 R.
1760 4857 1794 4892 a
1811 4859 1865 4893 m
1885 4841 1920 4894 b
1935 4857 1969 4893 a
1983 4858 2023 4894 u
2065 4843 2109 4911 (ψ
2136 4843 2313 4911 1270),
2356 4844 2413 4893 et
2450 4841 2518 4892 de
2560 4840 2667 4892 hac
2695 4839 2771 4891 fa·

236 4888 379 4951 tomus
400 4901 521 4959 bibl.
542 4907 689 4979 hisp.
716 4910 828 4964 vet.
849 4908 918 4967 Π.
934 4908 974 4963 1.
994 4914 1028 4967 8
1049 4927 1094 4963 c.
1114 4915 1148 4967 6
1168 4929 1223 4963 n.
1240 4915 1344 4968 227
1361 4928 1431 4966 ss.
1487 4928 1643 4964 mosa
1670 4911 2063 4980 disputatione
2079 4912 2150 4964 cf.
2167 4910 2390 4966 Kaulen
2409 4911 2546 4963 KLff.
2564 4911 2632 4975 X,
2650 4914 2769 4966 764.
