3475 5364
568 401 734 455 1123

849 344 1242 440 '1501—1520.
1271 381 1584 453 Theologia
1609 382 1725 453 pol.
1753 382 1971 447 cunia,
1998 381 2068 435 se
2096 380 2356 449 cassinis,
2384 380 2555 450 sicci,
2583 381 2857 438 Donatus.

3014 401 3182 455 1124

563 588 589 628 s
605 573 633 628 t
647 590 680 629 a
696 588 728 628 e
759 569 1030 628 Theatini
1062 569 1126 629 Ο.
1160 569 1362 629 Praed.
1395 571 1761 629 conciociniis
1779 572 1842 628 in
1897 570 2269 645 praepositus
2289 571 2684 630 olomucensis
2696 566 2753 649 (†
2773 581 2844 635 15
2860 582 2885 633 1
2898 568 2982 653 3),
2995 569 3185 629 edidit

563 676 710 733 opus
738 659 1148 718 Andronicum
1177 659 1464 718 hebraicis
1495 659 1839 718 chaldaicis-

562 767 678 823 que
694 748 1007 807 sententiis
1023 747 1257 807 refertis
1272 744 1341 829 1),
1357 748 1634 808 Anconae
1653 759 1679 811 1
1697 758 1728 810 5
1742 759 1775 811 2
1785 759 1839 809 0.

570 874 643 884 -
712 836 1248 896 Gundisalvus
1327 837 1599 897 Garzia
1674 837 1747 896 de
1798 855 1840 895 s.

562 926 745 986 Maria
775 926 1357 1003 Caesaraugustanus
1403 945 1471 985 ex
1504 945 1716 1004 genere
1749 945 1841 985 ce-

560 1015 739 1075 lebris
787 1016 959 1074 Pauli
1002 1015 1075 1074 de
1124 1034 1167 1074 s.
1217 1015 1401 1074 Maria
1445 1010 1541 1098 (cf.
1575 1037 1631 1092 p.
1668 1010 1841 1098 812),

560 1104 791 1164 Alfonsi
834 1122 925 1180 ep.
976 1105 1497 1182 caesaraugustani
1526 1105 1845 1164 advocatus

560 1196 622 1251 et
631 1193 785 1270 juris
807 1193 1131 1263 consultuS,
1152 1213 1222 1252 ex
1237 1211 1532 1254 consensu
1550 1197 1622 1253 ut
1640 1194 1845 1253 ferunt

558 1282 760 1342 uxoris
838 1282 900 1340 Ο.
964 1283 1231 1342 carthus.
1297 1278 1546 1365 (1510),
1609 1286 1846 1359 praeter

558 1373 978 1431 constitutiones
1006 1373 1308 1450 synodales
1325 1372 1842 1449 caesaraugustani

558 1460 948 1537 episcopatus,
983 1460 1484 1538 Caesaraugustae
1511 1472 1537 1524 1
1555 1471 1677 1524 500
1699 1462 1764 1520 in
1787 1470 1841 1524 8.

558 1550 792 1626 aliaque
823 1549 1013 1608 edidit
1043 1551 1348 1627 egregium
1397 1551 1680 1627 anonymi
1711 1552 1842 1609 dia-

559 1640 749 1717 loqum
781 1639 1065 1698 Ecclesiae
1108 1647 1159 1697 et
1201 1658 1522 1717 synaqoyae
1566 1640 1687 1699 sive
1734 1658 1842 1715 pro

558 1727 817 1787 Ecclesia
858 1731 1063 1787 contra
1091 1746 1469 1805 synagogam,
1519 1747 1565 1792 s,
1606 1730 1641 1786 l.
1675 1732 1739 1787 et
1771 1749 1839 1801 a.,

559 1817 666 1893 qui
714 1817 980 1876 continet
1036 1814 1514 1895 redargutionem
1564 1818 1840 1876 absurdi-

559 1909 756 1965 tatum
800 1907 840 1969 1.
870 1905 1226 1968 Talmudset
1267 1906 1651 1965 fundamenta
1703 1925 1841 1982 pro·

558 1995 817 2054 bationis
850 1995 987 2054 fidei
1019 1992 1459 2076 christianae2).

653 2147 686 2200 5
697 2147 797 2201 34.
818 2137 1118 2197 Adversus
1135 2138 1457 2196 Waldenses
1475 2135 1642 2196 varia
1659 2155 1841 2213 opus-

559 2227 695 2285 cula
722 2224 1018 2303 scripsit⁸)
1057 2226 1339 2286 Samuel
1364 2225 1437 2284 de
1470 2225 1837 2297 cassinis,

560 2315 623 2375 Ο.
656 2316 794 2374 Min.
827 2334 947 2392 reg.
981 2315 1121 2385 obs.‚
1164 2314 1269 2389 qui
1315 2314 1532 2374 studiis
1576 2315 1839 2390 philoso-

558 2405 748 2479 phicis
793 2406 856 2463 et
902 2404 1250 2479 theologicis
1300 2422 1537 2479 operam
1596 2404 1840 2463 dederat

558 2494 812 2562 Parisiis,
849 2494 971 2552 scil.
1002 2494 1072 2551 de
1090 2500 1242 2551 statu
1264 2492 1565 2564 Ecclesiae,
1602 2493 1675 2552 de
1694 2513 1837 2569 pur-

556 2583 804 2660 gatori0,
845 2582 918 2640 de
963 2582 1261 2657 suffragiis
1306 2581 1742 2653 defunctorum,
1777 2586 1837 2641 et

555 2671 628 2732 de
676 2690 918 2749 corpore
976 2671 1209 2740 Christi,
1272 2691 1426 2746 quae
1485 2671 1838 2747 prodierunt

556 2762 959 2830 Cunei15103
993 2760 1333 2820 Ιηυεοιίυαηι
1364 2761 1431 2819 in
1461 2761 1834 2836 prophetiam

555 2851 646 2908 Fr.
679 2850 838 2912 Hier.
874 2849 1279 2920 Savonarolse,
1315 2849 1631 2909 Mediolani
1666 2859 1828 2913 1497

555 2939 620 2997 in
654 2949 725 3006 4;
779 2939 1113 3015 apologiam
1145 2941 1351 2997 contra
1384 2938 1703 3015 Wigand
1720 2959 1833 2997 um

555 3046 662 3102 pro
692 3028 1071 3086 immaculata
1113 3028 1493 3103 conceptionc
1532 3027 1629 3108 (ut
1671 3028 1833 3087 vide·

555 3120 659 3174 tur
689 3112 1035 3198 ineditam);
1068 3117 1474 3192 quaestionem
1506 3117 1831 3186 lamiarum,

556 3223 738 3280 quam
814 3205 1278 3283 impugnandam
1357 3207 1620 3282 suscepit
1667 3206 1832 3265 Vinc.

557 3294 808 3354 Dodus
860 3295 924 3353 Ο.
956 3295 1158 3354 Praed.
1189 3313 1297 3354 nec
1328 3295 1457 3354 sine
1488 3296 1833 3366 acrimonia;

554 3383 590 3445 l.
635 3384 1001 3461 isagogicum
1048 3385 1113 3443 in
1161 3385 1356 3461 apices
1408 3384 1566 3444 Scoti
1616 3385 1691 3443 ad
1740 3385 1833 3443 in-

553 3473 899 3551 vestiganda
928 3474 1266 3533 Aristotelis
1298 3473 1611 3550 principia,
1646 3474 1835 3533 Vene-

553 3562 653 3622 tiis
694 3573 892 3634 1493,
926 3563 1109 3622 Ounei
1149 3573 1312 3627 1510
1348 3563 1413 3622 in
1443 3563 1513 3632 f.;
1565 3563 1601 3621 l.
1636 3564 1832 3640 isago-

552 3652 750 3728 gicum
796 3654 1197 3711 continentem
1237 3653 1294 3711 ll.
1330 3655 1367 3710 4
1400 3653 1678 3729 loqicales,
1714 3654 1835 3711 Me-

552 3741 774 3801 diolani
843 3751 1042 3810 1494;
1122 3743 1161 3804 l.
1227 3750 1261 3804 3
1325 3741 1696 3818 isagogicum
1757 3743 1838 3800 ad

543 3832 814 3907 physicos
846 3833 1038 3903 apices
1069 3831 1469 3907 assequendos,
1488 3831 1669 3890 Ounei
1690 3849 1734 3889 s.
1757 3850 1834 3901 a.;

553 3919 980 3995 expositionem
1025 3920 1321 3996 triplicem
1365 3921 1428 3977 in
1474 3917 1517 3978 8
1546 3921 1605 3980 ll.
1629 3921 1834 3996 physi-

551 4027 768 4084 corum,
822 4009 1006 4067 Cunei
1049 4018 1240 4079 15103
1289 4028 1342 4084 q.
1389 4003 1733 4088 (copiosam)
1768 4010 1837 4067 de

551 4098 983 4155 immortalitate
1014 4100 1261 4169 animae,
1308 4098 1624 4157 Mediolani
1665 4108 1831 4162 1498

1898 660 2099 717 literas
2133 656 2628 741 (1500—1503)
2649 661 3184 735 contraperfidiam

1913 749 2316 825 Waldensium,
2368 749 2597 825 Lipsiae
2638 759 2980 813 1510--11
3021 745 3184 830 (cum

1897 837 2029 895 aliis
2078 837 2375 913 opusculis
2418 838 2630 897 similis
2664 834 3059 919 argumenti);
3104 842 3181 897 tr.

1898 927 1967 984 de
1995 933 2145 985 secta
2189 926 2603 997 Waldensium,
2650 927 2941 987 Olomucii
2982 937 3182 997 1500;

1900 1015 2090 1074 Series
2135 1034 2236 1075 seu
2284 1018 2576 1095 cataloqus
2624 1018 3021 1092 episcoporum
3064 1018 3180 1075 olo-

1900 1106 2270 1182 mucensium,
2308 1105 2569 1164 Viennae
2608 1115 2806 1177 1511;
2851 1106 3010 1182 apud
3045 1105 3182 1164 Fre—

1899 1194 2004 1252 her
2052 1194 2148 1253 SS.
2198 1213 2312 1253 rer.
2362 1194 2495 1253 boh.
2541 1196 2616 1265 II,
2653 1203 2774 1259 277
2812 1201 2952 1265 etc.;
3003 1213 3183 1270 quem

1897 1283 2213 1354 recensuit,
2246 1284 2624 1342 continuavit
2672 1285 2947 1361 notisque
2995 1284 3182 1343 histo-

1898 1372 2474 1449 rico-chronologicis
2562 1374 2888 1433 illustravit
2975 1373 3035 1431 F.
3113 1363 3185 1431 X}

1897 1461 2151 1531 Richter,
2200 1462 2489 1521 Olomucii
2541 1470 2697 1526 1831
2750 1463 2814 1520 in
2859 1472 2913 1526 8.
2947 1497 3036 1508 --
3066 1462 3183 1520 Al-

1897 1550 2245 1625 phonsus
2309 1551 2521 1610 Bicci
2584 1569 2629 1610 s.
2675 1551 3012 1629 theologiae
3057 1571 3183 1609 ma-

1897 1640 2082 1715 gister
2122 1642 2183 1698 et
2226 1640 2646 1699 sententisrius
2691 1641 3056 1716 parisiensis,
3088 1660 3183 1699 re-

1896 1728 2028 1804 giae
2058 1728 2261 1788 domui
2295 1748 2331 1788 a
2361 1729 2846 1801 confessionibus,
2880 1730 3182 1807 dialogum

1896 1816 2099 1887 edidit,
2134 1836 2251 1893 quo
2283 1836 2352 1875 ex
2385 1837 2428 1877 s.
2452 1818 2793 1895 Scripturae
2822 1820 3181 1895 priscorum-

1897 1925 2013 1981 que
2062 1909 2300 1983 patrum
2351 1907 2728 1985 dogmatibus
2765 1910 3184 1986 purqatorium

1896 1996 2205 2055 animabus
2202 1998 2543 2073 purqandis
2553 2005 2981 2073 praeparatum
2991 2001 3184 2056 osten·

1897 2084 2063 2143 ditur
2106 2086 2391 2143 adversus
2420 2085 2759 2145 Waldenses
2798 2087 3183 2146 interlocuto-

1894 2173 2062 2232 ribus
2110 2173 2412 2233 Waldensi
2462 2179 2524 2234 et
2571 2175 2704 2246 fide,
2767 2176 2994 2235 arbitra
3041 2195 3181 2235 vero

1894 2263 2166 2333 veritate,
2218 2263 2459 2323 Parisiis
2518 2274 2682 2327 1509
2730 2264 2795 2323 in
2847 2275 2919 2333 43
2979 2274 3179 2331 1512;

1894 2354 2151 2427 quaestio
2211 2354 2540 2429 perpulcra,
2595 2372 2716 2428 qua
2763 2353 3179 2431 investigatur,

1894 2460 1971 2499 an
2030 2442 2311 2500 meritum
2372 2443 2709 2501 exsistentis
2770 2443 2832 2502 in
2882 2443 3181 2519 prosperis

1894 2531 2150 2606 amplius
2202 2530 2299 2600 sit,
2352 2550 2532 2607 quam
2581 2531 2747 2589 illius
2794 2532 2901 2607 qui
2931 2531 3047 2591 fert
3076 2551 3178 2607 pa—

1893 2618 2112 2677 tienter
2166 2619 2447 2679 adversa:
2494 2620 2599 2679 ubi
2647 2638 2752 2697 pro
2799 2620 3047 2680 adversa
3074 2641 3178 2698 pa-

1892 2708 2113 2768 tienter
2143 2710 2478 2769 sustinente
2511 2710 2829 2770 concludit.
2873 2712 3178 2770 Eruditio-

1890 2816 1989 2855 nes
2017 2800 2371 2858 christianae
2414 2801 2725 2877 reliyionis,
2757 2800 3002 2859 Parisiis
3035 2819 3078 2859 s.
3109 2820 3178 2866 a.,

1891 2889 2087 2962 quoin
2102 2888 2386 2964 opusculo
2400 2893 2607 2948 auctor
2620 2889 2745 2965 agit
2762 2889 2835 2948 de
2851 2890 3181 2949 virtutibus

1890 2977 2237 3053 theologicis
2268 2981 2331 3036 et
2360 2978 2777 3037 cardinalibus.

1983 3163 2126 3218 535.
2160 3154 2561 3233 Hieronymus
2596 3156 2643 3214 D
2666 3174 2757 3215 on
2779 3160 2977 3226 atus,
3025 3156 3179 3215 alius

1890 3263 1924 3302 a
1972 3244 2354 3305 Ludovico
2406 3245 2470 3303 D.
2507 3241 2602 3327 (cf.
2636 3265 2691 3322 p.
2734 3240 2943 3327 1020),
2994 3246 3179 3321 patri-

1892 3333 2019 3392 cius
2051 3334 2319 3404 venetuS,
2354 3334 2515 3394 obita
2548 3333 2622 3393 ad
2644 3333 2682 3392 J
2686 3334 2880 3394 ulium
2910 3334 2985 3393 11.
3017 3335 3177 3412 lega-

1890 3422 2050 3481 tione
2081 3422 2155 3481 de
2199 3423 2392 3497 patria
2439 3423 2589 3482 bene
2638 3424 2903 3493 meritus,
2951 3424 3179 3483 nullius

1891 3511 2136 3588 ignarus
2167 3510 2486 3582 doctrinae,
2522 3515 2712 3588 poeta,
2736 3515 2952 3582 orator,
2985 3513 3177 3589 philo-

1892 3601 2134 3676 sophus,
2168 3600 2501 3678 theologus,
2526 3601 2979 3660 mathematicus
3011 3620 3177 3678 pere-

1892 3689 2133 3766 gregius
2145 3686 2213 3769 1),
2277 3690 2523 3765 reliquit
2570 3691 2870 3750 versiones
2932 3710 3177 3767 operum

1892 3795 2238 3855 graecorum
2251 3779 2487 3854 aliaque
2503 3779 2720 3855 scripta
2745 3777 2892 3862 (fere
2907 3776 3175 3860 inedita),

1890 3868 2049 3926 inter
2077 3886 2229 3942 quae
2261 3868 2299 3924 1.
2321 3868 2604 3927 adversus
2625 3869 2874 3928 Graecos
2894 3870 2962 3927 de
2980 3888 3174 3928 sacro-

1890 3976 2025 4016 rum
2046 3959 2394 4030 principatu
2441 3976 2573 4016 cum
2625 3977 2865 4017 romano
2895 3958 3175 4034 pontifice

1890 4046 2334 4116 contendenteS,
2384 4047 2647 4106 Venetiis
2700 4056 2886 4118 1525;
2919 4049 2988 4106 de
3025 4065 3174 4122 pro-

1889 4137 2136 4194 cessione
2198 4135 2462 4209 Spiritus
2522 4156 2567 4196 s.
2631 4138 2687 4198 ll.
2754 4139 2792 4194 4
2851 4136 3010 4212 apud
3059 4136 3175 4196 Mai

552 4189 660 4244 0¹³⁰·
730 4214 852 4229 -’
893 4186 1272 4287 Augfflffiffffl
1350 4187 1836 4288 KP³⁸⁰¹¹bF⁰¹²
1891 4224 2101 4301 Script.
2146 4229 2260 4283 vet.
2307 4225 2435 4292 vn,
2494 4234 2766 4288 1—162.
2818 4258 2907 4269 -
2955 4225 3177 4284 eontra

554 4273 933 4354 (Kasenbrot)
968 4276 1289 4336 Wladffllao
1309 4296 1436 4353 1⁰3¹
1454 4297 1486 4334 a
1508 4273 1830 4357 secret¹⁸⁴)’
1889 4314 2211 4373 Lutherum
2244 4314 2484 4391 scripsit
2528 4317 2666 4390 post
2710 4314 3170 4390 disputationem

554 4519 604 4571 Π
631 4445 769 4574 {gn
785 4446 969 4516 operis
986 4445 1428 4517 descriptionem
1440 4446 1597 4518 apud
1609 4446 1832 4501 Echard

1888 4403 2122 4478 Lipsiae
2144 4403 2404 4462 habitam
2436 4402 2779 4462 Joannes
2812 4404 3108 4463 Rubius
3140 4424 3173 4462 e

1890 4493 2211 4551 Franconia
2257 4492 2375 4551 duo
2426 4494 2730 4567 opuscula,
2783 4493 2939 4551 inter
2986 4512 3170 4569 quae:

626 4596 665 4656 ²)
694 4589 777 4645 Cf.
805 4590 855 4644 N
859 4589 925 4646 ie.
952 4590 1237 4644 Antonius
1264 4590 1412 4645 Bibl.
1441 4589 1601 4659 Hisp.
1630 4593 1741 4644 vet.
1764 4591 1830 4655 11,
1888 4582 2210 4641 Solutiones
2227 4600 2298 4639 ac
2315 4599 2591 4655 responsa
2622 4582 3169 4658 wittehergensium

548 4665 685 4723 362;
713 4678 893 4717 novae
917 4663 957 4728 l,
985 4667 1089 4718 555
1118 4681 1186 4716 ss,

624 4738 664 4804 ³)
713 4734 795 4789 Cf.
845 4734 1098 4804 Argelati
1145 4753 1202 4803 p.
1244 4737 1349 4789 339
1394 4735 1452 4786 et
1495 4733 1829 4802 praesertim

551 4823 607 4875 p.
634 4811 770 4864 1971
802 4823 870 4861 ss.

1886 4806 1992 4871 lus,
2021 4804 2268 4860 Dresdae
2295 4808 2466 4866 1758:
2494 4804 2774 4860 Balbinus
2801 4805 2941 4859 Boh.
2970 4804 3170 4859 doctae

624 4882 665 4948 ⁴)
694 4877 776 4931 Cf.
805 4877 1053 4931 Boehme
1077 4877 1165 4929 Jh.
1199 4880 1280 4939 G„
1323 4875 1391 4928 de
1419 4878 1568 4946 Aug.
1606 4875 1831 4928 Plomu·
1890 4878 1957 4940 11,
1985 4881 2109 4933 157.

551 4948 705 5000 censi
732 4951 790 5002 et
816 4952 1012 5016 patera
1040 4948 1161 5016 ejus
1189 4963 1362 4999 aurea
1401 4947 1830 5000 commentario·

1967 4953 2002 5018 ¹)
2028 4947 2195 5017 Degli
2222 4948 2484 5017 Agostini
2519 4948 2706 5002 Scritt.
2743 4948 2933 5000 veneti
2960 4949 3023 5013 11,
3045 4952 3168 5004 201.
