3475 5364
642 345 759 398 471

1403 334 1775 388 1301-1325.
1803 329 2113 401 Theologia
2141 328 2495 388 scholastica.

3134 349 3271 403 472

639 515 883 574 ensibus
914 512 1261 589 captivitate
1282 515 1549 583 solvitur,
1584 536 1919 594 magnoque
1974 518 2225 576 maxime
2237 516 3280 593 fuitcommendabile,quodsummo

638 605 762 662 zelo
784 609 845 663 et
864 603 1154 662 indefesso
1176 607 1396 663 conatu
1416 604 1637 680 ubique
1657 606 1920 665 locorum
1976 606 2184 666 ardore
2217 610 2278 664 et
2308 606 2637 665 incredibili
2684 606 2887 664 labore
2932 605 3280 664 infidelium

638 693 996 751 Christianos
1046 693 1116 751 ad
1162 711 1392 751 sacrum
1424 693 1649 751 bellum
1685 713 1920 753 movere

638 782 857 849 studet,
935 782 1036 840 sed
1112 781 1349 840 frustra.
1429 784 1695 858 Denique
1776 784 1920 842 Pisis

636 892 684 929 a.
730 880 892 934 1314
944 871 1193 929 tertium
1243 871 1510 930 ordinem
1545 892 1587 929 s.
1621 873 1920 932 Francisci

635 960 971 1038 ingreditur
986 960 1356 1019 venerandus
1372 980 1547 1019 senex
1567 956 1592 1041 (
1588 964 1612 1036 j
1621 963 1919 1021 uxtaalios

627 1050 752 1126 jam
798 1050 905 1108 diu
949 1044 1166 1128 antea),
1214 1054 1275 1107 et
1323 1051 1595 1126 martyrii
1628 1050 1917 1109 desiderio

637 1157 915 1197 accensus
948 1138 1127 1196 tertia
1145 1138 1271 1196 vice
1289 1139 1352 1196 in
1373 1138 1630 1198 Africam
1652 1140 1914 1217 navigat,

636 1227 740 1286 sed
761 1228 1011 1303 pessime
1030 1231 1308 1303 exceptus
1329 1227 1691 1287 calamitates
1706 1248 1918 1306 graves

635 1317 843 1375 incidit
891 1321 953 1374 et
1000 1315 1295 1391 lapidibus
1345 1318 1597 1375 obrutus
1629 1338 1663 1375 a
1694 1337 1914 1376 merca·

633 1406 865 1465 toribus
914 1406 1315 1483 genuensibus
1367 1406 1637 1480 eripitur,
1702 1407 1803 1465 sed
1855 1408 1919 1465 in

634 1497 772 1554 navi
818 1514 886 1552 ex
920 1494 1288 1564 vulneribus,
1338 1515 1487 1570 quae
1534 1496 1915 1565 sustinuerat,

636 1584 955 1643 succubuit
994 1592 1093 1645 30.
1128 1583 1269 1642 Jun.
1310 1594 1474 1647 1315
1512 1605 1558 1641 a.
1581 1586 1794 1643 aetatis
1818 1596 1915 1647 80.

634 1674 769 1748 Ipse
799 1675 884 1731 ita
915 1692 1080 1730 suam
1115 1673 1294 1730 vitam
1317 1674 1523 1748 paucis
1543 1674 1825 1731 describit
1840 1672 1916 1751 ι);

637 1763 870 1830 ,Homo
914 1761 1002 1819 fui
1048 1762 1111 1820 in
1157 1762 1537 1821 matrimonio
1584 1762 1916 1838 copulatuS,

633 1851 859 1926 prolem
881 1850 1080 1918 habui,
1103 1854 1509 1925 competenter
1537 1851 1719 1920 dives,
1743 1852 1917 1910 lasci-

633 1959 746 1998 vus
778 1943 838 1998 et
868 1940 1225 1997 mundanus
1290 1939 1500 1997 Omnia
1548 1945 1618 1999 ut
1663 1940 1773 1999 Dei
1815 1941 1918 1999 ho-

633 2047 835 2088 norem
871 2033 932 2086 et
954 2028 1172 2086 bonum
1199 2028 1504 2103 publicum
1528 2048 1762 2104 possem
1782 2050 1916 2105 pro-

632 2137 839 2177 curare
860 2120 919 2175 et
939 2120 1198 2176 sanctam
1222 2118 1396 2175 fidem
1429 2119 1706 2187 exaltare,
1731 2119 1917 2177 liben-

631 2211 724 2266 ter
755 2206 968 2265 dimisi.
1003 2206 1324 2265 Arabicum
1359 2207 1558 2273 didici,
1580 2208 1809 2283 pluries
1843 2209 1914 2267 ad

631 2295 1091 2372 praedicandum
1126 2296 1430 2355 Saracenis
1464 2296 1637 2366 exivi,
1673 2301 1918 2374 propter

632 2385 806 2444 fidem
838 2390 1047 2462 captus
1068 2385 1173 2448 fui,
1195 2385 1608 2454 incarceratuS,
1644 2386 1915 2445 verbera-

630 2479 759 2533 tus:
798 2485 875 2537 45
914 2474 1087 2532 annis
1121 2477 1192 2531 ut
1224 2474 1520 2533 Ecclesiae
1550 2480 1811 2534 rectores
1843 2475 1916 2533 ad

630 2563 855 2621 bonum
887 2562 1194 2639 publicum
1243 2567 1304 2620 et
1350 2564 1701 2622 christianos
1749 2565 1916 2640 prin-

632 2653 789 2729 cipes
821 2670 1059 2710 movere
1091 2670 1343 2727 possem,
1393 2653 1678 2713 laboravi.
1743 2653 1918 2713 Nunc

632 2761 807 2801 senex
832 2743 974 2816 jam,
1009 2760 1170 2800 nunc
1191 2761 1416 2816 pauper
1437 2761 1586 2813 sum,
1618 2743 1682 2802 in
1707 2743 1910 2801 eodem

630 2832 933 2907 proposito
954 2851 1102 2900 sum,
1126 2832 1190 2889 in
1210 2831 1413 2889 eodem
1452 2851 1643 2907 usque
1664 2833 1739 2891 ad
1759 2851 1914 2890 moi·-

629 2924 752 2978 tem
784 2938 1122 2990 mansuruS,
1155 2920 1204 2977 si
1222 2920 1506 2979 Dominus
1539 2921 1668 2996 ipse
1687 2922 1853 2979 dabit
1867 2930 1912 2978 ‘.

631 3010 854 3085 Corpus
867 3010 996 3084 ejus
1010 3009 1343 3084 Majoricam
1363 3010 1628 3068 delatum
1640 3010 1773 3078 fuit,
1787 3010 1916 3086 ipse

631 3117 770 3157 vero
792 3098 865 3156 ab
886 3099 1340 3156 immemorabili
1361 3119 1575 3175 magno
1608 3100 1832 3158 colitur
1849 3100 1914 3157 in

630 3187 963 3246 balearibus
1008 3186 1225 3246 insulis
1271 3187 1491 3247 honore
1554 3192 1624 3246 ut
1683 3190 1912 3259 beatuS,

631 3280 874 3353 martyr.
928 3277 1146 3346 doctor,
1198 3281 1506 3351 patronus.
1569 3279 1673 3352 qui
1716 3278 1913 3336 cultus

632 3364 735 3424 diu
780 3365 853 3423 ab
899 3364 1159 3424 Ecclesia
1203 3385 1324 3424 non
1369 3367 1486 3425 fuit
1534 3368 1913 3443 approbatus„

631 3455 776 3513 Pius
819 3454 913 3514 IX.
978 3459 1174 3514 tamen
1226 3456 1499 3531 permisit
1547 3475 1653 3531 pro
1716 3457 1915 3515 insula

630 3544 1004 3603 mallorcensi
1079 3544 1338 3603 officium
1394 3546 1457 3603 in
1526 3544 1806 3604 honorem
1859 3546 1912 3603 b.

631 3633 968 3710 Raymundi
1002 3639 1062 3692 et
1093 3633 1290 3692 ordini
1314 3633 1585 3694 ,fratrum
1635 3635 1777 3692 Min.
1813 3655 1914 3693 an-

630 3743 816 3781 nuum
852 3723 1071 3781 festum
1104 3723 1385 3798 ejusdem.

727 3911 868 3963 247.
903 3901 1146 3959 Varium
1195 3905 1287 3959 est
1311 3901 1605 3975 judicium
1651 3902 1913 3961 erudito-

634 4009 767 4048 rum
800 3991 871 4048 de
903 4009 986 4048 eo.
1024 3990 1175 4048 Dum
1211 3990 1312 4047 alii
1348 3992 1597 4048 summis
1633 3991 1914 4050 laudibus

632 4098 767 4136 eum
800 4079 1110 4149 extollunt,
1144 4079 1454 4154 ingenium
1488 4081 1799 4150 mirantur,
1824 4101 1915 4139 ar-

1977 695 2210 754 curavit
2241 695 2696 754 conversionem.
2749 694 2912 753 Illud
2947 695 3126 754 etiam
3166 695 3284 753 ad-

1974 785 2262 854 mirabile,
2327 784 2621 860 quomodo
2680 784 2744 842 in
2794 787 3105 860 perpetuis
3173 786 3284 842 iti-

1974 874 2219 932 neribus
2252 875 2742 948 aerumnosisque
2775 872 3155 932 discursibus
3181 878 3282 931 tot

1975 963 2159 1021 libros
2191 963 2513 1038 scripserit,
2557 965 2680 1021 tam
2714 963 2880 1021 varia
2911 968 3286 1039 argumenta

1974 1052 2342 1121 tractaverit,
2405 1052 2492 1111 ita
2558 1056 2628 1109 ut
2677 1051 3031 1110 incredibile
3084 1052 3282 1111 ferme

1976 1140 2262 1209 videatur,
2294 1142 2487 1199 virum
2504 1141 2762 1199 incertae
2785 1141 2966 1205 sedis,
2980 1147 3283 1216 pei-petuo

1976 1230 2469 1305 peregrinantem,
2521 1230 2752 1288 nullius
2801 1229 3123 1305 adjutorio,
3177 1249 3282 1288 co·

1973 1318 2172 1378 dicum
2223 1318 2424 1395 inopia
2472 1317 2841 1376 laborantem
2892 1323 2991 1377 tot
3033 1321 3127 1377 sui
3181 1321 3281 1377 in-

1974 1408 2132 1483 genii
2157 1411 2544 1466 monumenta
2563 1408 2816 1483 posteris
2846 1409 3165 1482 reliquisse
3189 1454 3203 1464 .
3231 1453 3246 1465 .
3270 1453 3283 1463 .

1975 1496 2050 1554 Et
2081 1497 2321 1572 quidem
2371 1497 2422 1554 si
2468 1516 2587 1572 qua
2620 1496 2784 1554 labes
2832 1497 2899 1554 in
2933 1500 3160 1574 scripta
3196 1499 3283 1555 ir-

1974 1605 2034 1643 re
2044 1590 2253 1659 pserat‚
2267 1585 2317 1644 si
2329 1604 2449 1660 qua
2462 1585 2693 1643 macula
2704 1589 2848 1644 sunt
2868 1605 3195 1663 conspersa
3213 1584 3281 1665 ¹).

1973 1674 2138 1732 illam
2189 1676 2423 1733 abunde
2471 1692 2581 1733 suo
2625 1693 2830 1733 cruore
2880 1674 3085 1745 diluit,
3129 1685 3196 1733 et
3229 1676 3280 1733 si

1976 1763 2119 1837 quid
2151 1768 2483 1822 atramento
2515 1764 2796 1838 peccavit,
2831 1766 3133 1841 sauguine
3166 1784 3282 1841 pro

1974 1853 2191 1911 Christi
2238 1852 2353 1911 fide
2395 1871 2600 1928 sparso
2632 1871 2918 1929 generose
2951 1854 3216 1913 correxit
3230 1862 3276 1910 ‘.

1973 1940 2296 2000 Innumera
2341 1942 2576 2017 scripsit
2620 1960 2801 2015 opera
2844 1948 2909 2001 et
2963 1944 3274 2018 opuscula.

1974 2030 2124 2089 circa
2159 2041 2329 2094 4000
2365 2030 2578 2089 dicunt
2610 2031 2798 2106 aliqui
2818 2050 2925 2106 per
2945 2051 3272 2110 exaggera·

1975 2120 2215 2185 tionem,
2266 2121 2335 2177 ad
2371 2130 2495 2183 400
2539 2120 2634 2178 vel
2678 2120 2892 2178 saltem
2942 2122 3111 2179 ultra
3146 2131 3274 2185 3uo

2050 2329 2088 2397 ¹)
2117 2326 2299 2379 Notat
2324 2325 2620 2395 Waddiug
2645 2326 2753 2379 ib.:
2793 2325 3142 2383 „Sciendum
3172 2332 3276 2391 est,

2014 2398 2311 2465 raecipuos
2353 2396 2648 2451 doctrinae
2689 2413 2922 2459 errores,
2969 2414 3118 2465 quos
3149 2398 3276 2451 Nic.

2004 2468 2304 2536 ‘ymericus
2332 2470 2390 2521 et
2414 2484 2478 2521 ex
2499 2466 2609 2522 isto
2632 2469 2734 2522 alii
2756 2469 2890 2521 hinc
2911 2470 3173 2539 affigunt
3192 2470 3274 2531 R„

1972 2557 2089 2594 nou
2136 2556 2254 2594 esse
2295 2539 2468 2605 illius,
2516 2540 2615 2592 sed
2658 2541 2894 2593 alterius
2936 2539 3273 2608 Rayinuudi

1975 2611 2268 2681 neophyti,
2331 2611 2628 2681 cujusdam
2691 2611 2948 2665 instituti
3013 2612 3271 2682 religiosi

1970 2682 2217 2752 improbi
2263 2682 2503 2747 alumni,
2543 2684 2707 2752 cujus
2762 2682 3093 2737 memoriam
3144 2703 3275 2739 con-

1972 2754 2265 2810 demnavit
2328 2755 2636 2824 Gregorius
2699 2754 2826 2807 X1.··
2901 2754 3273 2822 Eymericum

1973 2829 2162 2880 tamen
2207 2830 2466 2880 nostrum
2513 2825 2578 2880 R.
2624 2824 2853 2879 Lullum
2901 2843 3041 2895 prae
3086 2830 3274 2882 oculis

1971 2898 2251 2958 habuisse,
2296 2897 2484 2966 liquet
2519 2913 2584 2950 ex
2624 2914 2831 2966 magna
2874 2898 3275 2952 sollicitudine

1971 2979 2029 3021 et
2053 2968 2375 3038 diligentia,
2403 2986 2519 3037 qua
2539 2968 2818 3022 Lullistae
2839 2984 2973 3022 eum
2992 2970 3068 3023 ab
3086 2970 3275 3040 ipsius

1971 3041 2334 3093 accusatione
2380 3041 2639 3094 tuentur.
2689 3039 2774 3096 cf.
2802 3040 3092 3110 prolixum
3119 3058 3270 3096 com·

1971 3112 2316 3165 mentarium
2381 3110 2604 3165 Sollerii
2669 3127 2796 3164 mox
2858 3111 3165 3167 citandum
3220 3119 3273 3164 et

1971 3181 2188 3235 Denifle
2231 3182 2432 3235 Archiv
2463 3188 2515 3242 4,
2542 3187 2809 3245 352-56,
2853 3199 2919 3235 ex
2966 3184 3185 3250 quibus
3214 3185 3274 3238 li·

1973 3259 2126 3321 quet,
2156 3254 2389 3307 omnino
2418 3256 2676 3308 nostrum
2695 3255 2758 3308 R.
2786 3253 2962 3307 fuisse
2989 3254 3271 3313 delatum.

1972 3329 2031 3378 et
2055 3343 2118 3378 ex
2160 3326 2344 3379 tribus
2387 3325 2557 3378 bullis
2599 3324 2859 3396 Gregorii
2887 3325 2983 3381 XI.
3020 3330 3270 3386 tertiam.

1970 3397 2032 3449 in
2077 3413 2191 3465 qua
2232 3396 2447 3450 mentio
2485 3397 2550 3450 fit
2589 3396 2969 3450 ducentorum
3011 3414 3266 3452 errorum

1972 3471 2030 3520 et
2053 3469 2370 3529 haeresum,
2407 3484 2554 3536 quae
2580 3473 2840 3537 repertae
2866 3469 3089 3523 suerint
3110 3470 3174 3523 in
3204 3475 3269 3526 ⁸20

1972 3537 2297 3607 Raymundi
2337 3538 2547 3592 libellis
2586 3539 2788 3608 lingua
2827 3538 3096 3593 catalaua
3122 3558 3267 3594 com·

1974 3610 2190 3679 positis,
2213 3613 2271 3664 et
2291 3627 2433 3678 quas
2452 3610 2574 3664 Nic.
2599 3610 2930 3678 Eymericus
2969 3627 3076 3664 suo
3097 3612 3264 3666 direc-

1974 3682 2119 3735 torio
2189 3680 2619 3750 inquisitorum,
2672 3681 2885 3735 Romae
2938 3686 3081 3739 1587
3134 3700 3263 3755 app.

1975 3772 2028 3822 p.
2057 3759 2143 3812 67,
2187 3753 2445 3816 inseruit,
2491 3771 2606 3806 non
2646 3754 2883 3823 reperiri
2929 3755 3166 3821 quidem
3213 3762 3263 3811 in

1972 3824 2227 3892 registris
2272 3843 2359 3893 ep.
2401 3823 2663 3894 Gregorii
2703 3826 2796 3879 XI.
2843 3824 3036 3878 adhuc
3079 3844 3262 3896 super·

1974 3896 2234 3949 stitibus:
2276 3895 2373 3949 sed
2415 3896 2522 3950 hoo
2565 3913 2679 3950 non
2707 3912 2827 3949 esse
2854 3903 3259 3965 argumentum

1972 3968 2260 4020 sufficiens
2301 3971 2500 4020 contra
2540 3968 2664 4036 ejus
2714 3968 3105 4024 authentiam.
3157 3968 3260 4021 Be·

1973 4038 2329 4094 nedictus
2373 4039 2518 4092 MV.
2558 4041 2628 4091 de
2667 4038 2864 4092 beatif.
2905 4043 3014 4093 ete.
3060 4041 3261 4097 i.c.40

1975 4127 2027 4163 n.
2052 4115 2105 4166 4.
2135 4111 2324 4163 bullae
2350 4109 2768 4179 genuinitateui
2801 4115 2999 4163 tuetur
3027 4127 3259 4179 eamque

631 4173 754 4226 tem
774 4168 1222 4243 depraedicant:
1256 4169 1359 4226 alii
1380 4188 1514 4227 eum
1538 4169 1918 4229 vehementer
1973 4180 2143 4251 dirigi
2172 4185 2371 4234 contra
2397 4181 2547 4234 Lulli
2575 4181 2757 4234 nostri
2792 4197 3027 4236 errores,
3096 4183 3255 4248 Quos-

633 4257 977 4332 dam-imunt
1010 4261 1069 4315 θῇ
1101 4259 1162 4315 jn
1197 4257 1493 4332 plerisque
1517 4257 1762 4334 indigne
1794 4265 1905 4316 tm.
1973 4251 2102 4304 dam
2131 4252 2335 4305 horum
2364 4268 2617 4305 errorum
2658 4253 2831 4306 refert
2856 4253 3182 4324 Denzinger
3203 4255 3256 4306 iii

632 4347 877 4406 ducunt.
943 4347 1061 4406 imo
1122 4350 1181 4404 et
1231 4347 1540 4405 haereticis

633 4437 1004 4493 Assentimur
1056 4436 1402 4511 WaddingO,
1455 4437 1561 4512 qui
1611 4436 1682 4495 de
1733 4456 1801 4496 eo
1835 4438 1918 4495 ita

1590 4353 1915 4406 accensent·
1973 4341 2074 4377 suo
2121 4323 2449 4378 Euchiridio
2496 4328 2684 4380 n.474
2710 4342 2781 4377 ss.
2834 4325 2917 4378 Cf.
2965 4323 3133 4380 Feret
3169 4326 3257 4385 ul,

1977 4400 2074 4450 137
2096 4429 2128 4434 -
2150 4400 2237 4458 48,
2281 4395 2381 4463 qui
2421 4400 2478 4449 et
2504 4395 2814 4465 specimina
2853 4412 3113 4450 errorum
3141 4396 3254 4450 Luli

1973 4466 2220 4518 breviter
2270 4465 2517 4521 exhibet.
2570 4467 2832 4520 Ceterum
2887 4484 3002 4520 iion
3057 4469 3256 4522 desunt

625 4525 857 4599 judicat
870 4520 949 4602 2):
1016 4525 1214 4594 „Illud
1277 4526 1517 4601 quidem
1569 4527 1630 4584 in
1681 4528 1916 4584 homine
1973 4541 2167 4591 nostra
2192 4537 2382 4590 adhuc
2408 4541 2594 4592 aetate
2641 4537 2740 4606 qui
2769 4538 2838 4591 de
2867 4537 3032 4592 illius
3046 4540 3254 4593 'bullae

1939 4604 1948 4700 l
1970 4609 2328 4690 senuinitate
2356 4609 2639 4663 dubitent.
2668 4608 2751 4666 Cf.
2778 4609 3105 4663 Hartmann
3127 4610 3253 4664 KLt’.

713 4683 748 4736 Γ)
767 4677 939 4747 Apud
955 4677 1246 4747 Wadding
1262 4678 1465 4730 Annal.
1483 4680 1545 4731 Ο.
1564 4677 1762 4734 Min.a.
1777 4684 1915 4735 1293
1976 4682 2039 4744 λ,
2067 4685 2168 4736 747
2197 4698 2267 4734 ss.
2286 4701 2298 4738 z
2339 4684 2406 4735 A.
2453 4680 2516 4735 R.
2569 4679 2612 4733 P
2628 4697 2702 4734 as
2721 4699 2758 4750 q
2775 4699 2812 4733 u
2829 4683 2911 4735 al.
2963 4680 3253 4736 Vindiciae

633 4766 688 4802 n.
715 4755 765 4805 3.

710 4829 749 4892 2⁸)
776 4819 1089 4890 Scriptores
1117 4821 1178 4874 O.
1207 4819 1345 4880 Min,
1378 4822 1437 4873 ln
1465 4821 1772 4875 annalibus
1801 4826 1838 4875 t.
1867 4827 1915 4878 2.

632 4896 689 4945 et
713 4897 761 4950 3.
791 4893 913 4945 fuse
941 4893 1063 4962 ejus
1091 4893 1267 4946 vitam
1295 4896 1351 4945 et
1378 4893 1694 4946 doctrinam
1723 4894 1913 4947 refert.

1972 4751 2270 4805 Lullianae
2320 4771 2361 4806 s,
2404 4751 2811 4806 demonstratio
2838 4752 3039 4806 critica
3064 4754 3252 4807 immu-

1973 4823 2172 4876 nitz-itis
2199 4823 2509 4878 illuminati
2526 4824 2773 4878 doctoris
2799 4825 2854 4878 b.
2881 4823 2944 4878 R.
2975 4824 3035 4877 L.
3057 4825 3250 4893 Marty-

1971 4894 2063 4956 ris,
2095 4895 2360 4963 Avignou
2390 4898 2427 4949 t.
2448 4901 2499 4951 4.
