3475 5364
477 353 499 402 ι
526 350 639 404 147
711 336 1081 390 1501—1520.
1110 331 1255 387 Hist.
1273 333 1407 388 eccl.
1422 332 1476 388 S.
1494 333 1564 387 de
1580 331 1914 399 comitibus,
1943 334 2191 399 Foresta,
2209 332 2401 399 Stella,
2421 332 2847 398 Volaterranus‚
2920 353 2946 405 1
2970 350 3086 405 148

470 519 722 597 Guigne,
756 518 1036 595 Lugduni
1077 527 1264 582 1883.
1293 552 1382 563 —
1415 518 1749 595 Sigismun-
1814 527 1999 588 1496,
2036 536 2189 593 quae
2221 519 2490 578 derivata
2520 521 2610 577 est
2640 537 2710 577 ex
2742 518 3090 577 collectione

472 610 582 667 dus
615 608 688 667 de
723 607 1150 667 Comitibus
1170 607 1452 684 Fulginas
1482 607 1751 683 quinque
1808 607 1996 684 magis
2031 608 2228 684 ampla
2255 608 2323 665 de
2344 609 2614 685 plurimis
2642 609 2822 666 claris
2848 608 3087 666 selectus-

471 696 853 774 pontificibus
871 697 1184 766 asscretis,
1217 697 1310 755 vir
1328 700 1485 756 certe
1500 716 1750 774 magnae
1805 715 1910 772 que
1957 697 2307 767 mulieribus,
2340 697 2499 756 inter
2528 714 2678 773 quas
2724 696 3088 755 mentionem

470 786 819 845 literaturae
866 783 927 868 (†
967 782 1159 866 1512)
1208 789 1410 846 narrat
1442 786 1748 844 historiam
1806 784 2288 845 facitetJoannae
2300 786 2896 861 papissae,Ferrariae
2919 793 3082 849 1497

471 876 567 935 sui
597 875 882 951 temporis
914 875 976 937 ll.
1018 884 1093 938 17
1135 874 1208 933 ab
1241 894 1292 938 a.
1331 884 1536 938 1475-
1562 884 1748 947 1510,
1805 873 1868 932 in
1884 874 3086 945 f.ed.raraetcara;Venetiis15063Pari-

469 983 621 1041 quae
653 964 889 1023 demum
907 962 1135 1039 prodiit
1164 982 1299 1023 cum
1316 964 1588 1023 versione
1605 963 1752 1022 itala
1806 962 1908 1020 siis
1947 972 2103 1026 1521
2132 986 2147 1035 ;
2185 963 2604 1039 Confessionale
2633 981 2737 1023 seu
2755 964 3086 1040 interroga-

471 1072 614 1113 cura
642 1053 811 1111 Ferd.
844 1052 1099 1123 Calabri,
1149 1052 1363 1111 Romae
1403 1062 1747 1117 1882—83
1805 1051 2023 1111 torium
2069 1052 2321 1112 aliorum
2361 1053 2756 1112 novissimum
2800 1052 2864 1110 in
2906 1070 3087 1111 usum

469 1148 512 1205 t.
552 1152 586 1206 2
619 1142 683 1200 in
719 1151 776 1218 8,
811 1160 961 1217 opus
992 1161 1028 1200 a
1058 1142 1185 1200 stili
1216 1142 1530 1219 elegantia,
1565 1142 1748 1218 scrip·
1805 1140 3085 1212 confessionaiiorumNenetiis1487315003

466 1231 615 1290 toris
647 1230 982 1300 veracitate,
1015 1231 1281 1290 muneris
1312 1250 1432 1306 quo
1460 1232 1747 1308 iungeba-
1803 1230 2166 1306 Antverpiae
2207 1242 2370 1294 1516
2403 1230 2471 1288 in
2504 1241 2559 1295 8.

468 1327 572 1379 tur
601 1324 903 1379 momento
932 1320 1265 1396 pretiosum
1293 1316 1363 1401 l).
1390 1354 1465 1365 -
1491 1320 1750 1379 Jacobus

468 1410 784 1486 Philippus
815 1409 861 1467 F
876 1427 909 1467 o
927 1428 959 1467 r
972 1427 1004 1467 e
1023 1427 1050 1466 s
1064 1414 1093 1468 t
1109 1431 1142 1467 a
1176 1404 1526 1491 (Forestus),
1576 1410 1624 1467 B
1641 1428 1672 1467 e
1688 1429 1747 1467 r-

1897 1417 2040 1470 544.
2072 1408 2113 1466 J
2115 1427 2333 1467 oannes
2353 1408 2431 1467 St
2450 1409 2519 1467 el
2536 1409 2607 1467 la
2631 1408 2676 1491 ι)
2699 1407 2971 1468 sacerdos
2986 1428 3084 1468 ve-

468 1498 852 1577 gomensis
884 1517 920 1556 a
948 1499 1148 1573 patria
1160 1499 1341 1575 vulgo
1363 1498 1576 1569 dictus,
1607 1498 1673 1560 O.
1691 1498 1747 1562 S.
1805 1499 1981 1556 nctus
2028 1496 2270 1573 scripsit
2313 1497 2696 1557 laudabiliter
2739 1500 2915 1556 vitam
2959 1507 3080 1562 230

469 1592 620 1665 Aug.
654 1606 723 1646 ex
759 1586 1008 1662 antiqua
1038 1587 1348 1663 nobilique
1377 1587 1598 1646 familia
1628 1587 1747 1646 ori-

467 1677 669 1737 undus
700 1696 749 1735 a.
806 1684 989 1748 1434,
1039 1677 1306 1753 plurium
1345 1682 1748 1736 conventuum

467 1766 630 1842 prior
662 1762 723 1845 (†
763 1775 858 1828 15.
890 1765 1033 1830 Jun.
1076 1762 1299 1846 1520),
1347 1766 1588 1842 collegit
1620 1764 1748 1824 sine

470 1854 790 1914 sufficienti
813 1854 1044 1930 judicio
1076 1855 1295 1926 critice,
1330 1854 1469 1915 stilo
1488 1873 1605 1913 non
1627 1854 1745 1913 ele-

467 1944 657 2021 ganti,
693 1944 838 2003 satis
868 1947 1067 2003 tamen
1098 1943 1280 2004 etiam
1314 1947 1517 2003 nostra
1552 1947 1745 2003 aetate

469 2033 618 2092 utile
649 2033 1105 2109 supplementum
1146 2034 1545 2092 chronicorum
1590 2033 1663 2090 ad
1694 2054 1743 2090 a.

476 2131 639 2187 1482
674 2121 732 2180 ll.
775 2131 869 2191 15,
918 2140 1027 2180 sua
1072 2125 1266 2181 aetate
1310 2121 1629 2180 lectoribus
1661 2121 1747 2179 ita

467 2214 722 2287 gratum,
755 2213 827 2268 ut
857 2211 1095 2270 vivente
1114 2211 1306 2269 adhuc
1326 2214 1564 2270 auctore
1594 2209 1745 2268 duo·

464 2300 659 2359 decies
691 2300 906 2358 saltem
936 2300 1117 2359 fuerit
1136 2299 1366 2359 editum
1387 2295 1458 2380 ²),
1480 2299 1743 2358 Venetiis

473 2398 637 2452 1483
703 2389 768 2447 in
812 2388 849 2445 f.
897 2407 1033 2448 cum
1083 2400 1158 2452 75
1213 2388 1742 2458 delineationibus;

476 2486 670 2548 14863
744 2486 907 2541 1490
970 2479 1386 2536 continuatum
1430 2477 1505 2536 ad
1556 2478 1609 2535 h.
1661 2497 1743 2545 a.;

476 2576 637 2630 1502
672 2567 746 2624 ad
778 2566 834 2624 h.
868 2586 915 2624 a.
950 2568 1389 2636 continuatum3
1431 2575 1616 2630 1503.
1649 2565 1742 2623 in-

464 2655 749 2732 scriptum
796 2656 1153 2715 Novi-ssimae
1182 2657 1437 2715 omnium
1468 2656 1741 2714 historia·

464 2764 598 2803 rum
640 2748 1126 2819 repercussiones,
1174 2764 1329 2820 quae
1362 2746 1740 2821 supplemen-

461 2838 592 2893 tum
626 2835 1025 2910 supplementi
1069 2834 1481 2893 chronicarum
1511 2851 1744 2893 nuncu-

462 2926 711 2997 pantur3
772 2932 969 2992 1506;
1028 2932 1227 2994 1513;
1272 2932 1470 2992 1535;
1508 2922 1744 2982 Norim-

462 3012 677 3088 bergae
728 3020 892 3074 1493
940 3012 1003 3069 in
1049 3011 1085 3069 f.
1119 3014 1227 3070 etc.
1273 3012 1493 3071 Narrat
1543 3013 1740 3071 autem

462 3101 804 3159 universam
818 3100 1109 3159 Ecclesiae
1130 3101 1237 3162 Dei
1266 3104 1327 3160 et
1358 3100 1743 3177 imperiorum

463 3189 794 3260 historiam,
811 3189 1053 3248 urbium
1068 3191 1525 3266 praecipuarum
1538 3190 1601 3248 in
1615 3192 1746 3249 tota

462 3278 583 3337 fere
614 3278 851 3354 Europa
897 3279 1155 3356 origines
1203 3283 1265 3338 et
1296 3298 1391 3338 res
1423 3281 1634 3357 gestas,
1682 3284 1744 3338 et

461 3368 524 3426 in
556 3367 670 3425 fine
703 3367 1075 3445 singulorum
1109 3370 1442 3427 seculorum
1475 3369 1745 3427 omnium

461 3457 791 3516 illustrium
823 3457 1104 3524 virorum,
1138 3458 1490 3534 principum,
1539 3457 1741 3517 docto-

459 3566 611 3617 rum,
645 3546 956 3619 artificum,
1004 3549 1362 3618 sanctorum‚
1412 3552 1742 3624 martyrum

460 3639 519 3694 et
565 3636 812 3695 aliorum
860 3637 1044 3696 vitam
1084 3636 1345 3696 breviter
1391 3640 1452 3694 et
1496 3654 1742 3696 nervose

459 3726 715 3802 exponit.
749 3727 886 3785 Non
916 3725 1306 3802 improbabile
1338 3725 1596 3795 videtur,
1615 3725 1742 3783 Tri-

458 3815 751 3875 themium
800 3815 865 3874 in
917 3815 1182 3891 catalogo
1234 3833 1340 3874 suo
1403 3812 1741 3873 adornando

459 3923 633 3962 usum
664 3923 731 3963 eo
764 3922 906 3963 esse.
953 3903 1159 3962 Edidit
1186 3904 1431 3980 insuper
1476 3902 1659 3961 Wtam
1691 3904 1739 3963 b.

474 3993 533 4050 V.
555 3993 785 4051 Mariae
806 3992 913 4050 Dei
944 3992 1250 4068 genitricis
1284 3992 1741 4069 gloriosissimae

457 4085 638 4156 atque
699 4082 1045 4156 angelorum
1105 4081 1342 4156 reginae
1362 4125 1375 4150 ‚
1439 4081 1741 4141 Ferrariae

537 4257 573 4322 ¹)
602 4250 683 4306 Cf.
735 4251 839 4306 Ad.
892 4250 1129 4305 Gottlob
1178 4250 1236 4304 in
1284 4250 1481 4312 histor,
1544 4250 1739 4306 Jahrb.

458 4327 599 4380 1886
639 4340 693 4392 p.
738 4326 1005 4387 304-24‚
1057 4321 1158 4377 ubi
1197 4323 1371 4377 habes
1414 4327 1739 4377 accuratam

452 4393 702 4448 auctoris
718 4392 920 4464 biogra
966 4392 1121 4471 biam
1134 4415 1146 4454 ;
1160 4393 1535 4449 recensionem
1551 4395 1740 4465 operis

456 4466 539 4519 ita
589 4464 868 4519 absolvit:
960 4482 992 4518 o
1043 4466 1198 4519 steht
1245 4465 1574 4535 Sigismund
1625 4483 1737 4520 von

456 4536 696 4607 Foligno
743 4537 815 4590 da
859 4536 944 4590 als
988 4536 1086 4590 der
1131 4538 1323 4592 besten
1371 4538 1526 4592 einer
1570 4540 1740 4592 unter

1804 1604 1947 1645 rom.
1982 1587 2322 1661 pontificum
2377 1607 2411 1645 a
2456 1605 2498 1644 s.
2544 1588 2722 1648 Petro
2770 1605 2963 1662 usque
3009 1586 3083 1646 ad

1803 1674 2038 1733 Julium
2083 1674 2176 1745 IL,
2211 1675 2476 1735 Venetiis
2527 1686 2687 1740 1505
2722 1680 2783 1734 et
2813 1675 3083 1735 Basileae

1813 1774 2006 1833 15073
2054 1783 2124 1823 ex
2171 1783 2288 1840 quo
2335 1783 2430 1841 op.
2461 1766 2586 1824 vita
2626 1785 2672 1824 s.
2703 1764 2975 1841 Gregorii
3005 1765 3082 1824 M.

1802 1853 2122 1928 praemissa
2151 1858 2249 1912 est
2276 1853 2365 1914 ed.
2385 1872 2631 1929 operum
2650 1854 2798 1929 ejus,
2818 1853 3083 1912 Basileae

1810 1951 1994 2004 1551.
2028 1976 2111 1987 -
2145 1942 2515 2013 Jacobus,
2562 1963 2596 2001 a
2641 1943 2835 2020 patria
2865 1935 3112 2001 Vola-⁸

1800 2033 1829 2088 t
1847 2047 1971 2088 err
1989 2049 2179 2091 anus
2218 2031 2434 2102 dictuS,
2451 2032 2821 2091 secretarius
2852 2034 2915 2090 et
2942 2050 3081 2108 pro-

1801 2121 2131 2180 tonotarius
2162 2122 2522 2196 apostolicus
2567 2117 2629 2202 (†
2669 2116 2894 2200 1516),
2941 2137 3080 2180 con-

1802 2207 2064 2268 cinnavit
2081 2210 2361 2268 Dimum
2393 2228 2700 2269 romanum
2718 2209 2792 2267 de
2808 2209 2963 2267 xisti
2983 2209 3079 2268 IV.

1801 2297 2150 2372 pontificatu
2182 2317 2231 2356 a.
2277 2308 2436 2361 1472
2455 2308 2641 2362 -84
2685 2298 2777 2362 ed.
2817 2317 2852 2357 a
2881 2299 3080 2357 Mura-

1800 2386 1915 2445 tori
1950 2387 2109 2446 inter
2141 2387 2242 2450 SS.
2273 2407 2382 2447 rer.
2414 2388 2482 2447 it.
2514 2386 2724 2457 XXIII,
2768 2397 2976 2451 1472·-
2996 2397 3078 2451 84

1800 2477 1862 2532 et
1904 2478 2077 2533 vitam
2121 2476 2253 2536 Jac.
2303 2476 2670 2536 Piccolomini
2744 2476 3078 2546 cardinaliS,

1800 2566 2035 2638 patroni
2067 2565 2179 2633 sui,
2227 2567 2606 2642 praemissam
2640 2565 3079 2625 commentariis

1800 2658 1861 2713 et
1875 2654 2142 2730 epistolis
2153 2654 2334 2731 hujus
2349 2655 2663 2717 cardinalis
2681 2651 2777 2735 (cf.
2799 2674 2853 2732 p.
2870 2665 2890 2717 1
2906 2666 2941 2718 0
2952 2650 3080 2735 38).

1892 2832 2035 2896 545.
2083 2833 2483 2910 Sinyulam‘um
2529 2836 2823 2910 reqionum
2868 2834 2964 2892 vel
2994 2853 3079 2891 ec·

1800 2923 2105 2980 etesiarum
2137 2922 2443 2981 historiam
2477 2925 2802 2982 texuerunt
2817 2921 2858 2981 J
2860 2940 3078 2981 oannes

1802 3010 2300 3070 Gerbrandus
2333 3011 2407 3070 de
2426 3012 2640 3088 Leydis
2676 3009 2913 3094 (Laidis,
2946 3011 3076 3071 Lei·

1800 3096 2043 3180 densis),
2079 3100 2144 3159 Ο.
2170 3101 2359 3160 Oarm.
2395 3102 2556 3177 prior
2585 3103 2912 3160 conventus
2943 3100 3077 3159 har-

1799 3189 2075 3248 lemensis
2109 3185 2171 3270 (†
2210 3185 2427 3271 1504),
2459 3191 2629 3267 cujus
2661 3193 2807 3250 sunt
2837 3189 3078 3249 Chroni-

1799 3296 1904 3336 con
1933 3280 2198 3337 comitum
2231 3278 2579 3337 Hollandiae
2593 3283 2655 3338 et
2672 3279 3076 3355 episcoporum

1800 3367 2312 3442 ultrajectensium
2359 3369 2433 3427 ab
2479 3368 2744 3443 antiquis
2795 3367 3080 3443 tempori-

1798 3456 1912 3514 bus
1957 3456 2031 3516 ad
2060 3476 2110 3519 a.
2149 3465 2335 3526 1417,
2368 3458 2443 3516 ab
2473 3477 2522 3516 a.
2563 3467 2747 3527 1355,
2780 3458 2912 3516 fons
2944 3475 3076 3532 pre-

1798 3545 1989 3604 tiosus
2021 3564 2131 3621 pro
2163 3545 2411 3605 historia
2453 3547 2619 3605 illius
2650 3547 2910 3623 regionis
2927 3590 2941 3616 ,
2988 3545 3075 3604 ed.

1798 3654 1832 3692 a
1862 3634 1954 3693 Fr.
1991 3634 2235 3694 Swertio
2281 3635 2441 3694 inter
2483 3636 2743 3694 Annales
2783 3654 2892 3694 rer.
2927 3635 3080 3712 belg.

1798 3721 1841 3787 I.
1899 3733 2171 3786 1—349.
2220 3725 2420 3801 Magni
2465 3724 2691 3800 pariter
2732 3725 3081 3784 aestimatur

1800 3811 2118 3871 Chronicon
2149 3815 2573 3889 eymundanum
2595 3832 2701 3872 seu
2716 3814 2971 3872 Annales
2986 3832 3078 3871 re·

1797 3903 2027 3978 galium
2060 3902 2346 3962 abbatum
2378 3902 2875 3980 egmundensium
2894 3899 3076 3985 (690·

1807 3987 2018 4071 1524),
2067 3992 2228 4066 quod
2270 3996 2589 4068 postquam
2627 3991 2779 4051 illud
2812 3992 3078 4051 elabora·

1798 4083 1980 4150 verat,
2015 4081 2183 4140 novis
2218 4083 2565 4141 retractavit
2594 4081 2770 4140 curis.
2816 4082 2953 4140 'I‘ria
2984 4100 3077 4140 ca-

1796 4171 1919 4245 pita
1964 4169 2207 4245 adjectit
2237 4174 2444 4230 auctor
2485 4188 2855 4247 anonymus..
2935 4171 3078 4230 Illos

1797 4277 1930 4318 cum
1978 4259 2453 4319 Theoderico
2499 4281 2533 4318 a
2563 4259 2776 4336 Leydis
2825 4260 3079 4334 aliisque

1798 4348 2067 4425 vulgavit
2098 4349 2235 4412 Ant.
2269 4349 2603 4409 Matthaeus
2635 4348 2916 4426 Lugduni
2947 4349 3076 4406 Bat.

1876 4544 1910 4604 ¹)
1939 4536 2271 4592 Franciscus
2298 4538 2367 4592 de
2391 4540 2441 4591 A
2457 4538 2477 4590 1
2493 4539 2529 4593 b
2546 4555 2575 4592 e
2592 4557 2619 4592 r
2634 4537 2692 4591 ti
2708 4537 2782 4592 ni
2801 4556 2826 4591 s
2851 4537 3079 4592 Floren-

455 4610 566 4662 den
595 4607 1247 4664 Geschichtsschreibern
1284 4627 1351 4662 zu
1390 4609 1612 4678 Beginn
1640 4609 1740 4664 der
1794 4608 1968 4673 tinus,
1996 4609 2192 4664 doctor
2216 4610 2543 4678 pontificius
2584 4613 2807 4680 praeter
2845 4609 2960 4664 alia
2985 4610 3079 4674 (cf.

457 4697 672 4736 neuern
700 4679 836 4734 Zeit.

530 4757 570 4818 ⁹)
600 4752 682 4807 Cf.
737 4752 999 4806 Potthast
1047 4768 1101 4820 p.
1152 4756 1312 4813 4542;
1367 4751 1632 4822 Ossinger
1681 4768 1737 4820 p.

455 4829 566 4952 {3155}
575 4842 684 4953 ἕεις
738 4823 1068 4879 Tiraboschi
1114 4822 1208 4876 Vl.
1251 4841 1306 4892 p.
1350 4824 1415 4877 11.
1453 4824 1486 4876 l.
1528 4826 1561 4878 3
1601 4840 1647 4880 c.
1690 4829 1737 4879 1.

1795 4680 2085 4735 Fabricius
2125 4682 2166 4746 1,
2207 4685 2331 4754 598)
2372 4682 2600 4750 scripsit
2646 4685 2707 4736 de
2745 4684 3078 4737 mirabilibus

1795 4758 1979 4807 veteris
2038 4764 2083 4808 et
2143 4772 2306 4807 novae
2367 4756 2581 4821 Romae,
2649 4753 2854 4807 Romae
2905 4757 3074 4814 1505:

1797 4829 1965 4884 151ος
2018 4828 2157 4880 1515
2183 4827 2278 4896 (m.
2305 4829 2426 4896 60);
2477 4825 2750 4879 Heilbron
2780 4842 2895 4878 cur.
2925 4825 3075 4895 Aug.

1797 4895 2165 4949 Schmarsovv.
