3475 5364
179 353 295 407 413

733 334 1037 388 Mauritius
1064 333 1210 400 Hib.,
1236 332 1487 389 Joannes
1513 334 1582 388 de
1608 334 1818 399 Balbin,
1847 333 2250 392 Marchesinus.

2668 354 2794 407 414

176 522 316 580 nimi
350 521 646 598 suffragio
678 520 1086 589 cardinalium,
1135 540 1271 580 cum
1304 526 1464 580 esset
1518 521 1859 582 Prosodiam
1912 540 2018 581 seu
2064 522 2402 583 Catholicon
2447 522 2797 582 nominavit.

178 609 683 686 poenitentiarius
715 610 776 669 in
810 611 971 668 curia
1001 630 1246 669 romana
1262 611 1387 669 vita
1404 615 1466 668 et
1518 611 1603 668 Ea
1630 611 1896 670 continet
1919 607 2795 689 orthographiam,prosodiam,

178 700 438 758 moribus
487 700 710 769 clarus,
758 700 1094 775 propositus
1139 699 1259 758 fuit
1288 700 1463 758 Nico·
1518 700 1984 777 grammaticam,
2061 701 2429 770 rhetoricam,
2508 702 2798 778 etymolo-

178 790 264 847 lao
296 789 390 845 IV.
428 794 507 846 ut
538 789 805 858 idoneae,
839 789 944 864 qui
974 790 1310 864 patriarcha
1340 788 1462 847 hie·-

183 877 646 953 rosolymitanus
705 879 1158 936 renunciaretur
1220 873 1464 960 (1288).

181 967 544 1043 Designatus
592 985 829 1041 quoque
880 966 996 1025 fuit
1025 968 1262 1043 legatus
1293 985 1463 1042 apos-

182 1055 384 1115 tolicus
427 1074 547 1132 per
596 1056 1011 1126 Palaestinam,
1063 1056 1310 1132 Syriam,
1356 1058 1467 1114 Ar·

178 1146 424 1203 meniam
478 1148 547 1203 et
592 1145 867 1221 Cyprum.
916 1144 1199 1204 Interfuit
1246 1145 1468 1204 excidio

182 1234 337 1291 urbis
368 1234 775 1292 acconitanae.
839 1235 1021 1309 Capta
1064 1234 1211 1293 urbe
1253 1234 1318 1293 in
1362 1253 1466 1292 na-

185 1343 302 1380 vem
335 1342 395 1380 se
427 1323 681 1398 recepit,
714 1322 779 1380 in
808 1341 1056 1399 eamque
1084 1326 1180 1382 tot
1210 1342 1278 1382 ex
1307 1322 1465 1400 fugi-

184 1411 311 1469 tivis
340 1413 405 1470 in
457 1413 619 1470 mari
665 1412 1016 1470 natantibus
1065 1431 1204 1487 prae
1234 1412 1467 1471 miseri·

184 1501 373 1560 cordia
405 1501 680 1570 admisit,
713 1503 785 1558 ut
802 1501 1063 1577 pondere
1082 1519 1468 1577 personarum

190 1591 672 1667 submergeretur
730 1593 911 1666 atque
970 1590 1057 1649 ita
1116 1590 1246 1666 ipse
1294 1591 1471 1667 periit

192 1688 421 1757 (1291).
471 1712 566 1720 —-
618 1679 950 1737 Pleniorem
995 1679 1467 1739 concordantiam

195 1768 393 1826 realem
440 1768 698 1844 collegit
742 1768 1168 1827 Mauritius
1215 1768 1279 1827 Ο.
1326 1769 1468 1827 Min.

200 1857 540 1925 (secundum
575 1858 726 1917 alios
756 1857 821 1915 Ο.
844 1853 1074 1937 Praed.)
1107 1858 1360 1935 Anglus,
1395 1857 1470 1916 ab

198 1947 310 2003 aliis
370 1946 855 2005 Hibernicus
926 1947 1376 2023 cognominatus
1439 1967 1471 2003 a

198 2036 500 2109 provincia.
537 2036 608 2092 in
640 2055 821 2111 quam
851 2036 1033 2094 suerit
1048 2038 1340 2111 receptae,
1363 2055 1470 2094 na-

200 2124 343 2182 tione
401 2125 570 2183 enim
634 2124 874 2183 videtur
948 2123 1129 2184 fuisse
1190 2125 1390 2184 Gallus
1405 2120 1469 2205 1).

202 2212 347 2288 Opus
356 2213 751 2272 inscribitur:
786 2214 1473 2273 Summadistinctionum

206 2300 411 2369 (llllsl
464 2302 539 2361 de
589 2303 700 2371 his,
748 2322 899 2378 quae
943 2303 1008 2361 in
1041 2302 1364 2378 Scripturis
1397 2322 1470 2361 sa.

207 2391 589 2459 continentur,
642 2392 850 2450 ordine
900 2392 1285 2467 alphabetico.
1348 2393 1473 2450 Hae

208 2478 601 2539 distinctiones
635 2484 784 2539 sunt
814 2481 1233 2540 vocabulorum
1253 2499 1294 2540 s.
1319 2481 1470 2539 Scri-

210 2576 395 2642 pturae
445 2569 852 2645 expositiones
903 2570 1231 2629 secundum
1274 2570 1472 2647 tripli-

216 2675 319 2715 cem
348 2659 438 2717 vel
470 2658 933 2735 quadruplicem
964 2677 1222 2730 sensum,
1257 2677 1376 2736 quo
1410 2659 1473 2718 in

210 2745 402 2805 divinis
432 2748 629 2807 literis
661 2752 1005 2818 sumuntur,
1047 2749 1471 2808 concionatori-

216 2834 310 2893 bus
336 2838 525 2896 utileS.
560 2837 658 2897 Ab
691 2840 934 2896 auctore
965 2838 1061 2897 vel
1090 2838 1164 2896 ab
1195 2838 1327 2896 aliis
1360 2839 1475 2896 fuit

220 2942 316 2981 non
354 2927 532 2985 semel
575 2927 1014 3002 interpolatum
1061 2927 1157 2985 vel
1204 2931 1471 2997 auctum3

223 3013 411 3085 prodiit
453 3035 523 3074 ex
570 3019 746 3091 parte
794 3011 1034 3098 (A—E)
1084 3016 1196 3074 sub
1225 3016 1472 3091 inscrip-

220 3101 353 3160 tione
391 3105 824 3163 Didionarium
869 3123 914 3162 ε.
950 3096 1309 3181 Scripturae,
1359 3105 1468 3164 Ve-

227 3192 371 3249 netiis
406 3203 569 3256 1603
604 3195 672 3252 in
702 3193 742 3251 f.

299 3377 426 3431 218.
455 3371 591 3430 Huc
610 3371 767 3430 forte
786 3369 998 3430 referri
1017 3375 1219 3446 potest
1250 3371 1289 3429 J
1304 3391 1337 3430 o
1354 3392 1472 3430 an-

231 3471 333 3514 nes
362 3457 426 3516 de
455 3460 733 3519 Balbis
778 3456 1073 3542 (Balbus),
1109 3461 1348 3520 Genuae
1380 3480 1472 3520 or-

230 3549 326 3612 tus,
351 3547 481 3606 hinc
510 3549 583 3608 de
614 3548 659 3607 J
673 3567 868 3606 anua
898 3548 1094 3608 dictus
1106 3546 1177 3630 ²),
1212 3550 1471 3625 quicum

232 3639 359 3692 esset
378 3637 493 3710 jam
538 3638 756 3696 aetatis
798 3642 1082 3708 maturae,
1128 3639 1471 3714 temporali·

233 3719 323 3778 bns
374 3726 574 3801 opibus
638 3726 800 3784 haud
862 3747 1075 3803 parum
1144 3728 1470 3798 abundans,

240 3811 585 3873 substantiam
632 3834 867 3873 omnem
917 3816 981 3874 in
1029 3835 1319 3893 pauperes
1353 3817 1470 3876 dis-

240 3899 416 3959 tribuit
458 3907 517 3961 et
562 3905 917 3981 religionem
966 3924 1008 3964 s.
1042 3906 1334 3965 Dominici
1379 3907 1472 3965 in-

246 4004 442 4059 gressus
499 3998 601 4051 est.
667 3993 777 4051 Hic
835 3995 1068 4052 utiliter
1127 3995 1474 4070 compilavit

245 4073 497 4138 Summam
538 4083 1050 4159 yrammaticalem,
1084 4103 1262 4159 quam
1293 4084 1472 4143 etiam

307 4321 338 4392 {t
361 4315 433 4371 Cf.
456 4320 518 4375 ‹le
543 4321 633 4376 his
668 4322 1040 4392 opinionibus
1067 4323 1266 4388 Quetif
1286 4327 1325 4390 1,
1350 4331 1472 4392 484,

254 4398 330 4461 ‘13¹¹
351 4393 733 4448 controversias
752 4396 855 4448 has
870 4412 985 4450 non
1002 4395 1179 4449 audet
1192 4396 1473 4463 dirimere,

1521 789 1679 865 giam
1700 793 1856 861 -etc.;
1889 789 2200 865 potissima
2232 809 2372 850 vero
2404 809 2541 866 pars
2573 793 2666 849 est
2687 808 2799 869 *vo-

1520 878 1888 937 cabularium
1932 897 2103 937 voces
2148 897 2352 938 omnes
2401 879 2641 955 primae,
2674 898 2797 937 me·

1522 966 1654 1025 diae
1686 971 1748 1026 et
1779 967 2015 1027 infimae
2037 968 2353 1028 latinitatis
2386 970 2797 1044 complectens,

1522 1059 1583 1115 et
1612 1057 1751 1115 hinc
1780 1061 2054 1133 respectu
2086 1076 2131 1116 s.
2154 1057 2493 1133 Scripturae
2507 1059 2800 1117 rationem

1521 1144 1790 1221 glossarii
1822 1145 2016 1204 habet.
2050 1146 2396 1222 Saepissime
2427 1146 2666 1222 prodiit,
2677 1148 2800 1224 jam

1521 1234 1867 1311 Moguntiae
1904 1245 2069 1299 1-460
2125 1234 2266 1317 (imo
2297 1236 2621 1295 secundum
2652 1254 2800 1294 non·

1522 1323 1721 1382 nullos
1759 1321 1954 1405 1450)
1986 1325 2147 1401 typis
2179 1325 2420 1384 omnino
2451 1324 2802 1400 primitivis;

1524 1412 1788 1471 venetiis
1841 1424 2039 1484 14833
2094 1423 2294 1482 1487ς
2346 1424 2548 1483 1491;
2601 1424 2800 1485 1495;

1532 1511 1730 1569 152ος
1778 1502 2058 1580 Lugduni
2096 1513 2296 1574 1506;
2357 1513 2557 1573 15143
2601 1512 2801 1571 15203

1524 1591 1968 1668 Niirembergae
2006 1601 2171 1655 1486
2195 1596 2331 1662 etc.;
2366 1593 2466 1650 alii
2495 1612 2623 1652 eam
2646 1593 2803 1651 mul-

1523 1684 1652 1738 tum
1686 1679 1951 1750 laudant,
1985 1682 2326 1757 deprimunt
2349 1681 2452 1740 alii
2466 1685 2529 1740 et
2559 1681 2801 1758 quidem

1524 1768 1716 1827 nimis.
1780 1770 1943 1828 Inter
2003 1788 2273 1830 censores
2322 1771 2543 1829 eminet-
2586 1772 2632 1829 E
2650 1789 2801 1830 ras-

1524 1878 1581 1916 m
1599 1876 1641 1915 u
1658 1877 1702 1927 a,
1756 1859 1862 1933 qui
1909 1862 2040 1917 tum
2091 1859 2153 1918 in
2203 1877 2401 1935 opusc.
2452 1860 2525 1919 de
2574 1860 2803 1919 ratione

1526 1946 1732 2016 studii,
1766 1952 1896 2005 tum
1926 1949 1990 2006 in
2022 1949 2334 2024 colloquiis
2377 1949 2507 2024 ejus
2535 1950 2802 2008 latinita-

1526 2041 1645 2094 tem
1665 2036 1875 2094 acerbe
1906 2038 2192 2114 suggillat
2222 2041 2282 2096 et
2300 2038 2473 2097 ridet.
2505 2072 2593 2082 —
2624 2038 2803 2097 Mar-

1526 2125 1898 2184 chesinus
1929 2145 1963 2184 a
1994 2127 2208 2203 Regio
2239 2127 2518 2202 Lepidi
2563 2128 2804 2186 civitate

1525 2214 1855 2273 mutinensi
1886 2215 1950 2273 O.
1985 2217 2143 2286 Min„
2179 2216 2252 2274 ab
2283 2216 2416 2274 aliis
2461 2216 2498 2274 J
2516 2235 2756 2275 oanne
2777 2235 2805 2274 s

1527 2304 2024 2362 Marchesinu
2045 2323 2073 2363 s
2150 2304 2364 2374 dictus,
2426 2304 2549 2364 fere
2613 2305 2804 2363 simile

1526 2392 1874 2467 compilavit
1887 2390 1932 2473 1)
1984 2412 2153 2469 opus,
2205 2394 2635 2454 Dictionarium
2684 2394 2806 2453 scil.

1527 2480 1951 2541 vocabulorum
1970 2482 2313 2553 bibliorum,
2348 2484 2670 2542 latinarum
2703 2502 2805 2543 vo·

1527 2588 1679 2639 cum,
1701 2571 2113 2645 prolationem,
2147 2577 2455 2631 accentum
2486 2592 2552 2632 ac
2578 2573 2808 2650 signifi·

1528 2658 1820 2720 cationem
1870 2680 1905 2720 a
1954 2660 2166 2720 Genesi
2213 2680 2402 2736 usque
2452 2663 2525 2721 ad
2575 2665 2803 2739 Apoca-

1528 2749 1745 2825 lypsim
1760 2767 1954 2809 crassa
1969 2754 2031 2810 et
2044 2751 2180 2809 rudi
2197 2752 2464 2810 Minerva
2485 2752 2803 2828 explicans.

1528 2858 1650 2896 una
1680 2857 1816 2896 cum
1848 2839 2176 2914 cujuslibet
2193 2841 2333 2899 libri
2352 2841 2614 2918 prologo,
2649 2841 2810 2918 quod

1530 2928 1672 3001 quia
1700 2927 1956 2986 rudibus
1978 2929 2206 2988 clericis
2226 2932 2287 2988 et
2305 2930 2498 2989 adhuc
2518 2930 2583 2989 in
2601 2931 2808 3008 lingua

1529 3016 1717 3074 latina
1748 3016 2084 3077 infantibus
2133 3019 2326 3078 veluti
2355 3039 2671 3079 mammam
2705 3039 2806 3079 su-

1527 3105 1783 3182 gendam
1814 3109 1874 3164 et
1905 3108 2181 3166 manibus
2201 3108 2534 3184 puerilibus
2546 3112 2806 3168 tractan-

1529 3194 1666 3252 dam
1712 3195 1905 3253 instar
1954 3196 2086 3270 piae
2135 3197 2382 3256 nutricis
2442 3198 2805 3269 exhibuerat,

1531 3283 2009 3360 Mammotrepton
2084 3285 2405 3362 inscripsit,
2485 3306 2806 3363 suppresso
2897 3341 2900 3346 .

1528 3391 1669 3447 prae
1735 3373 2077 3432 humilitate
2140 3376 2235 3434 sui
2310 3375 2498 3451 ipsius
2551 3377 2806 3444 nomine,

1526 3480 1632 3537 pro
1664 3481 1785 3538 quo
1817 3468 2017 3537 postea
2036 3465 2473 3541 Mammotrepti
2508 3461 2808 3548 (corrupte

1527 3551 2034 3621 MammotrectuS,
2052 3554 2502 3613 Mammotretus
2532 3549 2666 3634 etc.)
2701 3574 2807 3614 no·

1527 3659 1665 3698 men
1696 3640 2095 3700 invalescente
2112 3643 2543 3701 consuetudine
2558 3643 2807 3702 sortitus

1527 3733 1635 3786 est.
1668 3729 1904 3804 Adjecit
1934 3730 2107 3805 plura
2146 3731 2432 3807 opuscula
2470 3731 2543 3791 ad
2576 3750 2620 3790 s.
2656 3732 2809 3792 Scri-

1607 3902 1642 3970 ¹)
1671 3897 1753 3953 Cf.
1772 3898 1997 3953 Streber
2009 3900 2120 3955 KL.
2135 3902 2281 3965 VIII,
2294 3905 2416 3958 586.
2432 3902 2679 3957 Joannes
2696 3905 2740 3957 A
2757 3921 2808 3957 e-

1528 3969 1596 4039 gi
1617 3970 1744 4023 diu
1761 3989 1786 4023 s
1825 3974 1884 4026 O.
1904 3971 2040 4027 Min.
2062 3972 2412 4027 Zamorensis
2439 3974 2630 4028 Sancii
2656 3976 2808 4046 prin-

1527 4041 1686 4110 sipia,
1740 4039 1845 4095 filii
1896 4043 2174 4113 Alphonsi
2219 4045 2366 4112 regis
2407 4046 2683 4100 Castellae
2727 4046 2810 4101 in-

1529 4115 1791 4176 structor,
1837 4120 2061 4183 praeter
2104 4116 2270 4186 plura
2310 4121 2366 4169 et
2392 4117 2612 4187 prolixa
2639 4135 2808 4189 opera

1527 4184 1748 4237 inedita
1787 4187 2108 4255 composuit
2150 4187 2441 4242 Summam
2485 4189 2554 4243 de
2599 4207 2808 4244 correc-

1528 4254 1684 4310 tione
1734 4255 1970 4322 Bibliae,
2011 4261 2068 4312 et
2107 4259 2430 4313 Armarium
2478 4277 2574 4315 seu
2614 4262 2807 4315 Archi·

1529 4326 1687 4380 vium
1715 4327 1971 4381 omnium
2000 4328 2447 4400 Scriptura-rum:
2490 4332 2630 4399 quid
2655 4333 2807 4387 hisce

1527 4397 1589 4450 in
1616 4398 1885 4466 operibus
1910 4402 2202 4466 tractetur,
2238 4419 2353 4456 non
2392 4403 2528 4457 satis
2565 4405 2810 4458 assecuti

253 4450 522 4515 huminum
549 4465 876 4521 auctoribus
912 4466 1002 4520 sui
1028 4466 1146 4521 ord.
1173 4468 1365 4522 dubiis
1389 4486 1469 4522 ac·
1530 4486 1743 4524 sumus.
1797 4469 1991 4525 Eidem
2018 4472 2293 4527 tribuitur
2327 4477 2511 4530 Passio
2534 4497 2578 4532 s.
2603 4478 2813 4536 Nicolai

258 4533 445 4610 censet..
465 4533 539 4589 Ct.
565 4539 621 4590 et
644 4536 986 4591 Bellesheim
1031 4555 1122 4608 op.
1149 4539 1244 4593 cit.
1271 4557 1326 4609 p.
1352 4545 1473 4597 476·
1531 4541 1709 4609 pueri,
1741 4541 2049 4596 Alchamae
2089 4544 2239 4614 regis
2280 4543 2400 4610 filii,
2446 4549 2503 4599 et
2527 4547 2808 4601 sociorum

322 4606 347 4648 ¹¹·
371 4602 512 4656 Alius
530 4609 597 4661 ab
616 4624 682 4662 eo
704 4611 792 4661 est
816 4608 953 4662 Alb
969 4625 998 4661 e
1014 4627 1043 4662 r
1060 4614 1135 4662 tu
1152 4628 1177 4663 s
1203 4611 1272 4665 de
1288 4611 1474 4665 Janua
1533 4613 1580 4664 N
1587 4611 1756 4665 icolai
1783 4615 1841 4666 et
1867 4614 2142 4668 Leonardi
2184 4618 2642 4686 presbyterorum
2671 4635 2809 4672 mar·

260 4661 309 4714 0.
332 4665 509 4729 Praed..
534 4679 629 4746 qui
656 4678 872 4733 electus
911 4680 972 4733 in
1013 4681 1229 4735 ordinis
1274 4684 1476 4752 magis·
1530 4685 1723 4750 tyrum
1752 4688 1798 4753 (τ
1825 4701 1870 4739 c.
1897 4689 2021 4757 577)
2061 4687 2216 4756 apud
2245 4687 2568 4742 Ledesmam
2598 4690 2660 4741 in
2689 4690 2809 4744 His·

268 4737 381 4794 trum
423 4751 535 4811 post
578 4750 860 4804 trimestre
921 4751 1160 4805 decessit
1218 4770 1270 4806 a.
1318 4759 1475 4812 1300.

266 4802 559 4890 'frib-uantur
579 4820 694 4892 ipsi
721 4824 1125 4877 commentaria
1151 4823 1212 4878 in
1227 4829 1263 4880 4
1278 4825 1335 4879 ll.
1358 4842 1477 4879 sen·

270 4881 533 4944 tenuatum.

1574 4754 1707 4807 ania
1735 4754 1798 4808 in
1827 4757 1984 4810 Actis
2011 4757 2104 4811 SS.
2131 4763 2215 4814 31.
2240 4760 2699 4817 Oct.X[II.85(.)s.
2727 4760 2809 4816 Cf.

1572 4826 1800 4879 baralea
1827 4845 1882 4895 p.
1909 4832 2014 4884 383
2040 4847 2113 4888 s.;
2141 4830 2264 4883 Nic.
2284 4831 2569 4890 Antonius
2593 4832 2653 4884 in
2675 4832 2809 4885 bibl.

1534 4896 1693 4966 Hisp.
1726 4901 1833 4951 vet.
1863 4900 1930 4960 Il,
1957 4899 1995 4952 l.
2022 4907 2068 4956 9.
2098 4919 2142 4960 c,
2173 4907 2198 4956 1
2230 4920 2285 4956 n.
2315 4908 2343 4957 7
2372 4920 2441 4955 SS.
