3475 5364
465 355 577 405 731
1025 339 1393 390 1401—1425.
1425 333 1733 406 Theologia
1763 336 1933 389 schol.
1964 333 2162 388 Petrus
2192 335 2260 387 (le
2288 334 2522 395 Alliaco,
2959 351 3079 404 732

461 521 834 590 eramentale,
879 521 972 578 vel
1024 519 1097 578 de
1130 521 1512 579 sacramentis
1546 519 1740 580 Eccle-
1797 516 1961 599 (ante
1993 541 2043 578 a.
2085 528 2203 582 137
2215 521 2295 594 8),
2332 520 2575 579 Parisiis
2619 528 2801 587 14⁵3,
2837 523 2897 577 et·
2928 520 3085 577 inter

462 611 601 678 siae,
637 611 726 668 vel
751 613 825 667 tr.
848 609 1221 686 theologicus
1243 608 1315 668 de
1335 610 1737 678 sacramentis,
1796 609 1887 667 Tr.
1923 614 1983 667 et
2016 627 2332 678 sermome,
2377 609 2737 686 Argentinae
2782 618 2962 670 1490.
2997 644 3082 652 -

461 699 704 759 Lovanii
756 709 940 762 1481.
1001 707 1196 768 1486;
1254 708 1448 768 14873
1497 699 1740 757 Parisiis
1797 698 1970 756 Haud
2000 717 2188 774 pauca
2232 701 2373 757 sunt
2417 698 2774 766 ascetica,
2829 717 3082 773 quorum

470 798 651 852 1488.
704 821 789 830 —-
840 789 1130 863 Pleraque
1176 791 1321 846 sunt
1370 788 1744 864 polemica
1795 789 2005 856 multa,
2049 788 2296 847 collecta
2373 787 2721 863 prodierunt
2797 787 3083 861 inscripta

461 878 763 937 occasione
808 877 1138 936 schismatis
1181 877 1276 936 vel
1329 877 1599 954 urgentis
1633 877 1741 935 ali·
1809 877 2113 935 Tractatus
2157 879 2296 954 (12)
2343 884 2394 934 et
2438 894 2721 934 sermones
2765 879 2919 949 (22),
2969 878 3082 934 Ar-

462 969 633 1042 cujus
679 966 905 1043 negotii
951 965 1310 1041 conscripta:
1364 966 1452 1024 De
1493 968 1740 1024 materia
1796 967 2073 1042 gentinse
2113 977 2294 1029 1490.
2357 966 2523 1024 Inter
2552 983 2839 1024 sermones
2867 967 2932 1023 in
2964 966 3082 1040 pri·

459 1075 611 1114 conc.
642 1057 949 1135 yeneralis,
999 1054 1238 1114 Parisiis
1276 1064 1442 1118 1489
1476 1075 1530 1130 p.
1569 1066 1742 1119 83-
1797 1055 1909 1113 mis
1962 1073 2101 1114 vero
2152 1055 2248 1113 ille
2298 1061 2390 1113 est
2449 1054 2861 1113 memorandus
2922 1055 2990 1112 de
3039 1074 3081 1112 s.

471 1155 586 1207 122
609 1166 622 1214 ;
656 1144 1081 1221 Propositiones
1111 1145 1275 1203 utiles
1293 1145 1368 1202 ad
1387 1145 1741 1203 extermina·
1811 1145 2091 1202 'Ii-initote
2121 1146 2160 1204 J
2162 1164 2348 1203 anuae
2368 1144 2609 1203 habitus
2631 1163 2678 1201 a.
2703 1153 2865 1206 1405
2889 1160 3082 1203 coram

459 1235 679 1293 tionem
713 1235 1045 1308 praesentis
1078 1233 1415 1292 schismatis
1448 1253 1554 1309 per
1586 1233 1741 1291 viam
1799 1234 2117 1293 Benedicto
2139 1234 2294 1302 XIII,
2328 1253 2445 1308 quo
2466 1233 2567 1290 ille
2588 1219 2917 1292 commotus
2938 1233 3084 1291 adeo

459 1342 617 1383 conc.
650 1324 948 1399 generalis
993 1323 1291 1399 expositae
1335 1323 1398 1381 in
1446 1325 1743 1381 conventu
1798 1322 1930 1390 fuit,
1967 1327 2037 1382 ut
2068 1323 2267 1382 ederet
2299 1322 2783 1381 constitutionem
2829 1322 2900 1379 de
2934 1321 3082 1380 cele-

459 1433 494 1471 a
525 1413 733 1488 quensi
766 1409 1011 1493 (1409),
1047 1413 1206 1471 inter
1238 1412 1507 1470 Gereonii
1541 1431 1631 1488 op.
1668 1412 1740 1480 II,

469 1514 487 1564 1
517 1512 609 1573 12,
642 1503 704 1561 et
734 1502 889 1577 apud
922 1502 1186 1560 Mai-tene
1219 1506 1335 1561 vet.
1372 1501 1574 1576 script.
1608 1501 1741 1559 coll.

462 1591 586 1661 VII,
622 1599 989 1655 909-912,
1021 1591 1112 1649 Tr.
1134 1591 1567 1668 ayendorum'in
1584 1608 1742 1649 conc.

461 1680 726 1757 generali
772 1679 843 1739 de
876 1680 1167 1739 Ecclesiae
1218 1679 1633 1748 reformatione
1668 1676 1741 1759 (c.

476 1767 682 1849 1409),
734 1769 876 1828 olim
928 1770 1262 1828 Zabarellae
1302 1768 1585 1837 tributus,
1640 1768 1742 1827 sed

461 1878 665 1918 revera
709 1862 801 1918 est
845 1859 907 1916 P.
940 1858 1169 1927 Alliaci,
1216 1859 1416 1917 omnia
1460 1858 1617 1916 enim
1649 1876 1741 1915 re-

461 1948 831 2007 formationis
876 1947 1124 2006 consilia
1172 1946 1267 2004 hic
1312 1947 1612 2022 proposita
1641 1947 1742 2005 iis-

459 2037 594 2097 dem
643 2038 765 2095 fere
815 2037 1016 2095 verbis
1064 2037 1127 2094 in
1178 2055 1266 2111 ep.
1319 2036 1391 2093 ad
1442 2055 1743 2094 summum

460 2127 795 2203 pontificem
842 2125 1061 2184 Joanni
1093 2125 1300 2183 XXIII.
1353 2125 1743 2186 commendat.

463 2217 656 2274 Habes
702 2216 876 2274 illum
920 2214 1080 2290 apud
1125 2214 1197 2272 de
1229 2214 1471 2272 Hardt
1517 2226 1531 2275 1
1576 2233 1631 2289 p.
1663 2213 1744 2271 IX

461 2327 515 2380 p.
555 2316 720 2373 506,
766 2304 860 2365 Tr.
913 2306 981 2363 de
1019 2310 1298 2378 potestate
1347 2304 1743 2377 ecclesiastica,

461 2396 537 2452 ib.
555 2399 596 2452 t.
616 2395 837 2471 leag.
864 2405 889 2454 1
905 2404 1009 2457 5-7
1023 2403 1055 2456 7
1076 2415 1089 2463 ;
1112 2394 1270 2451 inter
1290 2393 1560 2452 Gersonii
1577 2412 1670 2467 op.
1695 2391 1741 2461 I,

465 2494 588 2547 925
638 2483 962 2558 inscriptus
1009 2488 1081 2541 tr.
1127 2482 1200 2540 de
1230 2482 1538 2550 Ecclesiae,
1584 2500 1741 2540 conc.

462 2573 775 2649 generaliS‚
830 2591 976 2630 rom.
1026 2570 1323 2646 pontificis
1373 2575 1434 2629 et
1479 2570 1743 2629 cardina-

461 2663 605 2721 lium
652 2661 1008 2721 auctoritate
1054 2657 1127 2741 (a.
1168 2655 1395 2740 1416);
1443 2663 1517 2723 tr.
1567 2678 1745 2736 super

463 2753 871 2826 reformatione
886 2751 1169 2809 Ecclesiae
1200 2750 1264 2808 in
1284 2766 1441 2809 conc.
1467 2754 1742 2809 constan-

458 2841 642 2899 tiensi
661 2837 736 2920 (a.
768 2836 981 2921 1416),
1016 2840 1188 2907 ib.11,
1214 2848 1370 2909 9ο3;
1406 2839 1477 2897 de
1492 2839 1682 2897 Hardt
1710 2850 1729 2900 1

459 2950 513 3006 p.
547 2930 685 2988 VIII
702 2950 755 3005 p.
776 2938 1081 2991 409-433.
1115 2928 1333 3004 Aliqua
1348 2928 1652 2987 contra-Io.
1670 2928 1744 2986 de

461 3020 809 3077 Montesono
873 3014 969 3097 (cf.
1022 3036 1205 3092 supra
1253 3037 1306 3093 p.
1364 3013 1536 3098 683),
1587 3018 1744 3075 inter

460 3107 730 3166 Gersonii
763 3126 854 3183 op.
887 3107 933 3175 Ι,
973 3117 1096 3169 698
1133 3124 1237 3175 ss.;
1271 3106 1526 3165 Errores
1551 3110 1744 3165 sectae

460 3198 768 3255 hominum
800 3195 1237 3271 intelligentiae
1270 3199 1475 3255 contra
1497 3196 1648 3254 Guil.
1671 3197 1743 3253 de

459 3285 866 3344 Hildervissen
921 3285 983 3342 O.
1036 3284 1218 3343 Carm.
1271 3281 1343 3365 (a.
1405 3280 1615 3364 1411),
1680 3286 1743 3343 in

459 3375 686 3434 Baluzii
720 3374 962 3432 Miscell.
1006 3372 1081 3443 ΙΙ,
1121 3383 1407 3437 277-299
1442 3373 1530 3432 ed.
1563 3374 1742 3450 paris.

471 3474 633 3526 1713
668 3464 730 3522 in
767 3474 835 3534 8;
900 3463 1089 3522 Lucae
1133 3473 1284 3526 1761
1341 3482 1395 3538 p.
1434 3472 1741 3529 288-293.

457 3588 545 3596 -—-
595 3553 687 3612 Ad
738 3570 780 3612 s.
848 3552 1336 3629 Scripturam
1399 3553 1744 3611 referuntur

473 3643 716 3701 Verbum
775 3643 1167 3701 abbreviatum
1221 3660 1396 3718 super
1446 3642 1741 3710 Psalterio,

457 3732 544 3790 ed.
594 3732 751 3790 inter
800 3737 871 3789 tr.
905 3738 968 3790 et
997 3749 1328 3799 sermone83
1380 3731 1615 3810 epistola
1644 3733 1744 3802 ,ad

460 3840 626 3880 novos
659 3821 966 3891 Hebraeos,
1004 3822 1398 3895 Apoloqeticus
1438 3818 1739 3897 (hierony-

457 3911 686 3969 mianae
718 3910 1010 3968 versionis
1033 3905 1406 3989 Bibliorum),
1441 3929 1590 3985 quae
1624 3909 1742 3969 duo

458 3998 745 4074 opuscula
794 3999 1109 4057 ediderunt
1157 3998 1637 4057 Tschackert
1683 4003 1743 4057 et

460 4088 883 4147 Salembier
915 4087 1045 4145 inl.
1080 4087 1202 4145 Une
1234 4106 1383 4164 page
1416 4087 1637 4146 inedita
1671 4087 1742 4146 de

458 4178 742 4235 l’histoire
771 4177 844 4234 de
875 4177 937 4235 la
969 4176 1239 4252 Vulgata,
1274 4177 1514 4235 Amiens
1558 4186 1739 4245 1891,

455 4268 519 4324 in
539 4266 758 4342 quibus
779 4266 1067 4344 Vulgatae
1086 4269 1294 4324 tuetur
1325 4266 1735 4326 auctoritatem

458 4364 516 4413 et
549 4356 720 4414 utilia
751 4356 943 4425 habet,
994 4375 1144 4429 quae
1190 4359 1460 4431 spectant
1490 4358 1617 4431 ejus
1650 4356 1737 4413 hi-

459 4446 699 4504 storiam
734 4448 795 4504 et
826 4445 1018 4504 varias
1051 4445 1457 4504 correctiones.
1503 4445 1741 4503 Recom-

1798 1412 2073 1471 bratione
2120 1413 2255 1470 festi
2303 1431 2373 1470 ss.
2426 1411 2747 1469 Trinitatis.
2814 1412 2978 1469 Inter
3008 1418 3081 1469 tr.

1798 1521 1936 1561 vero
1968 1502 2264 1577 reperitur
2310 1507 2368 1558 et
2403 1500 2708 1575 Speculum
2753 1501 3082 1558 considera·

1798 1592 1986 1666 tionis,
2026 1591 2184 1666 quod
2219 1610 2350 1649 cum
2386 1590 2517 1648 aliis
2540 1608 2747 1648 novem
2781 1589 3083 1665 opusculis

1800 1698 2071 1738 recusum
2105 1684 2198 1739 est
2233 1679 2412 1737 Duaci
2453 1687 2634 1741 1634.
2674 1680 2832 1736 Inter
2861 1680 3003 1736 haec
3023 1683 3085 1735 et

1798 1788 1994 1844 opusc.
2012 1771 2081 1827 de
2100 1760 2395 1828 duodecim
2424 1768 2741 1827 honoribus
2759 1789 2804 1825 s.
2829 1768 3081 1843 Josephi.

1814 1857 1941 1917 Vita
1973 1859 2055 1919 bb.
2089 1859 2153 1917 P.
2185 1859 2261 1920 D.
2284 1858 2443 1915 Petri
2475 1857 2771 1916 Caelestini
2806 1857 2867 1914 V.
2903 1858 2963 1914 P.
2986 1857 3079 1925 M„-

1798 1950 1901 2023 qui
1938 1966 2169 2006 summo
2200 1947 2440 2006 tandem
2462 1946 2669 2005 honori
2689 1946 3079 2014 renunciavit,

1800 2038 2136 2111 conscripta
2186 2038 2259 2095 ab
2312 2036 2556 2105 Alliam,
2608 2035 2972 2110 locupletata
3017 2056 3084 2094 ac

1800 2127 2082 2185 limatiori
2145 2126 2281 2185 stilo
2345 2125 2563 2184 donata
2624 2145 2658 2182 a
2707 2126 2768 2187 D.
2821 2125 2968 2182 Fab
2985 2143 3078 2192 ro,

1805 2226 2004 2285 15393
2055 2216 2117 2273 in
2150 2217 2277 2273 Act.
2301 2214 2396 2272 SS.
2440 2225 2532 2275 19.
2568 2214 2698 2289 Maj.
2733 2213 2828 2280 IV,
2867 2223 3081 2276 485-

1802 2316 1945 2367 497.
1979 2339 2067 2347 -—
2099 2305 2314 2379 Aliqua
2346 2308 2489 2362 sunt
2536 2303 3080 2373 astronomica,

1798 2394 1955 2452 inter
1986 2413 2137 2470 quae
2154 2393 2497 2451 Exhortatio
2513 2387 2615 2471 (ad
2631 2409 2788 2450 conc.
2805 2397 3080 2451 constan-

1798 2481 2014 2563 tiense)
2078 2500 2260 2555 super
2321 2471 2693 2540 correctione
2731 2480 3083 2539 Kalendas-ii

1799 2576 2044 2647 propter
2076 2590 2321 2649 magnos
2343 2570 2604 2647 ejusdem
2637 2589 2861 2628 errores
2897 2565 3080 2651 (apud

1799 2662 1871 2721 de
1901 2662 2092 2721 Hardt
2123 2662 2204 2720 111
2241 2681 2297 2737 p.
2334 2671 2366 2722 6
2404 2679 2538 2737 pag.
2577 2667 2767 2722 72·91
2813 2663 2873 2718 et
2892 2659 3082 2719 Mansi

1800 2752 1931 2814 coll.
1963 2768 2120 2811 conc.
2156 2751 2417 2819 XXVIII,
2474 2746 2848 2829 370—381)
2903 2768 3081 2825 sagax

1801 2841 2003 2915 prodit
2052 2841 2388 2918 ingenium:
2453 2839 2874 2897 correctionem
2925 2838 3081 2897 enim

1800 2930 2158 3004 praeformat
2189 2949 2336 2997 eam,
2370 2947 2523 3003 quae
2544 2927 2780 2986 demum
2803 2929 2914 2986 sub
2940 2929 3080 2986 Gre-

1798 3019 1963 3095 gorio
1995 3019 2149 3077 XIII.
2174 3019 2288 3077 fuit
2306 3017 2564 3078 inducta.
2612 3015 3082 3093 quntiloquium

1798 3107 1871 3166 de
1903 3108 2208 3167 concordia
2226 3107 2650 3166 astronomicae
2671 3107 2936 3165 veritatis
2948 3125 3080 3165 cum

1799 3198 2099 3274 theologia
2149 3197 2223 3273 (a.
2285 3191 2497 3277 1414),
2561 3195 2825 3254 Venetiis
2883 3206 3078 3264 14943

1800 3288 2209 3347 concordantia
2228 3287 2615 3344 astronomiae
2639 3303 2773 3344 cum
2807 3284 3083 3344 historica

1800 3377 2135 3434 narratione
2207 3376 2278 3451 (a.
2350 3369 2564 3452 1414),
2644 3376 2951 3450 Augustae
3013 3373 3078 3430 V.

1810 3475 2005 3533 14903
2057 3464 2319 3523 Venetiis
2377 3473 2544 3525 1494
2596 3463 2683 3521 ed.
2745 3463 3081 3521 rarissima:

1799 3553 1957 3629 quod
2003 3554 2354 3629 opusculum
2403 3572 2436 3610 a
2481 3553 2616 3611 Pico
2669 3552 3081 3611 Mirandulano

1798 3643 2128 3703 refutatum
2159 3643 2307 3701 fuit:
2342 3646 2520 3717 atque
2554 3642 2667 3700 alia
2698 3641 2964 3717 ejusdem
2987 3661 3080 3699 ar·

1798 3733 2088 3809 gumenti‚
2122 3733 2184 3790 in
2219 3731 2438 3806 quibus
2460 3731 2532 3789 de
2553 3749 2707 3789 vana
2726 3731 3082 3806 astrologiae

1800 3821 2226 3897 superstitione
2278 3820 2532 3881 disserit.
2583 3852 2669 3862 —
2717 3820 2882 3878 Inter
2926 3837 3080 3878 cos-

1796 3931 1856 3968 m
1872 3929 1905 3968 o
1921 3930 1962 3986 g
1979 3930 2056 3968 ra
2075 3930 2109 3984 p
2127 3910 2161 3968 h
2180 3910 2198 3967 i
2217 3928 2247 3968 c
2266 3930 2300 3968 a
2375 3909 2672 3968 mentione
2747 3908 2929 3984 digna
2989 3912 3082 3966 est

1800 3999 1999 4077 Imayo
2032 4001 2237 4057 mundi
2268 4018 2371 4058 seu
2390 3997 2741 4073 imaginaria
2760 3997 3080 4072 descriptio

1799 4086 1871 4170 (a.
1932 4088 2149 4162 1410),—
2184 4088 2428 4147 Lovanii
2475 4084 2669 4166 (1480
2720 4087 2812 4145 vel
2869 4085 3080 4165 1483),

1796 4197 1931 4236 cum
1952 4174 2183 4253 Mappa
2198 4179 2419 4253 mundi,
2451 4176 2610 4252 quod
2632 4195 2780 4251 opus
2799 4176 3081 4235 Columbo

1797 4268 2091 4341 profuisse
2169 4266 2439 4325 refertur.
2504 4299 2582 4308 -——
2653 4267 2738 4323 Ex
2817 4264 3080 4340 ejusdem

1797 4358 2047 4432 epistolis
2078 4374 2297 4431 paucae
2342 4359 2679 4431 supersunt,
2730 4359 2800 4413 ut
2832 4355 2903 4414 ad
2939 4354 3079 4413 Gre-

1796 4447 2029 4522 gorium
2062 4445 2206 4510 XII..
2254 4443 2639 4503 Benedictum
2675 4444 2847 4513 xm„
2896 4443 3082 4502 Joan-

460 4536 740 4593 mendatio
788 4556 831 4592 s.
880 4535 1217 4609 Scripturae
1268 4534 1425 4592 inter
1474 4534 1741 4593 Gereonii
1795 4555 1930 4593 nem
1949 4534 2155 4593 XXIII.
2190 4530 2287 4614 (de
2303 4533 2635 4609 praecipuis
2651 4532 3083 4592 reformationis

456 4644 546 4701 op·
592 4638 641 4694 1,
679 4633 801 4686 603
840 4642 918 4685 ss.
950 4628 1010 4682 et
1043 4642 1174 4682 cum
1209 4623 1332 4681 aliis
1355 4624 1657 4698 opusculis
1677 4624 1741 4682 in

457 4714 579 4773 Ort.
634 4714 821 4772 Gratii
869 4713 1167 4773 Fasciculo
1214 4732 1414 4771 rerum
1461 4716 1740 4788 expeten-

1798 4624 2085 4682 Ecclesiae
2116 4622 2437 4698 ‚capitibus
2491 4642 2540 4682 a.
2580 4618 2794 4701 1411),
2830 4623 2900 4681 ad
2937 4621 3079 4680 Vin-

1796 4714 2057 4772 centium
2110 4712 2447 4771 Ferrarium
2498 4712 2561 4771 O.
2595 4712 2688 4769 Pr.
2740 4707 2973 4793 (contra
3020 4729 3081 4768 se

457 4804 667 4862 darum
700 4808 761 4861 et
792 4802 1206 4880 fugiendarum
1245 4803 1318 4867 Π,
1358 4810 1692 4865 508-541
1725 4824 1739 4873 ;
1796 4803 2160 4880 flagellantes
2194 4822 2243 4860 a.
2284 4799 2476 4879 1416)
2509 4803 2617 4860 etc.
2666 4800 2881 4876 partim
2926 4800 3082 4859 inter

459 4894 757 4968 Expositio
835 4911 1012 4967 super
1075 4891 1310 4949 Cantica
1387 4882 1741 4949 ca‘nticorum
1797 4893 2062 4950 Gersonii
2095 4910 2184 4966 op.
2204 4886 2273 4971 (t.
2289 4886 2391 4970 11),
2415 4890 2631 4966 partim
2653 4889 2810 4964 apud
2829 4889 3076 4947 Tscha·
