3475 5364
198 369 222 419 1
245 368 334 420 ’77
787 353 1135 407 Gualterius.
1166 352 1499 409 Balduiuus.
1531 354 1808 417 Adnmus,
1835 354 1865 406 J
1873 369 2085 408 oannes
2111 353 2317 408 Sarisb.
2741 374 2760 423 1
2781 370 2856 424 73

189 537 440 613 phetas
464 540 749 608 minores,
782 539 1296 616 Constantinopoli
1324 549 1523 608 1826;
1579 560 1870 603 semones
1903 560 2010 601 seu
2039 543 2331 600 tractatus
2362 540 2495 600 XVI
2543 540 2667 599 fere
2697 559 2857 600 asce-

189 626 404 687 etiam
453 631 619 687 ritus
662 630 942 701 sacrificii
986 625 1199 687 missae
1230 625 1523 709 (Venetiis
1578 631 1746 701 ticos,
1780 650 2031 706 quorum
2064 630 2294 706 primus
2327 634 2420 688 est
2447 630 2520 688 de
2540 648 2614 690 se.
2647 631 2857 689 eucha-

195 711 457 798 1847).
525 718 676 776 Prae
726 717 941 776 ceteris
972 718 1305 777 celebratur
1334 722 1526 778 oratio
1580 720 1786 780 ristiae
1831 722 2232 789 sacrament03
2282 731 2336 781 7.
2382 719 2454 777 de
2496 720 2860 780 salutatione

189 806 342 879 ejus
382 805 608 864 habita
653 806 718 864 in
764 806 994 883 synodo
1026 808 1265 882 clajensi
1296 802 1355 889 (1
1380 803 1525 888 1¹19)
1581 809 1881 886 angelica3
1942 809 1980 868 l.
2030 810 2100 867 de
2159 810 2643 875 commendatione
2689 810 2858 883 fidei,

186 914 313 969 pro
349 896 600 955 unione
616 914 755 954 cum
770 896 1014 954 ecclesia
1026 914 1234 973 graeca
1249 898 1523 966 ineunda,
1578 899 1619 957 1.
1665 917 1773 957 seu
1817 898 2071 974 epistola
2113 899 2183 956 de
2224 905 2584 957 sacramento
2629 899 2863 967 altar-ix

187 983 502 1043 venetiis
546 994 734 1068 1784.
775 993 959 1048 1812.
1017 994 1197 1049 1865.
1261 986 1528 1061 Reliquit
1581 988 1642 1045 in
1692 987 1838 1046 bibl.
1884 986 2251 1046 cisterciensi
2297 986 2387 1050 ed.
2434 987 2652 1045 Tissier
2700 990 2744 1045 t.
2777 987 2858 1058 V;

189 1077 262 1132 et
313 1074 491 1132 alias
540 1076 852 1149 orationes,
902 1074 1198 1149 epistolae,
1242 1076 1523 1145 carmina,
1582 1077 1779 1154 Migne
1812 1076 2026 1152 patrol.
2058 1074 2239 1146 CCIV,
2277 1084 2645 1138 403—774.
2665 1110 2755 1122 -—
2776 1077 2859 1134 De

189 1162 514 1221 homilias
531 1159 601 1242 1),
653 1163 921 1221 Venetiis
963 1173 1159 1232 1798;
1218 1173 1382 1228 1838
1417 1167 1524 1223 etc.
1580 1165 1639 1224 b.
1672 1165 1858 1224 Maria
1902 1165 1968 1228 V.
2014 1165 2140 1242 egit
2182 1164 2575 1240 Adamus1)
2621 1165 2684 1224 Ο.
2718 1165 2861 1224 Cist.

1580 1255 1762 1314 abbas
1807 1255 1942 1331 pius
1987 1258 2048 1313 et
2092 1255 2304 1312 doetus
2351 1253 2662 1313 Perseniae
2694 1249 2860 1335 (Per-

1582 1340 1812 1424 seigne)
1826 1344 1889 1402 in
1906 1343 2156 1402 dioecesi
2168 1343 2577 1402 cenomanensi
2590 1338 2653 1425 (†
2670 1355 2687 1405 1
2707 1353 2736 1403 2
2750 1355 2785 1406 0
2795 1339 2858 1423 3)

1581 1434 1643 1491 in
1663 1433 1911 1492 Mariali
1943 1452 2049 1491 seu
2070 1431 2439 1491 sermonibus
2455 1426 2548 1511 (5)
2567 1432 2638 1491 de
2651 1433 2710 1490 b.
2725 1432 2858 1490 Vir-

1582 1523 1740 1598 gine,
1761 1540 1911 1597 quos
1928 1522 2115 1581 edidit
2132 1521 2190 1579 M
2208 1541 2283 1578 ar
2298 1521 2457 1579 acci
2490 1537 2622 1578 cum
2643 1531 2674 1583 7
2701 1522 2858 1598 frag-

1582 1611 1822 1680 mentis,
1847 1612 2065 1670 Romae
2094 1620 2166 1672 16
2179 1619 2256 1672 52
2280 1610 2767 1668 annotationibus
2786 1610 2860 1668 il-

1584 1701 1887 1759 lustratos.
1905 1700 2128 1758 Extant
2145 1698 2348 1773 plures
2369 1700 2632 1774 ejusdem
2650 1701 2857 1773 episto-

1580 1791 1687 1865 lae,
1741 1807 1890 1864 quas
1940 1788 2260 1848 ediderunt
2306 1788 2588 1847 Baluzius
2640 1784 2734 1868 (5)
2796 1789 2861 1846 in

1583 1878 1979 1937 miscellaneis
2027 1878 2070 1948 Ι,
2107 1886 2233 1939 423
2270 1894 2344 1936 ss.
2391 1880 2454 1935 et
2485 1878 2748 1935 Martene
2796 1878 2860 1935 in

1580 1968 1860 2026 thesauro
1894 1966 2093 2028 anecd.
2124 1964 2169 2036 Ι,
2193 1976 2314 2028 969
2335 1984 2429 2036 se„
2464 1966 2662 2043 Migne
2681 1965 2858 2036 CCXI,

1586 2065 1954 2120 583—780.

297 1350 425 1403 99.
492 1340 967 1399 Gualterius
1030 1337 1402 1422 (Canterius)
1452 1341 1526 1399 de

191 1429 262 1488 H
282 1448 394 1487 au
414 1429 732 1488 ritania
779 1425 1140 1511 (Mortegne)
1176 1431 1527 1489 rhetoricam

192 1518 545 1593 professus
595 1524 691 1577 est
740 1519 801 1577 in
850 1523 1052 1578 monte
1100 1539 1144 1582 s,
1178 1520 1523 1592 Genovefae,

193 1607 320 1665 ubi
357 1610 431 1665 et
462 1608 762 1666 Joannem
809 1608 1304 1668 saresberiensem
1349 1609 1525 1667 disci-

195 1696 444 1771 pulum
476 1696 723 1764 habuit3
775 1697 907 1755 dein
944 1697 1136 1756 factus
1167 1701 1258 1756 est
1289 1698 1525 1757 canoni-

197 1803 320 1843 cus
413 1785 853 1856 anthoniensis‚
931 1786 1206 1857 decanus,
1285 1787 1404 1846 imo
1466 1791 1528 1846 et

200 1874 554 1950 episeopus
567 1874 963 1934 laudunensis
981 1876 1033 1954 (1
1064 1886 1173 1939 155
1196 1873 1265 1945 ;†
1291 1886 1384 1939 16.
1401 1875 1440 1933 J
1445 1877 1525 1937 ul.

211 1976 232 2025 1
261 1975 286 2025 1
311 1959 453 2045 74).
471 1963 728 2039 Scripsit
741 1965 1032 2037 epistolas,
1051 1983 1302 2038 quarum
1328 1977 1378 2028 1.
1399 1966 1526 2041 agit

205 2053 284 2111 de
322 2051 657 2111 effectibus
702 2052 991 2128 baptismi
1029 2073 1137 2130 per
1180 2055 1521 2113 ministrum

207 2142 753 2217 qualemcunque3
794 2152 847 2203 2.
868 2143 1355 2202 retractationem
1386 2161 1522 2202 con-

205 2232 382 2289 tinet
415 2230 738 2289 duriorum
770 2231 1163 2307 quorundam,
1200 2250 1350 2305 quae
1384 2232 1526 2290 scri·

208 2330 430 2395 pserat
485 2320 561 2378 de
595 2320 830 2378 Christo
879 2325 941 2378 et
985 2320 1057 2378 de
1101 2321 1525 2380 incarnationis

209 2408 557 2485 mysterim
595 2417 653 2471 3.
685 2412 780 2467 est
812 2402 885 2467 ad
921 2408 1368 2480 Theodoricum,
1421 2409 1526 2486 qui

211 2498 495 2575 negabat
507 2497 828 2557 essentiam
846 2498 953 2556 Dei
974 2498 1198 2572 ubique
1220 2500 1449 2567 adesse3
1470 2508 1527 2562 4.

1680 2246 1700 2296 1
1721 2246 1755 2295 0
1767 2245 1821 2296 0.
1884 2234 2092 2309 Neque
2153 2232 2720 2307 praetermittendus
2771 2235 2862 2291 est

1581 2323 1618 2380 J
1638 2340 1927 2382 oannes
1960 2323 2252 2380 Parvus
2286 2317 2862 2403 (forteastaturaita

1586 2406 1833 2492 dictus),
1896 2431 1931 2469 a
1989 2411 2182 2486 patria
2243 2410 2860 2469 Sarisberiensis

1584 2500 2057 2577 cognominatus,
2089 2499 2183 2559 vir
2213 2499 2575 2558 clarissimus
2621 2502 2683 2557 et
2712 2500 2861 2558 cele-

212 2587 290 2644 ad
307 2587 688 2656 Albericum‚
707 2586 810 2662 qui
828 2586 1127 2645 Christum
1140 2588 1345 2647 mortis
1363 2592 1527 2646 metu

215 2676 659 2736 contristatum
693 2674 1101 2746 inficiabatur;
1140 2687 1195 2739 5.
1228 2681 1431 2736 contra
1463 2678 1526 2736 P.

216 2765 660 2836 Abaelardum,
713 2766 778 2823 in
822 2783 940 2839 qua
969 2769 1138 2825 notat
1169 2768 1299 2841 ejus
1333 2767 1527 2843 pruri-

217 2856 450 2931 ginem,
519 2873 646 2929 qua
707 2853 1034 2914 dialecticis
1085 2856 1527 2916 subtilitatibus

225 2942 604 3020 subjiciebat
655 2961 737 3004 ss.
791 2943 1102 3002 Trinitatis
1152 2948 1526 3021 mysterium.

222 3033 346 3091 Eas
411 3032 610 3091 edidit
671 3032 976 3109 D'Achery
1053 3033 1358 3111 Spicilegii
1421 3034 1526 3104 111,

230 3131 364 3185 529
433 3139 552 3190 ss.;
634 3121 895 3181 Bulaeus
959 3122 1022 3180 in
1085 3123 1331 3181 historia
1398 3142 1522 3182 aca-

226 3210 466 3270 demiae
499 3210 682 3285 paris
713 3210 785 3268 ad
818 3229 867 3271 a.
909 3220 1095 3275 1121.
1146 3211 1342 3287 Ipsius
1378 3231 1526 3287 quo-

226 3319 351 3376 que
385 3299 636 3358 videtur
657 3316 789 3358 esse
819 3307 892 3358 tr.
931 3303 984 3357 7.
1016 3316 1277 3358 summae
1307 3303 1526 3360 senten-

226 3392 462 3447 tiarum
484 3388 759 3464 Hugonis
780 3407 813 3446 a
833 3407 878 3451 s,
901 3388 1139 3447 Victore
1173 3385 1269 3469 (cf.
1304 3410 1359 3466 p.
1399 3387 1526 3470 79),

226 3478 338 3554 qui
390 3477 525 3553 agit
571 3476 644 3535 de
694 3472 1053 3560 conjugio2).
1086 3512 1166 3522 —
1208 3479 1528 3538 Thomas

226 3568 326 3625 Ba
349 3566 686 3624 lduinus
716 3566 1033 3637 Devenius,
1065 3568 1208 3642 quia
1238 3568 1528 3626 oriundus

225 3675 296 3715 ex
313 3654 712 3725 Devonshire,
723 3657 1108 3714 excestrensis
1120 3656 1352 3716 scholae
1362 3675 1529 3733 prae-

225 3746 476 3822 positus
510 3747 574 3802 et
607 3743 1074 3814 archidiaconus,
1122 3745 1262 3804 dein
1294 3747 1356 3806 Ο.
1392 3746 1528 3804 Cist.

228 3841 290 3894 et
325 3833 518 3892 abbas
550 3832 626 3891 de
663 3833 866 3904 Forda,
898 3834 974 3892 ab
1015 3853 1064 3893 a.
1105 3843 1263 3898 1181
1305 3835 1529 3912 episco-

226 3941 346 4000 pus
362 3925 499 3981 erat
515 3921 934 3999 wigorniensis
954 3926 1016 3981 et
1035 3943 1083 3984 a.
1113 3934 1137 3985 1
1161 3933 1277 3987 185
1302 3924 1528 3982 archie-

225 4014 516 4088 piscopus
550 4011 1002 4087 cantuariensis,
1055 4030 1174 4086 quo
1219 4017 1420 4071 tamen
1464 4012 1529 4070 in

227 4118 484 4161 munere
551 4100 977 4175 exspectationi
1039 4119 1162 4160 non
1224 4101 1528 4164 satisfecit.

227 4190 550 4249 Profectus
583 4188 649 4247 in
681 4189 1080 4247 Palaestinam
1125 4190 1213 4248 ibi
1255 4190 1321 4249 in
1370 4190 1528 4249 obsi-

228 4279 412 4338 dione
425 4278 819 4336 Ptolomaidis
832 4277 1150 4338 defunctus
1162 4283 1255 4338 est
1276 4292 1294 4342 1
1313 4290 1367 4341 9.
1379 4281 1527 4339 Nov.

1583 2590 1687 2648 ber
1718 2608 1826 2649 sua
1858 2592 2066 2659 aetate,
2100 2589 2205 2664 qui
2233 2591 2496 2647 nontam
2518 2588 2861 2665 theologum

1584 2680 1706 2756 egit
1739 2699 1919 2755 quam
1950 2678 2388 2755 philosophum.
2439 2677 2695 2737 Parisios
2727 2696 2861 2754 pro-

1584 2769 1775 2827 fectus
1825 2788 1874 2828 a.
1933 2777 2095 2832 1136
2149 2768 2308 2826 viros
2357 2767 2861 2826 nominatissimos

1584 2858 1796 2917 habuit
1839 2857 2175 2933 magistros,
2223 2857 2383 2915 inter
2428 2874 2578 2932 quos
2620 2857 2863 2915 Petrum

1584 2947 2001 3016 Abaelardum,
2098 2945 2440 3004 Albericum
2517 2945 2864 3003 Remensem

1585 3035 1961 3095 dialecticum
2056 3035 2364 3105 celebrem,
2472 3035 2860 3093 nominalium

1584 3125 1815 3183 scholae
1845 3124 2076 3183 hostem
2107 3142 2319 3194 acrem,
2353 3123 2683 3182 Gilbertum
2720 3124 2862 3182 Por-

1587 3217 1880 3284 retanum,
1959 3212 2272 3275 Robertum
2355 3212 2861 3282 melodunensem,

1590 3303 1851 3373 Pullum,
1887 3302 2251 3360 Guilelmum
2284 3301 2355 3358 de
2379 3300 2646 3373 (buchia,
2681 3321 2715 3359 a
2746 3319 2864 3377 quo

1584 3392 1646 3449 in
1665 3391 1856 3450 literis
1874 3390 2130 3449 classicis
2147 3391 2264 3448 suit
2278 3390 2510 3466 egregie
2525 3390 2861 3460 institutus,

1584 3485 1692 3543 etc.
1726 3481 1926 3538 Rediit
1958 3480 2194 3538 nonnisi
2216 3479 2437 3554 optime
2459 3479 2781 3537 institutus
2799 3479 2863 3536 in

1587 3569 1882 3644 Angliam,
1903 3572 1964 3627 et
1981 3567 2487 3627 commendatione
2508 3586 2553 3625 s.
2575 3567 2863 3625 Bernardi

1584 3678 1618 3716 a
1648 3658 1982 3717 Theobaldo
2013 3656 2453 3732 archiepiscopo
2503 3657 2661 3713 inter
2691 3655 2864 3713 fami-

1585 3748 1761 3806 liares
1793 3751 1887 3804 est
1918 3750 2192 3821 receptus
2244 3745 2419 3820 eique
2469 3744 2542 3802 ab
2592 3743 2863 3819 epistolis

1584 3836 1701 3896 fuit
1719 3830 1776 3917 (1
1802 3847 1823 3898 1
1841 3832 1968 3913 49).
1985 3836 2198 3912 Magna
2212 3853 2449 3909 quoque
2468 3833 2657 3892 valuit
2670 3833 2865 3910 gratia

1584 3924 1746 4001 apud
1776 3925 2099 3983 Henricum
2121 3924 2215 4000 11„
2252 3923 2356 3998 qui
2388 3941 2456 3980 eo
2487 3923 2550 3981 in
2580 3923 2863 4000 gravissi-

1584 4015 1697 4072 mis
1729 4031 1877 4071 usus
1923 4017 2018 4072 est
2060 4013 2337 4090 negotiis.
2396 4011 2633 4070 Excidit
2664 4016 2864 4071 tamen

1585 4103 1714 4179 ejus
1792 4103 2011 4178 gratia:
2090 4122 2209 4177 qua
2282 4103 2631 4176 recuperata
2687 4118 2864 4176 opera

1587 4191 1841 4250 Thomae
1890 4191 2110 4250 Becket
2155 4189 2486 4249 cancellarii
2537 4190 2600 4248 in
2645 4189 2866 4266 Anglia

1586 4299 1889 4339 remanere
1920 4280 2043 4339 suit
2072 4279 2435 4354 permissus:
2468 4279 2590 4336 imo
2621 4278 2759 4336 huic
2790 4277 2862 4335 ad

235 4380 262 4431 1
289 4379 431 4430 190.
465 4367 738 4442 Reliquit
758 4370 993 4442 praeter
1011 4367 1267 4442 plurima
1304 4369 1530 4427 inedita
1586 4369 2150 4444 archiepiscopatum
2185 4370 2455 4444 promoto
2477 4367 2863 4425 familiarissi-

1663 4560 1698 4627 ι)
1727 4554 1809 4610 Cf.
1840 4554 2027 4608 Oudin
2056 4557 2357 4611 comment.
2400 4555 2469 4607 de
2509 4554 2702 4623 script.
2730 4554 2863 4607 eccl.

307 4633 344 4698 ¹)
372 4629 458 4683 Cf.
491 4629 693 4681 Vetter
717 4626 830 4681 KL.
865 4627 981 4688 1X.⁹
999 4632 1132 4683 162:
1165 4626 1528 4681 Petermann-
1585 4628 1651 4691 ll,
1717 4631 1873 4684 1682.
1954 4625 2410 4695 Distinguendus
2472 4629 2559 4678 est
2619 4626 2690 4678 ab
2752 4624 2863 4677 alio

233 4700 456 4755 Keesler
483 4700 751 4759 Realenc.
771 4699 866 4763 X,²
878 4702 1163 4755 487—494
1180 4697 1249 4752 de
1267 4702 1526 4766 utroque.
1584 4700 1634 4751 A
1651 4697 1686 4751 d
1703 4714 1737 4750 a
1754 4716 1811 4750 m
1827 4715 1859 4751 ο
1888 4697 1949 4750 Ο.
1969 4697 2103 4751 Cist.
2128 4697 2332 4750 abbate
2351 4695 2649 4750 Caroliloci
2665 4699 2721 4748 et
2737 4699 2866 4764 post

300 4778 343 4830 f)
373 4771 459 4828 cf.
490 4770 715 4825 Denifle
757 4769 971 4823 Archiv
997 4770 1093 4833 111,
1119 4773 1224 4827 636
1251 4787 1323 4825 s.·.
1378 4769 1531 4823 Gietl
1584 4767 1986 4823 silvanectensi

2062 4767 2286 4836 (Senlis)
2349 4766 2617 4836 episcopo
2683 4771 2863 4832 (1228-

234 4837 334 4898 Die'
350 4844 680 4898 Sentenzen
701 4840 959 4895 Rolands
976 4839 1187 4894 introd.
1206 4857 1251 4894 o.
1274 4845 1336 4899 3:
1365 4843 1530 4895 Feret
1584 4845 1670 4897 20.
1698 4842 1846 4909 Aug.
1875 4843 2051 4909 1258),
2081 4838 2184 4907 qui
2208 4838 2428 4908 pariter
2448 4856 2713 4892 sermones
2741 4853 2864 4890 eru-

237 4915 274 4987 1,
296 4920 546 4974 94—99:
575 4912 728 4969 nist.
755 4911 846 4967 nt.
875 4912 1022 4976 xm,
1049 4916 1348 4968 511—515.

1584 4912 1735 4965 ditos
1761 4911 2099 4980 composuit.
