3475 5364
1572 1640 1617 1722 I

502 1818 1093 1992 Theologi
1188 1858 1793 1952 annorum
1898 1816 2695 1952 1109--114L

615 2170 693 2270 Ι.
761 2170 1251 2292 Theologia
1317 2170 1869 2269 scholastica
1936 2173 2028 2269 et
2092 2170 2563 2290 polemica.

388 2420 410 2470 1
429 2451 442 2464 .
478 2408 831 2485 Theologiae
850 2408 1221 2467 scholasticae
1240 2408 1500 2485 origines
1514 2410 1576 2467 et
1632 2407 1889 2485 optimae
1905 2407 2031 2483 spei
2047 2405 2450 2467 adolescentes
2467 2406 2713 2465 attraxit
2726 2406 2909 2466 illud-

287 2493 473 2577 fata1)
494 2497 915 2556 adumbrantes
936 2497 1190 2559 initium
1209 2497 1484 2557 ducimus
1501 2496 1575 2555 ab
1633 2516 1750 2572 que
1793 2495 2055 2556 reddidit
2086 2514 2294 2554 verum
2343 2514 2788 2571 quaquaversus
2819 2516 2912 2555 re-

289 2602 378 2655 eO‚
413 2586 522 2661 qui
553 2604 676 2646 non
706 2586 1002 2645 immerito
1049 2586 1217 2645 illius
1248 2586 1441 2646 veluti
1472 2606 1573 2662 pa·
1631 2585 2003 2644 formationis
2018 2585 2300 2644 salutaris
2314 2585 2716 2647 seminarium.
2732 2585 2909 2662 Regi·

292 2695 431 2735 rens
464 2678 756 2746 censetur,
792 2695 837 2738 s.
869 2677 1250 2747 Anselm0,
1285 2675 1576 2735 Ecclesiae
1632 2674 1765 2745 buS,
1801 2674 2093 2751 episcopis
2126 2673 2362 2751 ipsique
2395 2694 2440 2736 s.
2475 2674 2754 2752 Gregorio
2786 2674 2912 2736 VII.

294 2765 553 2824 doctore.
584 2766 779 2823 Natus
811 2771 902 2824 est
931 2766 1247 2824 Anselmus
1267 2768 1577 2841 Augustae
1634 2767 1912 2840 acceptus
1945 2767 2103 2823 erat:
2137 2763 2523 2839 quamobrem
2555 2784 2590 2822 a
2620 2764 2912 2823 Guilelmo

298 2855 635 2913 Praetoriae
685 2850 920 2935 (Aosta)
982 2857 1047 2913 in
1108 2854 1327 2914 finibus
1369 2854 1578 2913 Italiae
1634 2854 1887 2930 Angliae
1920 2871 2075 2930 rege,
2109 2853 2480 2912 instantibus
2521 2854 2677 2923 clero
2708 2872 2775 2912 ac
2806 2872 2911 2930 po·

299 2943 656 3019 Gandulpho
705 2946 768 3002 et
812 2944 1213 3021 Ermenberga
1272 2943 1577 3002 nobilibus
1634 2943 1793 3018 pulo,
1826 2942 1956 3017 ipso
1987 2946 2188 3001 tamen
2231 2946 2621 3018 repugnante,
2668 2947 2912 3000 vocatus

292 3032 643 3109 parentibus
680 3043 735 3094 6.
768 3033 902 3108 Maj.
945 3041 1132 3096 1033.
1183 3032 1451 3092 Juvenili
1481 3052 1574 3090 ar-
1634 3034 1727 3090 est
1758 3030 1832 3088 ad
1863 3031 2061 3090 sedem
2106 3031 2659 3107 archiepiscopalem
2700 3035 2913 3089 cantu-

294 3122 436 3181 dore
488 3121 862 3197 aliquamdiu
912 3121 1002 3187 ad,
1038 3122 1221 3181 seculi
1272 3121 1576 3181 illecebras
1633 3120 1928 3179 ariensem
1954 3130 2138 3183 1093.
2174 3121 2460 3196 Suscepto
2480 3123 2649 3178 tanto
2666 3138 2912 3178 munere

291 3216 537 3280 ‘tractus⁹
572 3211 737 3269 brevi
767 3210 833 3268 in
863 3211 1178 3286 pristinam
1209 3210 1368 3269 viam
1400 3229 1572 3270 revo-
1632 3210 1788 3268 illico
1822 3209 2067 3268 adnisus
2087 3211 2179 3267 est
2196 3209 2377 3268 verbo
2409 3212 2471 3266 et
2498 3210 2765 3284 exemplo
2788 3229 2911 3269 cor-

293 3305 460 3359 catus
473 3299 703 3376 patriae
718 3302 778 3358 et
792 3300 956 3358 bonis
968 3300 1243 3359 omnibus
1258 3299 1485 3359 relictis
1501 3299 1574 3357 ad
1631 3303 1843 3374 ruptos
1889 3298 2097 3374 populi
2146 3317 2340 3357 mores
2390 3297 2725 3368 reformare,
2773 3298 2913 3356 dein

292 3389 721 3449 monasterium
738 3388 1018 3448 beccense
1031 3389 1187 3448 OSB.
1204 3390 1570 3448 inNorman-
1631 3387 1870 3462 scriptis
1902 3390 1963 3445 et
1983 3386 2244 3445 conciliis
2266 3386 2575 3446 celebratis
2595 3387 2911 3462 pristinam

293 3479 453 3537 niam
476 3497 539 3537 se
560 3477 831 3547 contulit,
864 3478 971 3537 ubi
1003 3478 1294 3537 sub'Lan
1312 3478 1575 3537 franco
1629 3479 1962 3535 restaurare
2010 3477 2296 3553 pietatem
2345 3478 2404 3534 et
2454 3476 2910 3534 ecclesiasticam

292 3568 423 3627 viro
459 3566 820 3642 doctissim0‚
860 3569 989 3643 ejus
1022 3567 1299 3643 populari
1332 3562 1432 3648 (cf.
1466 3569 1510 3629 t.
1547 3567 1575 3625 1
1630 3565 2023 3641 disciplinam.
2070 3565 2216 3623 Cum
2248 3583 2386 3624 vero
2417 3582 2518 3622 rex
2551 3565 2612 3623 vi
2643 3569 2703 3623 et
2732 3565 2910 3623 minis

293 3676 350 3732 p.
373 3668 393 3718 l
414 3667 493 3720 05
506 3653 588 3734 5),
604 3658 772 3714 tanto
784 3655 967 3714 animi
980 3658 1205 3716 fervore
1216 3656 1420 3733 etjugi
1442 3659 1570 3715 stu-

294 3745 391 3805 dio
421 3747 487 3804 in
514 3744 704 3803 literis
733 3748 794 3803 et
827 3744 1153 3804 Virmffibus
1186 3744 1572 3820 assequendis
1629 3773 1773 3827 dene
1824 3771 2295 3843 philosophische
2348 3771 2468 3825 und
2519 3770 2712 3825 theolo
2760 3770 2772 3780 '
2807 3771 2911 3825 che

294 3834 441 3893 adeo
457 3832 727 3910 profecit,
750 3837 821 3892 ut
837 3839 1139 3910 tamquam
1158 3834 1493 3893 sanctitatis
1512 3837 1573 3892 et
1630 3844 2000 3915 Richtungen
2042 3844 2161 3898 und
2188 3842 2498 3897 Methoden
2537 3841 2600 3895 in
2641 3860 2720 3896 un
2787 3859 2913 3896 aret

295 3923 597 3982 doctrinae
629 3924 930 3998 exemplar
944 3924 1018 3981 ab
1034 3923 1310 3983 omnibus
1325 3924 1569 3982 habere·
1630 3914 1909 3986 Gshrung
1935 3914 2397 3970 nebeneinander
2423 3929 2624 3983 wogen
2646 3913 2764 3968 und
2787 3913 2914 3967 mit-

294 4017 397 4071 tm.
433 4013 709 4071 promoto
724 4011 1050 4072 Laus-runco
1070 4012 1135 4071 in
1152 4012 1426 4071 abbatem
1446 4030 1571 4070 mo,
1630 3986 1904 4041 einander
1930 3987 2153 4070 ringen,
2181 3987 2270 4040 bis
2296 3985 2389 4039 die
2417 3985 2746 4039 christliche
2768 3984 2913 4066 Wis-

400 4062 413 4076 ’
1630 4059 1922 4112 senachaft
1960 4077 2021 4112 1n
2050 4059 2543 4128 unausgesetztern
2572 4057 2912 4126 Aufstelgen

294 4102 543 4160 ”asterii
577 4101 940 4202 caqonffenffis
969 4121 1012 4162 S·
1033 4101 1317 4203 sfephani
1349 4101 1477 4177 ipse
1509 4099 1574 4158 in
1630 4133 1800 4183 unter
1841 4129 1941 4183 der
1982 4129 2243 4183 sicheren
2270 4127 2521 4198 Leitung
2565 4128 2664 4181 der
2704 4126 2910 4181 Kirche

295 4210 542 4249 munere
584 4208 801 4266 pnons
847 4193 1143 4260 succesmt,
1192 4192 1253 4248 et
1296 4190 1573 4249 defuncto
1629 4198 2914 4270 allmahlichjeneLichthoheerklommen‚die

296 4279 583 4339 Herluino
603 4280 819 4338 abbate
840 4279 1109 4338 unanimi
1130 4279 1425 4338 sodalium
1446 4278 1571 4337 suf.
1631 4272 1799 4327 einen
1828 4289 1889 4325 so
1915 4272 2106 4325 hellen
2132 4270 2311 4325 Glanz
2341 4270 2592 4324 fiberdas
2617 4277 2697 4326 13.
2713 4269 2912 4323 Jahrb.

297 4367 483 4445 fregio
499 4369 563 4427 in
576 4369 853 4428 abbatem
869 4372 960 4427 est
975 4369 1197 4427 electus
1222 4380 1243 4431 1
1262 4381 1295 4431 ο
1307 4379 1339 4431 7
1351 4377 1407 4431 8.
1424 4369 1572 4426 Doc-
1630 4343 1942 4398 verboeitet
1956 4344 2087 4425 hat:
2105 4382 2118 4395 ·
2139 4383 2151 4395 ·
2178 4342 2342 4424 noch
2360 4359 2547 4424 waren
2565 4341 2657 4395 die
2675 4339 2915 4422 Geistes-

1630 4416 1855 4469 schatze
1876 4414 1978 4468 der
1995 4414 2391 4485 griechischen
2409 4413 2776 4482 Philosophia
2794 4411 2912 4465 und

296 4457 489 4517 trinae
520 4458 937 4532 viduumque
984 4457 1297 4533 splendore
1339 4475 1573 4515 monas·
1631 4485 1724 4540 die
1767 4485 1958 4540 reiche
1987 4485 2572 4541 Hinterlassenschaft
2615 4483 2714 4537 der
2740 4483 2915 4536 vater

298 4546 511 4606 terium
571 4547 824 4605 maxime
884 4545 1223 4618 illustravit,
1286 4546 1574 4622 plurimos
1632 4576 1744 4611 nur
1770 4557 2131 4627 mangelhaft
2146 4555 2513 4620 argemonen,
2532 4555 2651 4609 und
2671 4555 2818 4608 doch
2834 4571 2915 4607 er-

1632 4627 1889 4683 weiterte
1917 4629 2039 4682 sich
2065 4628 2165 4681 der
2194 4628 2384 4681 lnhalt
2409 4627 2509 4680 der
2544 4625 2913 4682 christlichen

414 4704 447 4769 ¹)
474 4699 633 4753 Hanc
660 4700 722 4751 et
751 4701 1080 4767 sequentem
1102 4698 1403 4770 periodum
1434 4698 1574 4752 bene
1633 4699 2052 4754 Wissenschaft
2090 4698 2289 4753 immer
2330 4699 2490 4752 mehr
2530 4697 2649 4751 und
2691 4696 2913 4778 zeigten

297 4770 551 4839 appellat
575 4771 834 4839 Morgott
852 4770 962 4825 Lit.
985 4770 1226 4838 Handw.
1253 4775 1388 4827 1892
1415 4785 1461 4822 c.
1479 4777 1573 4824 81:
1632 4771 1754 4825 sich
1781 4771 1887 4824 mit
1912 4770 2041 4824 dem
2068 4771 2306 4825 Streben
2345 4770 2493 4823 nach
2535 4769 2915 4838 speculativer

298 4841 401 4895 Die
428 4841 651 4907 frische‚
678 4840 1206 4912 kampfesmuthige
1232 4840 1265 4893 J
1270 4840 1578 4912 ugendzeit
1632 4842 1948 4912 Erfassung
1963 4842 2062 4895 des
2077 4840 2442 4896 Lehrinhalts
2458 4840 2607 4894 auch
2624 4840 2799 4894 sehon
2820 4838 2914 4892 die

298 4913 398 4967 der
424 4912 768 4977 Scholastik‚
795 4912 855 4966 in
873 4913 1117 4967 welcher
1133 4913 1280 4966 noch
1304 4911 1575 4966 verschie·
1633 4916 1820 4968 ersten
1848 4916 2092 4967 Ansatze
2120 4913 2280 4968 einer
2305 4911 2792 4981 Systembildung.

507 5013 698 5071 Homer,
726 5013 1056 5059 Nomenclator
1080 5012 1124 5058 11
1150 5012 1221 5058 ed.
1252 5011 1298 5058 3.
2565 5008 2590 5055 1
