3475 5364
341 390 505 444 1253

776 373 913 426 Arn.
941 371 1010 424 de
1042 370 1273 441 Badet0,
1302 369 1713 433 Schwederich,
1739 369 1826 424 Jo.
1853 368 2048 436 Faber,
2075 367 2379 437 Schatzger
2402 370 2504 423 etc.

2793 388 2955 442 1254

334 559 394 617 in
441 578 531 634 op.
580 559 728 616 bene
778 556 1074 632 pontificis
1125 555 1615 615 infallibilitatem
1671 554 1751 612 tis
1783 555 2051 629 ejusdem
2083 554 2310 629 primus
2342 556 2720 629 provincialis
2761 561 2823 616 et
2853 556 2953 617 de-

330 651 555 707 tuetur.
602 679 690 690 —
735 646 1208 705 Eustachius
1240 644 1473 703 Vander
1501 645 1613 703 Ri-

333 738 616 805 vieren,
666 736 741 794 ab
768 735 992 810 oppido
1026 734 1219 810 patrio
1258 733 1330 792 de
1364 734 1615 793 Ziobe—

332 827 452 885 nis
484 826 660 884 etiam
693 824 891 882 dictus
925 819 989 907 (†
1032 824 1612 899 1538).—Arnal-

334 917 367 972 d
388 935 427 973 u
445 934 472 974 s
506 915 577 973 de
592 916 640 972 B
656 934 689 972 a
704 913 744 971 d
759 915 829 972 et
843 931 876 971 o
908 912 1238 989 theologiae
1250 913 1537 990 magister
1555 914 1616 970 et

333 1005 636 1080 quaesitor
711 1002 848 1060 fidei
938 1003 1232 1078 generalis
1309 1002 1615 1061 tolosanus

332 1088 563 1174 (1531)
611 1091 947 1151 construxit
978 1092 1441 1150 Destructorium
1482 1092 1614 1149 hae-

332 1200 544 1257 resum,
579 1181 823 1239 Parisiis
855 1189 1015 1243 1532
1052 1181 1115 1241 in
1140 1190 1207 1250 83
1242 1180 1615 1239 Breviarium

330 1273 402 1328 de
433 1270 794 1329 mirabilibus
844 1270 1049 1328 mundi
1092 1271 1342 1344 ejusque
1381 1287 1614 1345 compo-

332 1360 547 1419 sitione
581 1359 907 1418 secundum
938 1358 1230 1435 triplicem
1261 1359 1417 1417 viam
1448 1359 1613 1417 theo-

333 1450 622 1525 logorum,
658 1449 1095 1524 astrologorum
1142 1451 1204 1506 et
1236 1448 1614 1524 pbilosopho-

332 1557 484 1606 rum,
521 1538 825 1596 Avenione
864 1547 1029 1599 1499
1065 1538 1129 1594 in
1162 1546 1233 1607 43
1278 1537 1617 1614 Maryarita

331 1629 591 1685 virorum
621 1628 936 1685 illustrium
980 1626 1052 1684 de
1083 1626 1290 1684 fut-ura
1329 1626 1615 1701 temporis

331 1716 720 1791 dispositione
731 1714 1456 1791 praenoscenda,Tolosae1
1472 1725 1504 1778 5
1517 1724 1549 1777 2
1561 1724 1613 1777 5.

427 1901 567 1955 588.
601 1892 685 1950 Ex
719 1892 927 1952 ordine
957 1912 1002 1952 s,
1039 1893 1340 1952 Franoisca‘
1377 1898 1614 1968 praeter

331 1982 378 2039 B
396 1999 427 2038 e
442 2001 472 2038 r
486 2000 523 2039 n
543 2001 622 2040 ar
636 1981 674 2039 d
689 2001 732 2040 u
747 2002 804 2039 m
824 2026 837 2052 ,
870 1981 1151 2041 lectorem
1172 1982 1237 2040 in
1256 1984 1615 2042 monasterio

329 2069 675 2140 Jiiterbock,
710 2071 815 2145 qui
847 2089 978 2129 cum
1003 2071 1303 2130 sodalibus
1337 2073 1400 2130 iu
1432 2073 1609 2132 comi-

331 2160 433 2217 tiis
465 2160 935 2235 provincialibus
979 2160 1200 2219 ibidem
1242 2161 1461 2221 habitis
1486 2163 1612 2238 jam

1671 643 1871 702 finitor
1902 643 2213 720 generalia,
2248 647 2311 703 et
2342 644 2404 701 in
2426 645 2676 704 comitiis
2697 647 2954 724 burgen·

1671 733 1837 792 sibus
1886 727 2145 815 (Burgos
2208 729 2396 813 1523)
2446 734 2766 808 inquisitor
2811 738 2952 796 Ger-

1671 822 1914 880 maniae.
1948 821 2159 891 Verho,
2195 822 2429 897 scriptis
2463 827 2524 881 et
2555 842 2730 899 opera
2759 844 2820 884 se
2848 844 2953 903 op-

1672 910 1879 987 posuit
1910 912 2387 970 Lutheranorum
2434 912 2952 974 innovationibus:

1671 1001 1812 1059 hinc
1843 1000 2172 1075 plurimum
2205 1000 2465 1060 contulit
2496 1006 2567 1060 ut
2595 1022 2812 1080 magna
2842 1005 2953 1062 Ba-

1672 1090 1866 1147 variae
1899 1109 2037 1165 pars
2069 1090 2144 1148 ab
2163 1090 2721 1150 errorumimmnnis
2754 1111 2951 1152 serva-

1671 1183 1839 1237 retur
1869 1178 2206 1238 infectione.
2243 1218 2270 1248 ,
2286 1179 2512 1238 Tantus
2533 1198 2674 1256 ergo
2694 1181 2789 1239 vir
2806 1183 2953 1241 recti

1672 1268 2133 1338 amantissimus,
2170 1268 2380 1326 scribit
2413 1269 2642 1327 celeber
2672 1270 2954 1330 Eckins

1672 1357 1737 1414 in
1768 1356 1949 1432 praef.
1983 1376 2122 1419 suae
2155 1357 2242 1416 ed.
2266 1376 2511 1433 operum
2543 1358 2722 1433 hujus
2745 1361 2953 1420 veriet

1671 1446 1937 1522 germani
1979 1446 2034 1504 d.
2067 1447 2361 1506 Francisci
2407 1446 2530 1516 filii,
2579 1449 2953 1524 conspicatus

1672 1534 1736 1592 in
1769 1535 2348 1612 pseudoevangelicis
2380 1555 2624 1606 errores,
2677 1538 2950 1607 acediam,

1672 1624 1898 1694 luxum,
1920 1624 2289 1684 insolentiam
2312 1627 2373 1684 et
2391 1626 2773 1700 turpissimae
2794 1627 2952 1687 vitae

1671 1713 1965 1783 scandala,
2000 1714 2123 1773 zelo
2155 1713 2291 1772 fidei
2313 1715 2605 1774 excitatus
2638 1716 2952 1776 ascendite

1669 1802 1907 1862 diverso
1929 1805 1990 1861 et
2010 1804 2291 1879 opposuit
2311 1822 2372 1861 se
2393 1823 2632 1862 murum
2653 1823 2760 1879 pro
2780 1805 2951 1865 domo

1670 1892 1870 1960 Israel,
1893 1895 1965 1950 ut
1980 1896 2170 1951 staret
2189 1893 2249 1950 in
2266 1893 2488 1967 praelio
2509 1893 2573 1950 in
2589 1893 2682 1951 die
2699 1894 2949 1965 Domini,

1670 1987 1730 2039 et
1746 2000 1976 2040 omnem
1993 1982 2176 2040 vitam
2193 1981 2518 2052 scribendo,
2536 1982 2949 2057 praedicandO,

1668 2070 2052 2141 consulendo,
2085 2070 2373 2129 hortando
2404 2075 2467 2130 et
2497 2073 2715 2130 orando
2748 2078 2952 2132 contra

1670 2160 2022 2234 perniciosas
2054 2160 2354 2219 doctrinas
2393 2164 2766 2220 consumeret
2811 2206 2823 2219 .
2873 2206 2885 2219 .
2937 2207 2948 2218 .

330 2254 469 2306 ante
485 2249 772 2308 celebrem
785 2248 1250 2325 disputationem
1270 2250 1613 2326 lipsiensem
1668 2248 1857 2307 Tanto
1891 2267 2032 2308 sane
2064 2253 2268 2308 contra
2312 2249 2683 2309 adversarios
2717 2252 2953 2326 scripsit

330 2337 489 2395 inter
518 2338 769 2396 Eckium
800 2344 861 2397 et
891 2339 1221 2397 Lutherum
1245 2336 1491 2421 (1519),
1534 2350 1609 2403 14
1668 2355 1734 2395 ac
1756 2338 1806 2396 si
1838 2338 2190 2397 muneribus
2219 2357 2442 2398 vacuus
2473 2338 2537 2397 in
2567 2358 2797 2399 summo
2829 2340 2950 2399 otio

331 2427 767 2502 propositiones
813 2427 1061 2486 Lutheri
1108 2428 1429 2489 declaravit
1475 2429 1611 2489 hae·
1667 2426 1969 2485 vixisset‘
2036 2427 2200 2485 Obiit
2247 2428 2537 2486 Monachii
2602 2437 2696 2489 18.
2744 2429 2842 2504 pie
2886 2429 2950 2488 in

331 2515 543 2574 reticas
593 2548 680 2558 —-
730 2516 1019 2575 Jacobum
1070 2517 1506 2576 Schwederi
1528 2519 1611 2576 ch
1671 2517 1920 2576 Domino
1972 2516 2128 2591 Sept.
2183 2525 2369 2580 1525.
2449 2516 2636 2585 Quam
2692 2518 2951 2593 plurima

334 2599 767 2685 (Suedericum)
818 2605 1152 2684 theologiae
1204 2606 1498 2667 doctorem
1551 2611 1613 2666 et
1667 2604 1914 2679 reliquit
1958 2623 2135 2680 opera
2180 2605 2498 2665 admodum
2544 2607 2718 2665 utilia
2749 2611 2952 2666 contra

332 2696 606 2754 lectorem
640 2697 703 2754 in
737 2703 1034 2755 conventu
1055 2696 1376 2767 dresdensi,
1411 2701 1610 2757 custo·
1668 2699 2102 2769 protestantes;
2131 2713 2132 2716 ’
2168 2696 2304 2754 hinc
2353 2695 2679 2754 Guilelmus
2730 2697 2826 2757 IV.
2890 2703 2951 2755 et

331 2785 464 2842 dem
493 2779 954 2868 misniensem1),
997 2787 1168 2862 cujus
1203 2790 1295 2844 est
1326 2787 1610 2846 adversus
1666 2783 2003 2844 Ludovicns
2049 2785 2333 2843 Bavariae
2379 2786 2555 2844 duces
2607 2785 2709 2844 illa
2756 2785 2948 2846 literis

330 2873 659 2932 Lutherum
696 2875 1151 2934 Collectariolum
1195 2875 1267 2933 de
1299 2876 1610 2953 religioso·
1667 2873 1866 2932 missis
1889 2873 2166 2932 omnibus
2187 2875 2486 2950 praelatis,
2508 2875 2825 2943 canonicis,
2844 2895 2945 2951 pa·

331 2981 466 3020 rum
528 2964 779 3039 origine,
844 2982 1046 3023 eorum
1112 2965 1611 3040 multiplicatione
1667 2963 1861 3022 rochis
1893 2967 1954 3021 et
1985 2963 2244 3022 subditis
2263 2962 2753 3023 commendarunt
2771 2968 2950 3040 atque

331 3069 436 3126 per
473 3052 766 3110 mundum
811 3071 876 3112 ac
922 3073 953 3110 a
998 3054 1210 3112 ceteris
1254 3054 1610 3130 vulgaribus
1666 3052 2192 3128 praescripserunt,
2206 3054 2278 3110 nt
2292 3053 2558 3128 expensis
2572 3053 2950 3113 ecclesiarum

332 3159 437 3213 per
470 3140 759 3211 habitum,
794 3142 964 3216 signa
981 3146 1043 3200 et
1061 3143 1217 3200 ritus
1252 3143 1608 3212 discrimine,
1668 3141 1892 3216 ubique
1939 3145 2293 3200 emerentur.
2356 3143 2523 3200 Intra
2573 3144 2948 3217 septennium

333 3228 404 3284 de
438 3230 839 3301 apostatarum
864 3249 1102 3303 quoque
1122 3235 1183 3289 et
1201 3231 1272 3289 iis
1293 3249 1609 3306 cooperan-
1663 3249 1873 3289 eorum
1927 3231 2089 3289 ultra
2143 3239 2220 3292 23
2276 3231 2548 3307 vulgavit
2563 3227 2641 3312 1),
2694 3251 2950 3304 quorum

333 3316 485 3373 tium
502 3316 765 3389 periculo
784 3317 1044 3376 simulac
1070 3319 1399 3394 punitione,
1443 3329 1606 3382 1525
1667 3320 1845 3393 plura
1906 3323 2219 3393 postquam
2282 3320 2522 3396 seorsim
2579 3320 2947 3395 prodierunt,

332 3438 417 3447 -——-
452 3404 743 3463 Joannem
775 3406 1016 3464 Faber
1060 3426 1180 3483 reg.
1227 3408 1347 3466 oba.
1381 3408 1611 3484 Lipsiae
1668 3407 1915 3468 collecta
1990 3407 2178 3465 edidit
2239 3402 2523 3465 Eckius
2596 3407 2951 3483 Ingolstadii

328 3493 759 3564 excubitorem,
825 3495 930 3569 qui
992 3496 1263 3574 vulgavit
1323 3497 1610 3556 celebrem
1676 3505 1841 3558 1543
1876 3496 1941 3554 in
1971 3496 2028 3564 f.‚
2076 3496 2237 3553 inter
2281 3514 2432 3572 quae
2465 3496 2828 3555 Scrutinium
2858 3498 2947 3554 di-

333 3583 799 3659 disputationem
832 3587 1036 3643 contra
1066 3585 1260 3644 Balth.
1285 3587 1611 3644 Basomon-
1666 3586 1833 3642 vinae
1853 3584 2195 3659 Scripturae
2227 3604 2333 3658 pro
2367 3585 2777 3644 conciliatione
2802 3604 2948 3661 qno·

329 3675 540 3731 tanum
564 3669 871 3754 (Basberg)
905 3673 970 3732 in
990 3691 1169 3732 causa
1185 3675 1450 3744 Lutheri,
1472 3675 1608 3750 Lip-
1667 3673 1925 3732 rundam
1956 3673 2369 3732 dissidentium
2416 3673 2764 3749 dogmatum
2801 3675 2951 3733 circa

332 3761 450 3819 siae
476 3770 639 3824 1522
660 3763 723 3820 in
745 3763 781 3819 f.
803 3765 1257 3839 —praeprimis
1274 3764 1610 3823 laudandus
1666 3763 1945 3821 materias
1998 3762 2070 3820 de
2120 3763 2311 3838 gratia
2358 3766 2420 3820 et
2468 3763 2653 3821 libero
2702 3763 2949 3822 arbitrio

331 3857 423 3908 est
452 3851 670 3927 Caspar
704 3852 1120 3929 Schatzger
1151 3849 1608 3934 (Schatzgayer)‚
1667 3846 1963 3934 (Basileae
2004 3847 2230 3932 1522);
2264 3855 2337 3909 tr.
2383 3853 2453 3909 de
2497 3853 2652 3910 cultu
2696 3860 2747 3910 et
2790 3869 2946 3911 vene-

332 3940 436 4013 qui
450 3940 803 3999 Landshutii
818 3962 875 4000 n.
902 3950 1065 4004 1463
1085 3944 1179 4001 vel
1203 3951 1389 4012 1464,
1407 3943 1609 4019 Ingol·
1667 3938 1890 3999 ratione
1923 3941 2025 4002 SS.
2061 3941 2186 4016 (8.1.
2211 3944 2270 3997 et
2293 3961 2342 3998 a.
2375 3950 2535 4003 1523
2560 3937 2947 4023 germanice);

336 4029 597 4087 stadium
641 4031 860 4089 missus
901 4031 1117 4090 studiis
1158 4032 1401 4092 vacavit.
1469 4032 1612 4090 Post

332 4135 507 4175 suum
541 4118 604 4176 in
638 4119 903 4178 ordinem
937 4119 1269 4196 ingressum
1299 4120 1491 4179 factus
1521 4122 1611 4179 est
1748 4149 1782 4212 ¹)
1812 4145 1894 4200 Cf.
1917 4145 2274 4199 Gaudentius
2292 4145 2551 4216 Beitrilge
2568 4164 2668 4199 zur
2682 4146 2949 4201 Kirchen-

332 4210 659 4266 conventus
705 4209 1077 4267 monacensis
1122 4209 1485 4285 guardianus
1539 4207 1607 4290 (c.
1666 4218 1851 4288 gesch.
1880 4217 1977 4271 des
2005 4221 2090 4274 16.
2118 4218 2771 4280 uud17.Jahrh.‚Bozen
2791 4223 2946 4276 1880.

343 4304 462 4355 149
476 4291 536 4374 7)
573 4301 634 4353 εις
655 4297 838 4355 lector
870 4297 1182 4368 sodalium,
1216 4317 1334 4374 quo
1367 4317 1609 4357 munere
1667 4291 1708 4354 1,
1741 4295 1837 4373 11}
1894 4288 2210 4370 Greiderer·
2231 4290 2416 4344 Germ.
2434 4290 2620 4371 franc.
2651 4291 2714 4350 ΙΙ,
2741 4295 2849 4348 418
2876 4309 2946 4350 s.;

332 4383 571 4443 functus
585 4390 673 4442 est
689 4406 736 4443 a·
765 4397 868 4456 163
905 4407 953 4445 a·
997 4398 1019 4448 1
1039 4397 1071 4450 5
1083 4399 1113 4449 4
1125 4397 1163 4449 4
1196 4388 1419 4446 electus
1441 4391 1533 4446 est
1547 4388 1607 4445 in
1644 4359 1884 4426 ,Drnflel
1911 4360 2010 4414 cler
2038 4361 2348 4414 baierische
2370 4360 2602 4415 Minorit
2628 4361 2726 4414 der
2744 4361 2871 4417 Obs,
2890 4361 2948 4416 C.

332 4472 618 4531 vicarium
634 4476 954 4550 praepositi
971 4476 1312 4551 provinciae
1333 4480 1607 4553 argento-

1667 4433 1975 4501 Schatzgcr
1987 4432 2105 4485 und
2118 4432 2270 4485 seine
2284 4431 2566 4485 Schriften
2579 4431 2949 4502 imSitzungs·

1664 4505 1781 4557 ber.
1810 4504 1908 4556 der
1948 4504 2002 4557 k.
2047 4504 2218 4558 baier.
2259 4503 2362 4556 Ak.
2399 4505 2497 4557 der
2543 4503 2948 4558 Wissenscha-ft

330 4563 583 4620 ratensis
599 4581 707 4620 seu
724 4564 1068 4623 Germaniae
1087 4566 1423 4641 superioria,
1438 4566 1498 4623 in
1513 4584 1609 4623 co·
1667 4574 1971 4642 (Philolog.
1999 4575 2118 4628 und
2144 4575 2272 4633 bist,
2303 4574 2414 4629 KL.
2449 4579 2598 4632 1890.
2622 4576 2680 4629 ll.
2701 4579 2752 4632 3.
2771 4580 2944 4633 397-—

328 4650 514 4709 mitiis
545 4654 921 4728 generalibus
954 4654 1171 4712 Romae
1225 4664 1335 4716 151
1358 4664 1386 4715 7
1441 4655 1606 4713 habi·
1664 4651 1790 4708 433,
1816 4646 2554 4771 cujusfpiioffessqffilssisbsst
2575 4646 2948 4771 Qlssiffg-tgstgrgi

1636 4829 1639 4858 ,
1668 4721 2171 4858 &fag-1333&
2209 4751 2308 4842 der
2347 4790 2505 4843 kath.
2533 4735 2946 4858 Kircheugegen

328 4864 450 4985 32¹5)
473 4860 554 4911 Cf.
574 4857 669 4913 Ge.
688 4859 891 4914 Mullcr
910 4860 1060 4931 Allg.
1080 4862 1131 4914 J.
1154 4861 1343 4932 Biogr.
1362 4863 1403 4914 X
1418 4861 1608 4926 xxm,
1668 4862 1884 4986 Ifizthgig
1899 4860 2491 4990 iili-‘bg'lldgpcutsshlanss
2510 4860 2773 4929 Friburgi
2793 4863 2945 4918 1898:

2522 5023 2625 5076 40*
