3475 5364
695 353 811 407 351
1078 341 1449 393 1151-1275.
1478 336 1620 389 Hist.
1648 335 1846 389 eccles,
1872 336 2132 401 Thomas,
2161 335 2419 405 Spinelli‚
2446 334 2584 399 odo,
2615 332 2927 397 Richerius,
3181 350 3214 402 3
3223 352 3277 403 5
3296 349 3353 401 2

692 541 818 580 rem
851 542 905 598 p.
941 521 1012 579 ad
1046 542 1090 579 r.
1123 530 1285 584 1253
1308 522 1510 598 plures
1530 521 1812 580 tribuunt
1842 524 1970 582 Bo·
2028 521 2176 579 duni
2207 525 2594 580 consecratus.
2660 520 2863 579 Socius
2911 519 3089 577 datus
3137 524 3225 576 est
3298 539 3355 576 a.

692 608 1459 690 guphalo(Boguchwal)
1476 611 1971 688 episcopoposna-
2029 610 2311 687 Gregorio
2342 610 2408 669 X.
2443 628 2488 669 s.
2524 611 2991 672 Bonaventurae,
3039 613 3112 665 ut
3141 627 3351 683 prae-

692 701 882 758 niensi
927 698 986 779 (†
1022 710 1076 761 9.
1110 699 1277 757 Febr.
1336 697 1544 777 1253),
1595 701 1725 759 aliis
1771 705 1973 759 tamen
2029 700 2206 775 cipua
2236 718 2393 759 conc.
2445 698 2837 775 lugdunensis
2885 698 3133 773 negotia
3175 714 3345 756 con·

692 788 1149 866 relragantibus‚
1185 789 1233 846 si
1263 807 1452 847 sermo
1485 791 1563 847 sit
1595 790 1667 847 de
1687 789 1790 849 illo
1819 791 1882 848 in
1907 809 1974 848 ea
2026 788 2228 848 ficeret
2290 787 2352 870 (†
2406 798 2459 851 2.
2511 788 2631 847 Jul.
2694 797 2887 856 1275;
2943 788 3127 862 juxta
3165 787 3345 845 alios

692 882 899 947 torma,
965 897 1086 952 qua
1146 897 1306 936 nunc
1367 881 1564 937 exstat
1579 876 1655 956 ¹):
1722 881 1972 938 alteram
2032 889 2086 941 5.
2120 879 2253 954 maj.
2296 873 2504 959 1276).
2551 876 2802 936 Strenue
2833 876 2989 934 rexit
3018 875 3342 934 visitavit·

693 968 738 1025 G
757 968 898 1043 ody
917 967 978 1025 sl
997 986 1099 1025 aw
1128 967 1177 1024 B
1197 968 1423 1027 aszko
1446 966 1723 1046 (Baczko)
1744 968 1974 1027 custodi
2029 986 2144 1041 qne
2178 968 2484 1027 ecclesiam
2530 965 2643 1025 sibi
2675 965 3074 1025 concreditam
3108 965 3345 1041 regula

693 1056 1063 1132 posnaniensi
1088 1054 1148 1135 (†
1161 1077 1216 1132 p.
1243 1076 1291 1114 a.
1324 1055 1534 1134 1284).
1552 1090 1637 1100 —
1658 1058 1704 1115 T
1719 1057 1757 1116 h
1774 1076 1807 1114 o
1823 1078 1878 1115 m
1899 1067 1934 1115 a
1948 1076 1974 1115 s
2029 1056 2268 1115 vivendi
2302 1075 2408 1115 seu
2427 1075 2660 1115 morum
2682 1060 2745 1114 et
2763 1055 2954 1114 forma
2971 1053 3334 1129 praesulum

694 1144 1276 1224 Spalatensis²)‚
1324 1147 1639 1205 canonicus
1687 1147 1972 1205 archidia—
2028 1145 2238 1205 dictus,
2304 1145 2491 1204 Multa
2539 1145 2739 1204 tenuit
2787 1144 3034 1203 concilia
3075 1144 3336 1218 provin—

695 1254 893 1305 conuS,
942 1235 1078 1293 dein
1132 1236 1606 1310 archiepiscopus
1650 1236 1874 1294 electus
1923 1256 1971 1294 a.
2029 1234 2218 1304 cialia‚
2252 1254 2508 1310 qnorum
2537 1238 2667 1293 acta
2695 1234 2912 1309 passim
2932 1232 3341 1307 reperiuntur

703 1333 886 1393 1243,
922 1343 1041 1399 quo
1072 1327 1274 1382 tamen
1304 1344 1551 1383 munere
1582 1344 1714 1384 mox
1749 1323 1973 1403 (1244)
2029 1324 2188 1383 inter
2232 1323 2709 1400 rothomagensis
2755 1322 3029 1381 ecclesiae
3076 1321 3335 1380 eoncilia

694 1433 752 1471 se
787 1412 1084 1472 abdicavit
1107 1411 1166 1491 (†
1194 1412 1402 1491 1268),
1438 1415 1768 1490 composuit
1796 1415 1972 1473 histo-
2030 1419 2091 1471 et
2139 1414 2447 1490 synodalia
2497 1412 2735 1472 decreta
2777 1411 2935 1469 edita
2982 1431 3017 1469 a
3045 1410 3330 1469 Pomme-

692 1505 848 1560 riam
871 1504 1213 1577 pontificum
1250 1504 1711 1562 salernitanorum
1757 1511 1809 1562 et
1837 1521 1973 1578 spo·
2029 1521 2185 1578 raye‚
2221 1503 2574 1579 Rothomagi
2618 1511 2813 1571 1677;
2863 1501 3027 1558 inter
3073 1500 3329 1558 eoncilia

693 1593 1020 1665 latericium,
1083 1609 1239 1665 quae
1299 1595 1491 1650 exstat
1558 1593 1714 1650 inter
1776 1612 1972 1651 rerum
2031 1592 2501 1669 rothomagensis
2577 1590 2917 1667 provinciae
2978 1589 3229 1647 collecta
3282 1607 3329 1645 ι

695 1680 937 1738 dalmat.
1002 1681 1318 1757 scriptores
1380 1683 1424 1745 1,
1482 1693 1552 1744 31
1583 1693 1822 1752 1--703
1874 1680 1973 1749 111,
2030 1682 2241 1739 Bessin
2290 1682 2367 1739 ib.
2428 1692 2589 1743 1717
2613 1702 2626 1749 ;
2690 1680 2752 1738 in
2783 1680 3073 1755 Regestro
3120 1678 3323 1736 visita-

701 1778 1046 1832 532—635
1083 1769 1169 1827 ed.
1203 1769 1294 1826 J0.
1327 1770 1526 1839 Lucio,
1575 1772 1678 1846 qui
1708 1790 1838 1829 eam
1870 1790 1974 1828 an·
2030 1770 2281 1838 tionum,
2316 1771 2519 1829 Rouen
2560 1778 2743 1832 1582.
2790 1767 3120 1849 Reliquit1)
3154 1786 3322 1843 prae-

696 1858 1103 1917 notationibus
1154 1858 1495 1925 illustravit,
1549 1859 1972 1919 Amstelodami
2030 1862 2195 1917 terea
2210 1858 3318 1920 commentariaiu4ll.sententiarum.

713 1958 904 2015 16663
955 1948 1089 2005 inde
1138 1948 1485 2007 derivarunt
1538 1950 1598 2006 D.
1649 1950 1712 2007 G.
1763 1950 1974 2007 Petrus
2031 1949 2092 2005 in
2130 1961 2163 2008 4
2201 1948 2258 2005 ll.
2292 1949 2532 2024 Moysis,
2568 1947 2841 2023 postillas
2872 1946 3317 2005 inPsalterium

700 2036 907 2099 Dolfin,
955 2038 1118 2095 Dom.
1152 2037 1443 2114 Angeloni
1486 2038 1781 2102 Barbiani,
1816 2043 1877 2097 et
1897 2039 1973 2096 D.
2032 2041 2093 2096 et
2124 2037 2449 2115 Evangelia
2482 2034 2757 2118 (inedita)
2803 2040 2913 2094 etc.
2977 2040 3133 2094 Acta
3178 2052 3317 2092 suae

695 2125 814 2183 Jos.
848 2126 1101 2185 Cadorin
1147 2126 1374 2185 Notizie
1420 2127 1478 2184 di
1527 2128 1742 2187 Salona
1784 2128 1977 2185 antica
2033 2126 2390 2187 visitationis
2420 2130 2482 2184 et
2512 2126 2681 2184 velut
2720 2143 2827 2203 per
2856 2125 2982 2182 dies
3014 2128 3317 2201 gestorum

697 2215 841 2273 citta
864 2215 1024 2274 della
1043 2215 1336 2275 Dalmazia
1352 2220 1477 2275 etc..
1515 2216 1973 2278 Venetii81843
2031 2216 2284 2274 diarium
2362 2216 2551 2273 literis
2612 2214 3091 2291 consignaverat,
3169 2232 3315 2289 quae

695 2306 756 2361 in
792 2313 846 2368 8.
879 2338 967 2348 —
1000 2305 1332 2363 Matthaeus
1382 2305 1419 2362 S
1439 2305 1715 2381 pinelli
1748 2306 1807 2362 di
1841 2306 1974 2363 Gio·
2032 2306 2270 2363 demum
2302 2309 2510 2365 nostra
2558 2307 2755 2364 aetate
2788 2302 2905 2362 luci
2936 2303 3082 2362 data
3111 2306 3249 2360 sunt
3281 2322 3315 2359 a

697 2412 959 2453 veneno,
993 2393 1154 2468 quod
1187 2394 1471 2469 oppidum
1506 2395 1767 2453 littorale
1800 2401 1893 2452 est
1915 2395 1976 2451 in
2031 2394 2243 2452 Theod.
2278 2394 2530 2453 Bonnin.
2595 2392 2901 2453 Immerito
2935 2392 3141 2469 Eggs
3185 2410 3312 2449 eum

694 2482 991 2540 territorio
1041 2483 1314 2551 bariensi,
1363 2485 1739 2542 concinnavit
1770 2484 1980 2561 lingua
2032 2482 2435 2542 cardinalibus
2480 2484 2554 2542 ab
2587 2482 2930 2542 Innocentio
2962 2481 3063 2539 lV.
3110 2480 3308 2539 creatis

696 2572 894 2646 patria
923 2572 1228 2630 chronicon
1261 2591 1459 2630 rerum
1491 2574 1554 2631 in
1576 2573 1750 2631 Italia
1782 2577 1974 2649 gesta·
2033 2576 2304 2631 accenset
2351 2573 2530 2647 Purp.
2580 2572 2789 2631 doctae
2837 2570 2871 2627 1.
2938 2583 2954 2631 1
3014 2567 3051 2636 ἓ
3102 2579 3199 2633 84.
3229 2602 3307 2613 —-

697 2680 829 2718 rum
879 2659 951 2719 ab
986 2680 1034 2719 a.
1077 2669 1437 2726 1247-68.
1489 2662 1649 2738 quod
1694 2661 1974 2721 articula·
2032 2661 2436 2721 Richerius
2497 2661 2653 2722 OSB.
2708 2657 2769 2742 (†
2832 2657 3021 2737 1267)
3076 2659 3309 2736 collegit

695 2749 803 2807 tim
854 2750 1214 2826 discerptum
1264 2755 1454 2809 exstat
1506 2752 1662 2828 apud
1711 2752 1803 2811 Jo.
1839 2754 1973 2810 Ant.
2029 2759 2186 2826 qesta
2234 2754 2498 2810 ecclesiae
2545 2753 2879 2811 senonensis
2927 2749 3005 2808 ad
3036 2770 3088 2807 a.
3134 2759 3303 2813 1264,

697 2839 1132 2898 Summonte
1208 2840 1486 2899 historiae
1562 2841 1976 2918 neapolitanae
2032 2859 2186 2916 quae
2216 2841 2278 2899 in
2312 2841 2437 2899 MG.
2468 2841 2647 2899 habes
2677 2840 2849 2908 XXV,
2888 2849 3192 2902 249-345.
3224 2838 3306 2896 Ab

693 2933 735 2985 t.
773 2927 830 2986 II
864 2928 898 2985 l.
935 2938 991 2997 3,
1025 2948 1146 2987 una
1177 2949 1315 2988 vero
1335 2930 1481 2988 serie
1505 2931 1691 2990 latino
1707 2950 1977 2989 sermone
2034 2929 2163 2987 aliis
2212 2929 2562 2988 inscribitur
2609 2930 2857 2988 historia
2905 2929 3173 2988 abbatiae
3220 2927 3305 2985 vel

694 3016 880 3075 edidit
911 3017 976 3075 D.
1008 3017 1592 3093 Papebrochius
1638 3019 1700 3077 in
1748 3020 1974 3096 Propy-
2030 3019 2352 3078 chronicon
2415 3017 2764 3079 monasterii
2824 3018 3173 3076 senonensis
3244 3017 3302 3073 in

694 3107 817 3164 1880
869 3106 941 3164 ad
995 3112 1126 3165 acta
1161 3107 1257 3165 SS.
1294 3109 1431 3184 Maji
1466 3108 1538 3170 ΙΙ.
1577 3120 1676 3173 40,
1712 3109 1851 3167 dein
1882 3107 1972 3166 J0.
2030 3107 2256 3166 ditione
2316 3108 2563 3167 tullensi
2628 3102 3087 3188 (720-1264)
3144 3106 3204 3163 ll·
3252 3114 3303 3168 5,

694 3197 758 3253 Β.
795 3195 1070 3254 carusius
1101 3196 1163 3254 in
1195 3197 1341 3258 bibl.
1373 3198 1506 3255 hist.
1540 3199 1712 3275 regni
1744 3197 1975 3256 Siciliae
2030 3216 2207 3271 quam
2239 3198 2404 3273 typis
2437 3197 2567 3277 (sed
2597 3197 2871 3273 pluribus
2905 3193 3164 3275 omissis)
3187 3195 3303 3271 jam

693 3283 768 3353 ΙΙ,
811 3295 996 3350 1055,
1044 3288 1106 3343 et
1137 3287 1422 3346 Muratori
1470 3287 1567 3345 SS.
1602 3306 1711 3344 rer.
1746 3287 1809 3345 it.
1846 3285 1972 3356 VII,
2029 3286 2276 3344 dederat
2338 3286 2639 3361 D’Achery
2711 3286 2776 3344 in
2839 3286 3039 3362 Spicil.
3106 3290 3147 3343 t.
3207 3282 3302 3350 111,

703 3381 883 3437 1089.
916 3407 1003 3418 ——
1035 3374 1149 3433 Pro
1181 3375 1426 3435 historia
1469 3376 1743 3435 ecclesiae
1775 3375 1974 3434 rotho·
2034 3383 2379 3438 271—-445
2443 3378 2537 3434 vel
2599 3376 2674 3444 11,
2741 3384 3042 3438 eos—55
3098 3373 3187 3434 ed.
3237 3381 3302 3440 2.,

694 3465 985 3540 magensis
1015 3463 1189 3550 plura
1207 3466 1589 3541 reperiuntur
1618 3466 1682 3523 in
1703 3466 1977 3543 Reyaestro
2033 3463 2266 3542 (gallice
2329 3464 2415 3522 ed.
2467 3465 2521 3522 J.
2576 3465 2774 3540 Cayon
2836 3464 3047 3539 Nancy
3107 3459 3302 3538 1842)-

691 3554 1083 3612 visitationum
1114 3554 1534 3631 archiepiscopi
1559 3555 1972 3631 rothomagen·
2029 3554 2175 3628 Ejus
2208 3554 2384 3612 stilus
2417 3554 2656 3628 quidem
2689 3557 2780 3611 est
2808 3553 2993 3620 rudis,
3029 3553 3135 3610 sed
3163 3550 3303 3609 veri-

692 3642 770 3699 sis
820 3642 1197 3722 (Rothomagi
1257 3642 1444 3721 1852)
1506 3642 1622 3702 scil.
1690 3644 1975 3702 Odonis
2029 3643 2177 3701 tatis
2231 3661 2437 3702 amans
2468 3642 2738 3702 videtur:
2788 3661 2895 3718 pro
2946 3642 3302 3718 temporibus

693 3731 1006 3808 Rigaldi
1039 3731 1342 3811 (corrupte
1361 3729 1697 3810 Reginaldi)
1731 3733 1794 3790 Ο.
1815 3733 1971 3800 Min,
2024 3732 2448 3791 remotioribus
2483 3733 2609 3790 sine
2644 3732 2833 3808 pretio
2865 3735 2957 3790 est

692 3821 794 3894 qui
811 3821 927 3879 fuit
938 3822 1250 3880 Alexandri
1263 3821 1374 3880 hal.
1392 3822 1731 3897 discipulus⁹
1752 3842 1793 3878 s.
1805 3823 1971 3882 theo·

693 3909 885 3984 logiae
920 3910 1215 3986 magister,
1270 3911 1550 3988 egregius
1597 3913 1977 3970 concionator
2129 3919 2266 3973 188.
2300 3910 2624 3969 Thomas
2670 3909 2742 3968 de
2788 3909 3205 3968 Eccleston
3245 3908 3299 3966 O.

693 4017 1065 4074 magnaeque
1097 4000 1158 4057 in
1179 3999 1382 4074 primis
1403 3999 1771 4076 prudentiae.
1807 4001 1974 4059 Post·
2031 3999 2170 4057 Min.
2209 3999 2439 4076 Anglus
2476 3998 2708 4058 scholas
2755 3999 2858 4058 diu
2908 3997 3303 4073 foequentavit

691 4107 871 4161 quam
901 4088 1111 4144 multis
1144 4089 1660 4166 annistheologiae
1695 4090 1972 4150 lectorem
2030 4089 2391 4154 oxonienses,
2442 4091 2504 4146 et
2541 4107 2575 4148 a
2624 4088 2893 4147 doctrina
2941 4106 3159 4146 nomen
3205 4084 3300 4145 sibi

692 4177 831 4253 egit,
865 4178 1277 4252 expostulatus
1327 4181 1419 4237 est
1465 4177 1538 4236 ad
1583 4179 1748 4237 illam
1779 4179 1973 4236 sedem
2031 4177 2183 4237 fecit.
2247 4177 2485 4237 Ordinis
2520 4195 2718 4236 amore
2762 4177 3085 4254 diligenter
3114 4175 3301 4252 inqui-

694 4285 742 4322 8.
788 4274 947 4329 1248
984 4271 1045 4324 et
1074 4268 1148 4324 ab
1180 4267 1305 4342 ipso
1338 4267 1680 4327 Innocentio
1701 4267 1797 4326 IV.
1819 4269 1973 4344 Lug·
2031 4267 2174 4325 sivit
2203 4268 2265 4324 in
2299 4267 2499 4336 vitam,
2533 4285 2742 4335 mores,
2774 4266 3039 4343 regulam
3063 4266 3160 4325 sui
3179 4264 3302 4323 fun·

901 4407 1008 4413 --
2031 4355 2271 4424 datoris,
2323 4359 2385 4414 et
2430 4356 2494 4413 in
2539 4356 2763 4415 ordinis
2813 4355 3073 4415 initium.
3124 4355 3301 4413 incre·

772 4475 806 4538 ¹)
836 4470 917 4524 Cf.
969 4471 1191 4542 Krfiger
1242 4472 1343 4526 Die
1394 4472 1813 4528 Polenchronik
1878 4473 1975 4527 des
2030 4448 2814 4546 meflf'qmsprogl'ssfflum’e}
2829 4449 3101 4503 accurate
3120 4443 3303 4504 omnia

695 4541 1057 4612 Boguchwal‚
1108 4545 1420 4615 Gottingae
1474 4549 1642 4604 1874:
1705 4545 1973 4598 Warmsk
2030 4538 2266 4609 scupus
2297 4535 2614 4604 mandavit,
2647 4553 2901 4594 maximo
2933 4552 3085 4610 quae
3138 4553 3174 4592 a
3219 4549 3301 4592 80-

695 4612 795 4666 Die
841 4614 1115 4684 grosspol.
1163 4616 1428 4680 Chronik‚
1475 4616 1777 4670 cracoviae
1820 4621 1974 4672 1879.
2031 4622 2263 4682 dalibus
2296 4627 2465 4700 gesta
2496 4623 2735 4682 fuerant
2766 4623 2829 4682 in
2861 4622 3101 4700 Anglia‚
3152 4624 3300 4699 post·

697 4683 1068 4780 Wffttffnbaeh
1097 4688 1164 4739 Π·
1192 4688 1241 4740 V
1269 4697 1295 4754 5
1324 4692 1418 4748 ¹2³
1449 4687 1714 4769 R⁰ttha⁸t
1741 4707 1795 4770 P:
1820 4693 1973 4744 ¹316·
2031 4731 2210 4786 quam
2274 4712 2492 4772 ibidem
2562 4712 2759 4773 sedem
2811 4711 3063 4771 fixerant
3111 4707 3211 4794 (ad
3257 4731 3297 4769 a

767 4767 804 4821 ·)
835 4759 916 4811 cf.
946 4760 982 4812 F
990 4775 1142 4814 rane.
1168 4758 1404 4812 Cari-ara
1427 4758 1708 4826 Biografia
1733 4760 1792 4813 di
1814 4759 1973 4812 Tom-

693 4847 846 4882 maso
875 4830 1269 4885 archidiacono
1311 4831 1369 4883 di
1397 4824 1629 4899 Spalato
1675 4831 1735 4884 in
1765 4831 1863 4885 fol.
1890 4829 1975 4886 lit.

693 4901 768 4953 La
799 4902 1011 4964 favilla,
1042 4901 1294 4970 Tergesti
1324 4903 1413 4960 IX,
1447 4907 1707 4959 115—19.
2112 4909 2147 4962 ¹)
2176 4902 2258 4956 Cf.
2289 4902 2450 4956 Feret
2478 4904 2544 4966 ll,
2570 4906 2871 4959 303—314.
