3475 5364
877 340 1248 393 1521—1540.
1276 335 1703 390 Controversiae
1730 353 1861 389 curn
1889 335 2243 391 Lutheranis.
2271 336 2492 402 Eckart,
2521 335 2730 403 Emser,
2948 353 3119 407 1235

503 350 665 405 1235

494 538 661 577 mum
697 524 897 578 tamen
928 536 1064 577 cum
1086 520 1485 578 controversia
1517 519 1782 577 literaria
1833 520 1926 579 nis
1957 520 2209 580 ducibus
2253 522 2602 580 suscitatum
2648 522 2952 598 ingentem
3000 541 3114 597 pu·

496 612 799 677 cresceret,
852 612 1217 685 augerentur
1263 609 1493 679 turbae,
1546 608 1776 667 instau·
1832 610 2026 687 gilum
2088 613 2349 669 turmam
2410 610 2690 670 excitavit
2752 610 2826 669 ad
2877 628 3116 669 causam

496 701 627 756 rata
678 697 795 756 fuit
842 714 1038 768 causa,
1104 698 1429 756 Reuchlino
1483 706 1582 760 23.
1633 697 1777 759 Jun.
1832 699 1970 758 fidei
2003 700 2322 759 catholicae
2371 700 2671 758 tuendam.
2733 699 3116 774 Impossibile

505 796 668 849 1520
694 786 1002 845 silentium
1033 786 1149 844 fuit
1180 787 1524 863 impositum
1546 790 1607 845 et
1626 786 1779 845 liber
1832 789 2003 847 nobis
2047 792 2141 848 est
2185 789 2452 847 omnium
2496 789 2687 847 facere
2730 789 3116 859 mentionem,

494 879 566 933 ut
598 875 974 934 scandalosus
1023 873 1441 957 prohibims1).
1506 875 1776 934 Ceterum
1832 878 2118 953 quosdam
2162 881 2404 937 tantum
2465 877 2845 947 adducemuS,
2892 895 3120 951 eosque

495 983 687 1039 neque
709 964 1073 1023 Pfefferkorn
1092 965 1279 1024 tacuit
1297 964 1477 1023 editis
1496 964 1775 1039 pluribus
1833 967 2156 1026 secundum
2207 967 2575 1026 nationes
2622 969 2683 1024 et
2733 965 2940 1025 ordine
2990 966 3114 1024 fere

495 1053 713 1111 libellis
763 1054 999 1112 acribus
1043 1054 1110 1112 in
1153 1054 1563 1124 Reuchlinum,
1627 1071 1777 1128 quos
1830 1055 2389 1133 chronologico
2422 1054 3114 1132 disponemuS.Initium,

494 1139 1105 1224 praetermittimus2)‚
1130 1143 1273 1217 quia
1292 1143 1479 1219 magis
1508 1146 1778 1217 spectant
1831 1148 1902 1203 ut
1980 1164 2086 1221 per
2158 1164 2218 1204 se
2277 1148 2465 1222 patet,
2537 1144 2808 1203 ducimus
2870 1164 2904 1203 a
2967 1144 3118 1202 Ger-

495 1248 730 1290 causam
792 1234 1160 1307 personalem
1222 1251 1400 1307 quam
1465 1231 1777 1290 scientiam
1834 1231 2116 1315 mamal),
2151 1234 2258 1292 ubi
2290 1234 2482 1311 primo
2514 1236 2710 1292 ortum
2741 1235 2838 1291 est
2867 1233 3114 1291 bellum.

493 1320 900 1397 theologicam.
964 1320 1296 1380 Dolendum
1347 1320 1506 1396 quod
1550 1339 1612 1378 se
1661 1321 1773 1378 im-
1831 1323 1914 1381 Ex
1932 1325 2088 1383 clero
2115 1326 2366 1382 seculari
2391 1323 2697 1382 nominare
2728 1321 2871 1382 licet
2900 1321 2940 1379 J
2953 1340 3118 1380 oan-

494 1409 847 1468 miscuerint
892 1409 1028 1469 huic
1072 1409 1504 1469 controversiae
1565 1410 1772 1468 huma-

493 1498 685 1557 nistae
716 1499 985 1568 laxiores,
1021 1498 1397 1557 auctoritatis
1441 1498 1648 1567 omnis,
1682 1516 1776 1558 ec-

492 1588 854 1646 clesiasticae
884 1587 1173 1664 inprimis,
1208 1587 1404 1646 hostes
1427 1589 1487 1644 et
1506 1590 1775 1646 auctores

1830 1431 1870 1470 n
1891 1431 1923 1470 e
1940 1432 2000 1471 m
2032 1413 2078 1470 Ε
2096 1413 2180 1472 ck
2197 1432 2232 1471 a
2247 1416 2320 1471 rt
2362 1412 2683 1488 parochum
2735 1410 3116 1470 bebenbusa-

1828 1521 1976 1560 num
2007 1502 2290 1561 dioecesis
2324 1503 2710 1578 augustanae,
2744 1502 2916 1575 cujus
2937 1504 3112 1558 sunt:

1830 1591 1948 1650 Ain
1982 1592 2265 1668 Dialogus
2311 1590 2597 1649 zwischen
2648 1590 2747 1650 Dr.
2777 1590 2851 1647 M.
2886 1589 3114 1647 Luther

495 1676 882 1752 epistolarum
960 1677 1224 1735 virorum
1305 1677 1688 1735 obscurorum
1701 1671 1776 1758 ³).
1830 1699 1890 1741 u.
1922 1679 1977 1737 J.
2010 1680 2259 1738 Eckartz
2292 1723 2306 1738 .
2339 1725 2352 1737 .
2388 1724 2399 1737 .
2456 1679 2752 1737 Christum
2781 1679 2890 1736 das
2920 1678 3116 1736 ho‘chst

491 1765 761 1824 Decessit
781 1765 1128 1825 Pfefferk
1150 1784 1279 1825 orn
1310 1766 1469 1824 inter
1498 1786 1548 1826 a.
1580 1774 1774 1828 1521-
1825 1770 2120 1846 qoldtrain
2168 1770 2337 1844 opfer
2378 1769 2483 1827 der
2526 1769 2579 1826 h.
2616 1768 2770 1826 Mess
2802 1767 3109 1843 betreffent,

498 1862 684 1917 1524.

1830 1875 1873 1916 s.
1906 1859 1943 1916 l.
1977 1862 2038 1917 et
2069 1879 2117 1917 a.
2154 1856 2224 1935 (c.
2267 1853 2494 1939 1521);
2540 1860 2605 1915 in
2652 1858 2918 1915 divorum
2948 1874 3110 1932 syco-

584 1960 1175 2023 580.Tristissimum
1189 1961 1772 2031 schismaaLuther0‚
1819 1948 2410 2021 PMMGSPWOCOMS
2430 1991 2478 2009 ··
2512 1996 2526 2009 ·
2559 1945 2849 2022 dialogus,
2885 1944 3108 2003 Lfinds·

489 2048 796 2125 ZwingliO,
845 2049 1087 2108 Calvino
1119 2050 1374 2126 aliisque
1405 2050 1774 2109 reformatio·
1831 2038 1941 2095 hut
1972 2056 2014 2095 8-
2047 2057 2097 2094 8·
2132 2035 2201 2115 (0·
2241 2030 2452 2116 1523)·
2484 2068 2572 2079 -
2603 2034 2935 2093 Melchio
2956 2052 3107 2091 rem

489 2185 611 2236 erat
636 2183 890 2236 liberalis
920 2183 1213 2237 Maecenas
1240 2193 1287 2250 st
1315 2189 1491 2257 1530).
1518 2186 1776 2253 Reliquit

490 2254 771 2308 nonnulla
823 2256 1049 2325 scripta,
1101 2273 1246 2323 quae
1288 2261 1540 2311 recenset
1580 2257 1773 2310 Hartz-

487 2325 641 2378 heim
669 2325 731 2377 in
761 2325 894 2380 bibl.
923 2325 1029 2380 col.
1059 2344 1112 2395 p.
1143 2332 1262 2385 137.

573 2402 608 2467 ¹)
641 2397 702 2450 In
730 2396 916 2451 indice
945 2397 1075 2451 trid.
1118 2399 1297 2453 versio
1339 2399 1549 2469 gallica
1575 2403 1776 2454 Μῖνοίν

492 2472 724 2521 oculas-e
774 2468 1067 2538 prohibita
1118 2470 1407 2537 quondam
1460 2472 1772 2541 legebatur,

492 2540 658 2593 modo
687 2538 747 2592 in
776 2557 841 2594 eo
870 2557 984 2595 non
1009 2541 1258 2610 amplius
1286 2546 1592 2611 comparet.

566 2618 604 2675 ²)
636 2609 719 2666 Cf.
773 2611 913 2663 Har
932 2611 1049 2663 tzh
1068 2611 1208 2665 cim
1270 2612 1407 2666 bibl.
1470 2614 1577 2669 col.
1640 2631 1772 2685 pag.

494 2687 596 2738 192
624 2699 694 2735 ss.
723 2680 805 2737 Of.
826 2682 993 2751 plura
1010 2682 1078 2736 dc
1097 2685 1201 2737 hac
1217 2686 1600 2740 controversia
1615 2688 1773 2754 apud

487 2753 725 2807 Janssen
754 2755 951 2810 Gesch.
993 2754 1090 2807 des
1130 2755 1440 2810 deutschen
1482 2757 1695 2812 Volkes
1721 2763 1772 2822 2,

487 2829 561 2881 40
587 2842 655 2879 ss.
702 2826 997 2882 ed.17.18
1042 2842 1160 2878 cur.
1201 2825 1260 2881 L.
1308 2827 1522 2890 Pastor,
1573 2830 1672 2882 ubi
1716 2832 1776 2884 et

489 2895 778 2965 copiosam
806 2894 1158 2950 literaturam
1179 2898 1465 2956 invenies:
1495 2900 1637 2954 Zeck
1657 2900 1772 2954 KL.

492 2968 611 3030 120,
642 2971 811 3025 1973·v
837 2966 965 3021 coll.
995 2973 1078 3031 10,
1105 2974 1246 3025 1104
1274 2988 1375 3030 sS.;
1402 2971 1610 3042 Gciger
1636 2972 1772 3042 allg.

488 3038 541 3092 d.
572 3038 757 3105 Biogr.
801 3038 968 3103 XXV,
1009 3043 1109 3096 621
1141 3057 1209 3095 ss.
1253 3043 1311 3094 et
1350 3043 1684 3111 praesertim
1709 3043 1772 3097 in

489 3126 579 3177 op.
608 3108 885 3162 Reuchlin
930 3109 1164 3180 Leipzig
1209 3116 1343 3169 1871
1374 3131 1429 3183 p.
1457 3119 1772 3174 205—4542

488 3179 763 3233 Katholik
791 3185 947 3236 1874.
976 3182 1015 3244 I,
1036 3187 1353 3244 569—593;
1381 3190 1540 3242 700-
1560 3187 1771 3251 719311,

488 3256 695 3306 51—71
721 3272 733 3308 ;
761 3257 899 3308 1902
931 3253 968 3317 l,
995 3257 1224 3310 30—40.

561 3326 601 3392 ³)
633 3322 847 3376 Harum
898 3324 1240 3393 perfidarum
1306 3327 1676 3397 epistolarum
1729 3332 1768 3385 t.

486 3394 816 3475 praesertim
855 3395 1027 3476 primi
1067 3402 1267 3451 auctor
1311 3401 1403 3452 vel
1444 3398 1647 3480 saltora
1687 3400 1770 3452 in-

486 3466 899 3608 {affiatu-5¹3?
922 3466 1219 3607 ἢῗῑξὲἷὲῑῗ
1234 3469 1771 3596 ῃῗὲῑῖὲαεῖἓῗιῑὲἓ

482 3607 731 3661 Joannes
757 3608 926 3678 Jager
952 3610 1262 3680 (Venatori,
1293 3612 1583 3680 quondam
1614 3614 1768 3668 scho-

483 3679 713 3733 lasticae
742 3681 1063 3750 theologiae
1090 3682 1372 3747 addictae,
1412 3684 1544 3737 dein
1581 3701 1645 3737 ex
1688 3685 1768 3736 ni·

483 3751 599 3804 mia
625 3767 755 3805 cum
800 3751 1045 3817 Erasmo,
1092 3754 1328 3819 Hutten,
1370 3755 1619 3810 Luthero
1661 3759 1766 3810 etc.

482 3823 910 3876 conversatione
927 3825 1051 3892 ejus
1063 3825 1438 3880 adversarius.
1455 3827 1629 3882 lnitio
1644 3827 1768 3895 qui·

482 3892 608 3947 dem
637 3894 961 3960 gratulatus
1002 3899 1087 3948 est
1114 3896 1360 3951 Luthero
1398 3899 1469 3952 ob
1508 3915 1639 3953 suas
1680 3898 1766 3951 in-

481 3966 836 4028 novationes,
865 3966 1018 4033 quod
1048 3967 1264 4034 primus
1309 3972 1440 4038 post
1464 3973 1551 4023 tot
1576 3970 1767 4024 secula

482 4053 658 4089 ausus
687 4039 863 4089 fucrit
888 4037 1081 4106 gladio
1102 4056 1142 4092 s,
1162 4039 1486 4108 Scripturas
1496 4040 1766 4110 jugulare

480 4124 773 4160 romanam
825 4109 1130 4170 licentiam,
1196 4127 1402 4178 easque
1452 4112 1615 4177 fovit,
1667 4113 1766 4166 sed

482 4183 678 4248 postca
707 4178 905 4231 videns
935 4178 1493 4250 desolationem,qua
1509 4183 1766 4238 desolata

485 4249 600 4303 fuit
626 4250 733 4302 hac
760 4250 1069 4304 rebellione
1097 4252 1420 4318 Germania,
1460 4255 1531 4307 ad
1574 4256 1765 4310 melio·

478 4337 596 4373 rem
640 4323 860 4389 frugem
893 4321 1075 4387 rediit,
1117 4326 1231 4379 imo
1276 4325 1447 4378 etiam
1494 4327 1764 4394 quadam-

480 4398 645 4445 tenus
673 4409 729 4445 sc
758 4393 875 4446 illis
903 4395 1188 4463 opposuit,
1221 4395 1353 4450 hinc
1381 4396 1611 4452 Lutheri
1641 4415 1765 4451 sua-

1828 2122 2192 2205 Fattlinss)
2226 2126 2569 2201 episcopum
2599 2123 2937 2182 auxiliarem
2970 2140 3108 2181 con-

1830 2214 2217 2273 stantiensem
2263 2208 2336 2296 (c.
2394 2208 2586 2295 1526)
2632 2246 2721 2256 —
2753 2212 3112 2288 praeprimis

1827 2322 1966 2362 vero
2014 2304 2563 2379 Hieronymum
2609 2301 2728 2359 Em
2752 2319 2873 2360 ser
2904 2300 3116 2359 Ulmae

1838 2403 1930 2454 16.
1987 2392 2180 2451 Martii
2237 2401 2402 2455 1478
2469 2386 2666 2471 (1477
2688 2386 2741 2471 2)
2805 2389 3111 2448 nobilibus

1829 2484 2036 2539 natum
2069 2481 2437 2557 parentibus.
2472 2479 2702 2539 Studiis
2732 2498 2975 2554 operam
3007 2479 3114 2537 de·

1828 2568 1920 2627 dit
1952 2570 2261 2647 'I'ubingae
2295 2573 2357 2627 et
2388 2568 2670 2628 Basileae.
2723 2568 3113 2644 Raymundus

1827 2659 2146 2719 cardinalis
2178 2658 2486 2737 garcensis
2516 2676 2797 2735 magnum
2829 2675 2936 2734 per
2967 2656 3112 2715 Ger·

1829 2751 2086 2808 maniam
2104 2749 2594 2825 promulgaturus
2608 2747 2941 2823 jubilaeum
2972 2764 3112 2804 eum

1829 2839 1892 2896 in
1924 2838 2307 2898 secretarium
2354 2840 2415 2896 et
2458 2836 2833 2913 capellanum
2883 2833 3111 2910 selegit.

1828 2928 1974 2986 Cum
2022 2946 2090 2986 eo
2137 2927 2345 2985 Emser
2400 2934 2834 2989 1502—1504
2887 2923 3109 2982 archie-

1827 3015 2165 3092 piscopatus
2201 3026 2233 3078 5
2271 3017 2333 3073 et
2365 3024 2444 3078 20
2468 3013 2761 3073 dioeceses
2782 3013 2937 3072 adiit
2951 3013 3106 3071 mul-

1826 3109 1919 3164 tos
1970 3105 2129 3164 viros
2179 3104 2447 3163 eruditos
2497 3103 2666 3163 vidit.
2729 3102 2943 3161 Postea
2990 3101 3111 3160 fuit

1827 3194 2078 3271 Georgio
2111 3193 2396 3252 Saxoniae
2433 3192 2572 3251 duci
2606 3212 2640 3250 a
2677 3192 2936 3250 secretis.
2983 3191 3110 3248 Ini-

1823 3283 1912 3342 tio
1924 3283 2162 3358 quidem
2177 3282 2531 3342 aestimabat
2540 3281 2887 3350 Lutherum,
2900 3298 3108 3339 verum

1827 3392 1861 3430 a
1904 3373 2128 3431 famosa
2169 3371 2571 3447 disputatione
2616 3369 2889 3446 lipsiensi
2934 3368 3106 3428 audi·

1824 3461 1904 3519 tis
1937 3463 2067 3537 ejus
2100 3460 2486 3536 opinionibus
2535 3458 2796 3518 erroneis
2831 3458 3105 3516 aestima-

1822 3551 1911 3610 tio
1941 3550 2260 3609 imminuta
2291 3548 2426 3619 fuit,
2463 3548 2579 3607 imo
2612 3548 2678 3606 in
2708 3565 2900 3606 acrem
2932 3564 3112 3605 versa

1823 3638 2198 3708 discordiam,
2264 3657 2416 3713 quae
2465 3656 2527 3696 se
2571 3636 2838 3713 prodidit
2883 3635 3106 3693 libellis

1822 3728 2141 3787 acrimonia
2160 3728 2353 3804 plenis
2376 3727 2677 3801 utrimque
2707 3725 2885 3784 editis
2909 3721 3104 3805 (prae-

1823 3818 2024 3875 sertim
2077 3817 2149 3875 de
2193 3817 2470 3892 primatu,
2523 3815 2736 3874 missae
2799 3813 3102 3883 sacrificiO,

1822 3906 2149 3964 sacerdotio
2181 3900 2550 3985 universali),
2599 3922 2749 3979 quos
2779 3922 2902 3962 non
2933 3906 3107 3962 vacat

1821 4013 2140 4055 recensere.
2204 3995 2458 4053 Collecta
2503 3994 2610 4051 illa
2658 3992 2844 4051 edidit
2875 3991 3106 4050 Enders

1822 4084 2108 4160 inscripta
2139 4085 2362 4143 Luther
2391 4083 2513 4142 und
2545 4083 2752 4140 Emser
2781 4083 2823 4137 t.
2862 4090 2895 4142 2
2933 4081 3108 4138 Halle

1900 4328 1935 4394 ¹)
1988 4324 2364 4378 Numerosum
2434 4324 2760 4392 catalogum
2823 4321 3104 4390 ejusmodi
3165 4307 3178 4319 ⁰

1820 4397 2161 4465 scriptorum
2216 4413 2314 4463 pro
2360 4397 2470 4449 fide
2514 4394 2794 4448 catholica
2834 4392 3107 4447 exhibent

478 4480 722 4531 rumque
752 4465 1094 4520 asseclarum
1124 4467 1182 4520 in
1210 4485 1265 4520 se
1293 4469 1542 4522 concivit
1569 4470 1759 4523 odium
1820 4466 2248 4535 diligentissimi
2300 4468 2406 4520 hac
2456 4467 2516 4519 in
2566 4466 2798 4519 materia
2844 4468 3104 4518 auctores

481 4542 538 4589 et
564 4535 903 4591 calumnias.
936 4538 1086 4590 Inter
1113 4538 1366 4592 eruditos
1393 4545 1450 4593 et
1475 4540 1764 4593 humanis·
1821 4538 1962 4592 Falk
2010 4538 2285 4592 Katholik
2333 4542 2488 4596 1891.
2533 4539 2569 4601 1,
2609 4541 2887 4596 440-632
2934 4539 2993 4590 et
3033 4536 3106 4590 N.

478 4611 565 4660 tas
581 4608 671 4661 sui
688 4608 961 4676 temporis
978 4610 1282 4664 eminebat.
1305 4609 1544 4674 Quando
1560 4612 1766 4666 obierit
1819 4610 2034 4663 Paulus
2076 4610 2179 4677 qui
2218 4609 2375 4665 illius
2417 4610 2727 4680 plurimum
2769 4608 2930 4661 auxit
2954 4608 3104 4662 elen-

477 4697 592 4734 uon
620 4678 761 4732 satis
787 4683 1040 4733 constat:
1087 4680 1229 4733 vixit
1254 4681 1442 4734 adhuc
1470 4687 1628 4741 1531.
1680 4682 1763 4738 Cf.
1819 4682 1989 4735 chum
2018 4686 2173 4738 1892.
2203 4683 2242 4746 I,
2270 4685 2518 4737 544—-65
2562 4683 2621 4734 et
2646 4684 2803 4738 1893.
2830 4681 2897 4742 ll,
2925 4683 3102 4734 213—

476 4751 546 4805 de
588 4767 653 4805 eo
697 4751 761 4804 G.
792 4751 1197 4819 Kampschulte
1239 4753 1308 4804 de
1343 4753 1427 4807 J0.
1457 4753 1624 4808 Croto
1655 4753 1764 4808 Ru·
1818 4758 1904 4809 23.

475 4823 645 4877 biano
673 4821 1095 4886 comment-itio,
1126 4823 1354 4876 Bonuae
1377 4828 1544 4880 1862:
1574 4825 1762 4879 Welte

1894 4828 1932 4892 ν)
1963 4822 2044 4878 Cf.
2091 4822 2386 4877 Schreiber
2430 4822 2504 4876 M.
2552 4821 2786 4887 Fattlin,
2827 4821 3106 4891 Freiburg

476 4893 888 4952 KL.111·2,12116
907 4911 1006 4950 ss:
1037 4892 1209 4945 Raess
1229 4896 1593 4948 (o'onvertiten
1619 4898 1762 4958 1‚95.
1819 4899 1974 4951 1832.
