3475 5364
428 327 551 381 923
1148 315 1278 366 1451
1311 315 1514 365 -14-15.
1542 310 1594 364 S.
1625 309 1949 379 Scripturas
1976 310 2329 378 interpretes.
2909 326 3033 378 924

426 497 715 556 mentaria
773 497 836 555 in
887 497 1276 573 Evangelium
1328 500 1389 554 et
1434 496 1496 555 in
1548 507 1585 559 4
1640 494 1700 557 ll.
1759 497 2006 561 lioeul
2058 497 2390 564 Arthesius‚
2441 496 2799 555 lovaniensis
2831 495 3037 555 doctor

397 584 873 647 sententiarum.
925 620 1013 628 -—
1061 586 1388 644 Antonii
1430 586 1700 644 Bitun-
1757 588 1936 661 atque
1970 606 2019 645 a.
2057 596 2133 649 25
2171 587 2233 644 in
2268 586 2548 645 facultate
2578 585 2913 662 theologica
2943 604 3035 644 re-

423 675 578 734 tini
627 675 692 738 Ο.
742 675 883 733 Min.
946 674 1195 750 insignis
1256 673 1698 742 concionatoria,
1758 694 1905 751 gens
1938 679 1998 733 et
2029 676 2232 752 legens
2269 670 2328 756 (†
2369 684 2461 738 18.
2498 676 2629 750 Maj.
2672 670 2886 756 1478),
2935 693 3036 732 cu-

425 783 603 840 quem
634 764 916 824 Nicolaus
951 763 1013 822 V.
1048 764 1216 822 lectis
1246 764 1376 839 ejus
1407 782 1701 822 commen·
1751 765 1852 839 jus
1897 764 2222 824 laudantur
2265 764 2669 823 commentarii
2718 764 2781 821 in
2832 783 3036 824 omnes

422 854 589 912 tariis
618 854 680 911 in
718 853 1069 930 Magistrum
1102 853 1256 911 tanti
1288 854 1621 912 aestimavit
1635 846 1699 933 ¹),

425 946 496 1001 ut
528 944 580 1000 ei
616 942 866 1001 solemni
917 942 1044 1000 ritu
1088 942 1428 1001 doctoratus
1472 946 1534 1000 et
1576 961 1701 999 ma·

423 1031 648 1108 gisterii
698 1031 950 1108 gradum
998 1031 1319 1090 contulerit
1371 1026 1430 1111 (1·
1492 1025 1700 1109 1459),

424 1123 704 1194 expositio
735 1123 973 1196 mystica
1004 1121 1424 1197 evanyeliorum
1454 1121 1701 1178 domini-

421 1211 652 1286 calium,
687 1209 962 1286 Bergomi
1000 1220 1165 1272 1496
1201 1208 1452 1283 prodiit;
1498 1228 1700 1286 quaes·

424 1302 602 1357 tiones
633 1300 696 1357 in
727 1299 1008 1374 epistolas
1028 1303 1090 1357 et
1108 1298 1414 1375 evangelia
1446 1297 1701 1372 quadra·

423 1388 747 1463 gesimalia„
783 1387 1046 1446 Venetiis
1091 1397 1251 1450 1494
1299 1405 1435 1446 cum
1464 1387 1707 1462 postilla

425 1477 550 1535 Nic.
614 1477 888 1552 Lyrani3‘
934 1488 1133 1548 15003
1206 1486 1403 1544 15163
1455 1476 1702 1535 seorsim

431 1576 626 1635 1.538;
684 1574 878 1635 15883
931 1565 1207 1643 Lugduni
1250 1574 1403 1629 1541
1432 1587 1445 1635 ;
1503 1575 1700 1634 1569;

422 1673 706 1713 sermones
719 1651 1110 1731 dominicaIeS,
1126 1655 1504 1731 Argentorati
1515 1666 1535 1715 1
1554 1665 1589 1715 4
1600 1664 1633 1715 9
1644 1665 1675 1717 5
1687 1674 1699 1721 3

425 1743 689 1802 Venetiis
722 1757 732 1803 ι
752 1754 833 1805 49
844 1754 879 1806 9
900 1765 914 1814 ;
933 1743 1242 1803 Sermones
1261 1742 1322 1823 (5
1335 1739 1397 1824 9)
1420 1744 1483 1801 in
1501 1761 1703 1802 omnes

425 1833 707 1908 epistolas
739 1833 1280 1908 quadragesimales
1313 1851 1417 1891 seu
1449 1834 1518 1890 de
1549 1834 1703 1890 vitiis

425 1922 498 1981 al.
532 1922 602 1980 de
623 1922 896 1996 peccatis,
931 1921 1191 1981 Venetiis
1224 1931 1403 1990 1499,
1437 1921 1536 1980 cui
1568 1939 1700 1996 pro-

1759 872 1847 928 ep.
1928 854 2297 929 apostolicas.
2375 886 2457 896 -—-
2521 852 2901 930 Aegidius
2963 852 3036 911 de

1761 942 1810 1000 D
1826 962 1860 1000 a
1876 963 1932 1001 m
1948 943 2088 1001 mis
2120 942 2363 1011 flander,
2381 942 2670 1001 dunensis
2694 942 3038 1001 monasterii

1762 1031 1825 1089 Ο.
1878 1032 2014 1090 Cist.
2059 1032 2384 1091 monachus
2418 1032 2903 1107 Martyrologium
2938 1031 3034 1089 SS.

1761 1121 1989 1195 primus
2042 1121 2134 1179 vel
2180 1121 2336 1180 inter
2378 1120 2599 1196 primos
2644 1139 2714 1179 ex
2756 1119 3035 1197 pluribus

1760 1209 1924 1267 codd.
1971 1211 2287 1279 recensuit,
2334 1209 2500 1268 auxit
2542 1214 2603 1269 et
2634 1210 3034 1285 locupletavit,

1761 1298 1860 1357 sed
1915 1303 2101 1358 morte
2154 1298 2530 1375 praepeditus
2572 1294 2799 1379 (1463)
2864 1300 3035 1358 edere

1760 1407 1877 1446 non
1910 1389 2124 1463 potuit.
2172 1389 2418 1463 Scripsit
2462 1406 2699 1462 quoque
2750 1388 3031 1447 lecturam

1761 1495 1940 1552 super
1972 1496 2175 1537 omnes
2205 1479 2464 1554 psalmos
2496 1481 2558 1535 et
2586 1478 2758 1551 inep.
2780 1495 2826 1538 s.
2847 1477 3034 1536 Pauli.

1760 1599 1843 1609 —
1895 1566 2240 1626 «Ioannes
2291 1567 2363 1624 de
2413 1566 2765 1641 Vernone
2810 1567 3035 1633 Gallus,

1759 1655 2054 1729 professor
2101 1656 2444 1731 parisiensis
2496 1650 2558 1735 (1
2613 1651 2825 1736 1461),
2878 1673 3035 1714 unus

1759 1763 1827 1803 ex
1862 1744 2205 1803 doctoribus
2228 1745 2462 1803 selectis
2497 1746 2569 1803 ad
2604 1744 3033 1803 retractandam

1759 1850 1993 1892 causam
2054 1835 2286 1909 puellae
2348 1833 2794 1903 aurelianensis,
2865 1835 3034 1909 cujus

1759 1928 2164 1982 memorantur
2181 1922 2596 1982 commentaria
2628 1923 2688 1980 in
2706 1923 3035 1999 Apocalyp-

331 4583 337 4588 ’
423 4592 897 4643 concionatorem.

423 2011 543 2087 logi
595 2011 784 2069 instar
826 2012 1234 2087 praemittitur
1276 2014 1350 2068 tr.
1383 2010 1455 2068 de
1488 2009 1699 2078 causis,
1759 2012 1851 2070 sin
1913 2015 1972 2070 et
2036 2012 2389 2088 magistrum
2451 2012 2902 2073 sententiarum.
2950 2014 3047 2055 ——'

424 2119 604 2176 quare
654 2100 811 2158 Deus
855 2100 991 2172 fecit
1034 2100 1314 2176 peccabile
1352 2118 1533 2176 qenus
1592 2100 1700 2157 hu·
1759 2100 2193 2159 Guilelmus
2256 2100 2808 2175 Staphilartus
2871 2103 3034 2177 Ang-

424 2207 675 2250 manum.
718 2187 1027 2264 Speculum
1059 2192 1290 2247 animae
1321 2190 1375 2247 ei
1405 2188 1700 2248 tributum
1759 2188 1871 2257 lus.
1906 2190 2235 2248 academiae
2255 2189 2588 2249 oxoniensis
2624 2195 3036 2248 ornamentum

426 2277 662 2336 videtur
692 2296 820 2336 esse
852 2278 1019 2346 illud,
1054 2279 1223 2353 cujus
1255 2281 1460 2337 auctor
1490 2281 1583 2337 est
1609 2277 1700 2337 Jo.
1762 2273 1841 2358 (fl.
1877 2300 1923 2336 a.
1966 2276 2178 2360 1456).
2218 2312 2295 2322 —-
2335 2279 2575 2337 Metrice
2607 2298 2696 2354 ep.
2717 2297 2763 2340 s.
2784 2278 2953 2337 Pauli
2972 2280 3037 2337 in

424 2366 814 2446 Peokam⁸)‚
863 2366 978 2425 nisi
1012 2367 1096 2425 sit
1132 2369 1259 2442 ejus
1292 2367 1532 2426 Summa
1564 2385 1704 2425 con·
1759 2368 2017 2426 latinum
2079 2387 2395 2426 numerum
2456 2368 2639 2426 vertit
2687 2369 2902 2427 Petrus
2964 2367 3037 2426 de

427 2456 725 2525 scientiae,
760 2475 912 2531 quae
944 2459 1012 2514 ut
1044 2457 1174 2531 ejus
1206 2457 1446 2515 Summa
1475 2455 1701 2515 theolo-
1762 2457 2222 2515 Rosenheim
2285 2452 2345 2535 (1·
2399 2467 2597 2526 1464;
2654 2458 2830 2531 juxta
2889 2457 3035 2516 alios

425 2544 1700 2621 giaemansitinedita.—Commentariain-
1752 2545 1879 2621 jam
1946 2544 2160 2625 1⁴⁴1).
2223 2580 2310 2590 —-
2372 2545 2714 2604 Jacobus
2777 2547 3035 2605 Ferra-

427 2633 1704 2712 editareliqueruntpraetereainep.d.Pauli
1760 2635 1923 2694 rius
1956 2634 2029 2694 de
2060 2636 2239 2712 Regio
2270 2635 2462 2695 literis
2481 2635 2706 2712 graecis
2727 2640 2788 2694 et
2807 2635 3035 2695 hebrai·

425 2724 463 2781 J
482 2743 764 2783 oannes
807 2724 1154 2784 Bocchus
1197 2723 1270 2782 de
1303 2725 1519 2782 Portiis
1552 2724 1615 2783 Ο.
1649 2725 1702 2782 S.
1761 2725 1846 2782 cis
1881 2725 2030 2783 bene
2051 2725 2339 2795 imbutus,
2374 2728 2567 2783 terrae
2588 2743 2632 2782 ε.
2653 2725 3034 2800 provincialis

425 2816 577 2890 Aug.
631 2813 950 2889 Papiensi3‚
1014 2814 1199 2872 lector
1260 2831 1303 2872 s.
1355 2813 1702 2890 theologiae,
1761 2817 1822 2871 et
1853 2814 2162 2889 episcopus
2193 2815 2257 2872 in
2276 2813 2473 2872 insula
2493 2814 2725 2873 Corsica
2741 2811 2800 2894 (1·
2823 2809 3035 2893 1465).

425 2901 804 2961 concionator
836 2901 1195 2976 apostolicus
1228 2907 1290 2961 et
1319 2903 1412 2961 vir
1443 2921 1579 2960 vere
1613 2921 1703 2960 re·
1761 2936 1848 2946 -—
1912 2902 1966 2960 N
1985 2903 2291 2963 icolaus
2353 2903 2662 2962 Kenton
2723 2900 3033 2980 (Chenton,

427 2990 677 3067 ligiosus
717 2991 865 3064 ,qui
898 2990 1191 3049 divinitus
1225 2992 1287 3049 in
1318 2990 1704 3050 Lombardiae
1762 2990 2142 3068 Conodunus)
2217 2991 2595 3067 provincialis
2681 2993 2744 3051 in
2820 2992 3036 3068 Anglia

428 3080 699 3154 partibus
716 3079 782 3141 ff,
807 3080 1186 3139 eremitarum
1206 3099 1250 3142 8.
1268 3081 1420 3156 Aug.
1438 3080 1700 3139 ordinem
1762 3077 1822 3159 (1·
1859 3093 1911 3141 4.
1946 3081 2102 3157 Sept.
2147 3076 2356 3164 1468),
2403 3082 2575 3157 cujus
2607 3081 2861 3156 plurima
2894 3089 3035 3140 sunt

429 3169 829 3238 reformavit,‘
867 3173 936 3227 ut
950 3169 1207 3246 legimus
1228 3168 1527 3229 inordinis
1546 3188 1700 3227 mar·
1762 3169 1979 3245 scripta
2028 3169 2267 3229 inedita.
2318 3203 2405 3214 —
2454 3171 2732 3228 Petrus
2795 3170 3033 3229 Giral·

427 3258 996 3335 tyrologioaBarth.
1031 3258 1103 3317 de
1137 3258 1421 3317 Palatiolo
1456 3279 1503 3316 a.
1536 3268 1697 3321 1487
1761 3259 1901 3317 dus
1935 3253 2277 3340 (Chi-aldus)
2297 3259 2632 3318 vicentinus
2651 3257 2734 3336 (fl.
2753 3277 2797 3318 c.
2823 3256 3034 3338 1460).

425 3348 586 3407 edito
632 3345 693 3429 (1·
733 3358 827 3410 13.
873 3348 991 3406 Jul.
1049 3343 1258 3430 1462).
1302 3381 1386 3391 —-
1419 3348 1703 3407 Paulus
1765 3381 1845 3391 —
1880 3347 2162 3406 Petrus
2209 3368 2242 3406 a
2289 3367 2331 3406 s.
2368 3348 2506 3407 Fide
2537 3349 2790 3424 Anglus,
2837 3350 3035 3407 norvi-

428 3437 901 3514 Matugliani
949 3437 1013 3496 Ο.
1048 3437 1250 3496 Praed.
1298 3437 1360 3494 in
1405 3441 1703 3496 conventu
1760 3436 1951 3495 censis
2013 3437 2277 3496 coenobii
2340 3437 2616 3496 alumnus
2669 3432 2730 3519 (†
2783 3448 2836 3499 8.
2889 3437 3034 3496 Nov.

425 3527 774 3586 bononiensi
809 3522 873 3606 (†
919 3536 1108 3602 1469)
1142 3531 1202 3584 et
1235 3527 1598 3586 conradus
1631 3526 1703 3585 de
1770 3520 1960 3606 1452)
2015 3526 2439 3602 interpretatus
2490 3529 2582 3585 est
2631 3542 2834 3584 omnes
2868 3547 2955 3602 ep.
2989 3544 3034 3582 s.

427 3615 790 3674 Geissenfeld
827 3615 984 3675 OSB.
1020 3615 1377 3674 Mellicensis
1410 3612 1471 3696 (1·
1513 3611 1702 3694 1460)
1763 3615 1932 3672 Pauli
1966 3616 2024 3673 ll.
2066 3625 2162 3684 14,
2210 3620 2271 3673 et
2317 3615 2495 3673 etiam
2541 3616 2594 3672 d.
2630 3615 2787 3673 Petri
2819 3615 3031 3692 episto·

425 3706 813 3781 epistolarum
831 3724 877 3766 s,
899 3705 1060 3763 Pauli
1073 3704 1596 3779 interpretes—H
1616 3704 1703 3762 il·
1760 3704 1859 3761 las,
1898 3738 1977 3746 -
2013 3703 2050 3761 S
2068 3723 2099 3763 e
2122 3724 2155 3762 v
2172 3705 2191 3761 i
2208 3724 2245 3762 n
2264 3725 2303 3762 u
2322 3723 2348 3762 s
2383 3698 2730 3785 (Segninus)
2754 3705 2794 3762 C
2810 3724 2843 3762 o
2860 3724 2900 3763 u
2915 3705 2978 3762 si
2997 3724 3036 3763 n

425 3814 661 3870 gerus
695 3794 767 3853 de
799 3795 1086 3870 Burgis
1120 3794 1184 3853 Ο.
1219 3795 1403 3853 Carm.
1434 3793 1704 3853 Coloniae
1763 3793 2166 3861 pictaviensis,
2222 3795 2283 3852 in
2330 3794 2625 3851 academia
2675 3793 2871 3868 patria
2902 3812 3034 3870 pro·

425 3884 528 3942 <liu
560 3885 891 3961 theologiae
942 3883 1145 3953 lector,
1191 3883 1627 3959 archiepiscopo
1673 3902 1706 3940 a
1760 3881 1942 3940 fessor
1976 3877 2035 3963 (†
2064 3879 2249 3963 1456)
2284 3882 2700 3940 commentaria
2731 3883 2909 3941 etiam
2942 3901 3032 3941 re-

424 3973 683 4031 consiliis
727 3977 788 4030 et
835 3971 1328 4041 confessionibus,
1396 3972 1704 4047 episcopus
1762 3971 1944 4046 liquit
1976 3971 2034 4028 in
2071 3972 2420 4048 magistrum
2468 3965 2915 4032 sententiarum.
2948 4004 3034 4014 —

425 4062 829 4120 buduanensis
861 4065 922 4120 et
943 4061 1246 4120 auxiliaris
1284 4061 1704 4136 archiepiscopi
1763 4058 1991 4128 Quibus
2025 4061 2260 4119 demum
2293 4060 2546 4118 addatur
2578 4060 2834 4119 Thomas
2866 4061 3035 4120 Gas-

427 4148 486 4216 (†
545 4149 750 4227 1452).
805 4184 888 4195 --
955 4149 1333 4226 Aegidius
1383 4150 1454 4208 de
1507 4150 1703 4208 Bail-
1762 4149 2036 4225 coigne
2089 4147 2465 4230 (Vasconius)
2517 4150 2755 4208 natione
2803 4150 3035 4226 Anglus

1761 4238 1967 4296 doctor
1998 4244 2060 4296 et
2081 4238 2413 4297 academiae
2446 4239 2777 4298 oxoniensis
2810 4239 3035 4298 cancel-

507 4379 530 4410 Ι,
567 4373 609 4426 L
825 4372 836 4382 .
1198 4371 1208 4381 .
1257 4373 1267 4383 .
1317 4393 1320 4396 Α
1662 4372 1672 4383 .
1761 4328 1966 4395 larius,
2019 4329 2123 4403 qui
2189 4328 2381 4386 adfuit
2426 4328 2671 4386 concilio
2722 4327 3035 4387 florentino

523 4391 539 4444 )
613 4375 911 4426 aurentius
933 4371 1095 4425 Valla.
1110 4372 1499 4440 religiosorum
1526 4373 1704 4426 hostis

424 4448 620 4498 contra
642 4443 904 4515 depingit
922 4461 1050 4497 eum
1069 4438 1325 4497 Antidoti
1343 4446 1400 4496 in
1427 4444 1702 4512 Poggium
1761 4412 1822 4498 (†
1848 4427 1939 4479 ¹3·
1961 4417 2131 4519 Maft·
2165 4428 2281 4480 145
2298 4412 2360 4497 τ)
2388 4422 2623 4519 Ρῖἷῗθῗθῗ
2664 4416 2776 4518 3118
2799 4417 3038 4518 0011ῗὲἱῖ

425 4517 460 4569 l.
501 4521 534 4572 4
566 4533 707 4598 pag.
749 4521 850 4572 357
895 4520 962 4569 ut
999 4515 1259 4585 ineptum
1301 4532 1366 4568 ac
1407 4515 1702 4571 indoctum
1765 4507 2182 4564 Dictionarium
2229 4506 2621 4583 theologicum
2670 4525 2799 4565 sive
2820 4512 3035 4565 venta-

1759 4598 1849 4653 tes
1864 4613 1931 4653 ex
1948 4614 1991 4657 s,
2015 4595 2321 4669 Scriptura
2347 4598 2409 4653 et
2421 4596 2670 4654 aliorum
2695 4599 3034 4654 sanctorum

1762 4684 1999 4759 scriptis
2027 4688 2086 4743 et
2114 4688 2287 4743 notas
2332 4685 2393 4742 in
2425 4685 2687 4743 Psalmos
2722 4683 2959 4761 scripsit
2973 4683 3033 4758 ¹).

499 4665 537 4731 ·-·)
566 4659 646 4712 De
697 4659 800 4712 hoc
853 4676 1026 4727 supra
1071 4659 1290 4728 egimus
1337 4676 1465 4729 pag.
1515 4664 1616 4716 411
1661 4679 1703 4715 s.

424 4736 684 4787 Ceterum
714 4730 994 4785 Antonius
1023 4730 1082 4786 Β.
1111 4729 1226 4784 fuit
1250 4747 1398 4783 unus
1425 4747 1453 4782 e
1483 4730 1703 4785 selectis

423 4821 452 4857 a
497 4804 717 4858 Calixto
743 4805 838 4858 ΙΙΙ.
886 4802 957 4854 ad
1004 4801 1449 4872 praedicandum
1488 4802 1700 4855 bellum

422 4880 619 4930 contra.
644 4879 869 4931 Turcas.

1848 4878 1881 4932 ¹)
1910 4875 1993 4928 Cf.
2022 4873 2209 4928 Oudin
2240 4874 2332 4934 111,
2359 4880 2515 4929 2459.
