3475 5364
1335 1806 1587 1891 v111.

200 2140 206 2148 .
374 1969 948 2143 Theologi
1022 2009 1627 2103 annorum.
1720 1963 2540 2101 1301—1325.

826 2342 890 2441 Ι.
956 2338 1447 2461 Theologia
1515 2338 2091 2437 scholastica.

264 2583 388 2640 238.
448 2578 693 2636 Initium
738 2577 1013 2636 ducimus
1062 2596 1097 2635 a
1128 2576 1167 2635 J
1182 2596 1427 2636 oanne
1483 2577 1611 2652 ipse
1642 2577 1696 2634 ei
1729 2576 1793 2633 in
1825 2576 2102 2635 cathedra
2147 2576 2431 2634 successit
2460 2577 2628 2633 tanto
2658 2594 2766 2634 au-

199 2662 362 2724 Duns
403 2667 651 2737 Scoto,
700 2687 818 2743 quo
851 2666 1103 2725 maxime
1135 2666 1429 2742 gloriatur
1485 2667 1745 2724 ·litorum
1777 2685 2086 2736 concursu,
2132 2669 2205 2724 ut
2241 2685 2445 2724 eorum
2477 2684 2764 2724 numerus

200 2753 312 2813 ordo
350 2758 693 2829 seraphicus,
767 2757 847 2815 De
893 2757 1022 2831 ejus
1068 2757 1260 2830 patria
1303 2775 1421 2814 cer·
1484 2775 1588 2830 per
1619 2755 2135 2832 exaggerationem
2169 2755 2395 2814 feratur
2424 2754 2763 2814 ascendisse

204 2847 303 2904 tant
329 2847 548 2922 Anglia,
581 2846 869 2905 Hibernia
898 2853 959 2904 et
992 2845 1200 2904 Scotia.
1236 2844 1427 2903 Natus
1485 2845 1558 2902 ad
1583 2854 1834 2907 30.000.
1868 2844 2014 2903 Inde
2036 2845 2291 2903 Parisios
2312 2856 2556 2904 vocatus
2590 2840 2769 2924 (forte

205 2931 520 3001 probabilius
566 2934 805 2992 videtur
835 2935 899 2993 in
930 2934 1183 3009 quadam
1217 2934 1430 2992 villula
1486 2937 1640 2992 circa
1696 2929 1889 3015 1301)
1943 2953 2009 2991 ex
2056 2933 2367 2992 voluntate
2415 2932 2770 2990 Gundisalvi

210 3017 261 3075 de
285 3021 543 3098 Emylden
577 3028 781 3082 vocata
811 3024 1119 3082 Dan-nane
1155 3024 1218 3081 in
1249 3023 1427 3081 comi·
1487 3022 1711 3081 ordinis
1746 3023 2001 3081 ministri
2031 3022 2322 3098 generalis
2364 3023 2632 3081 lauream
2676 3024 2771 3081 est

210 3111 308 3167 *atu
355 3111 805 3171 Nerthumbriae
871 3107 1194 3191 (contracte
1246 3113 1429 3182 Dan«,
1488 3117 1845 3171 consecutus
1896 3107 2144 3193 (1304).
2208 3111 2300 3170 Ibi
2351 3111 2636 3170 celebrem
2669 3112 2771 3171 ha-

213 3193 313 3255 hinc
338 3201 473 3260 forte
506 3196 877 3282 cognomen),
911 3209 972 3259 et
1001 3203 1144 3277 quia
1176 3201 1330 3260 illud
1352 3202 1431 3259 si·
1485 3202 1691 3259 buisse
1725 3202 1948 3259 dicitur
1985 3200 2457 3275 disputationem
2489 3219 2622 3259 cum
2658 3201 2772 3258 Do-

218 3293 307 3343 lum
332 3295 413 3348 est
441 3292 502 3349 in
533 3291 771 3368 regione
789 3290 1041 3360 Angliae
1074 3294 1432 3365 septentrio·
1490 3290 1802 3349 minicanis
1836 3290 1908 3347 de
1944 3291 1997 3346 b.
2033 3289 2254 3348 Mariae
2275 3290 2340 3347 V.
2375 3289 2770 3365 conceptione.

217 3375 318 3442 nali,
373 3399 515 3453 quae
577 3381 753 3438 etiam
834 3381 1031 3437 Scotia
1107 3379 1430 3448 dicebatur,
1491 3379 1706 3438 Postea
1719 3383 1928 3452 jussus
1950 3378 2246 3438 Coloniam
2268 3378 2580 3454 proficisci,
2607 3381 2776 3437 tanta

218 3459 428 3526 scotus
476 3476 567 3526 est
613 3469 837 3526 dictus:
882 3470 1059 3543 juxta
1102 3469 1250 3527 alios
1297 3486 1433 3526 vero
1491 3468 1860 3527 obedientiae
1930 3468 2409 3542 promptitudine
2449 3467 2773 3543 profectus

217 3559 342 3612 onus
382 3565 463 3615 est
512 3558 572 3615 in
609 3559 775 3616 Duns
828 3557 1147 3616 Hiberniae
1198 3556 1431 3632 oppido.
1492 3561 1601 3627 est,
1637 3565 1707 3615 ut
1737 3557 2078 3615 insalutatis
2124 3557 2325 3614 amicis
2372 3559 2432 3615 et
2470 3556 2774 3614 sodalibus

222 3639 792 3718 Aliquiasserunteum
812 3655 1021 3704 natum
1038 3666 1165 3706 e-se
1178 3672 1225 3702 a.
1254 3656 1365 3709 127
1377 3657 1432 3715 4,
1492 3646 1707 3704 abierit
1734 3647 2038 3704 inculcans
2071 3647 2291 3716 ‚Pater
2330 3645 2635 3704 Generalis
2668 3644 2774 3703 Co-

221 3734 469 3804 moino,
515 3756 631 3810 quo
662 3729 966 3795 ‘exstincta
997 3747 1140 3793 sunt
1173 3735 1430 3810 splendi-
1494 3736 1710 3793 Ioniam
1763 3735 1848 3793 ire
1888 3736 2081 3809 jubet,
2134 3754 2254 3794 non
2304 3735 2366 3792 in
2416 3736 2776 3792 conventum

225 3816 405 3879 (lissima
435 3824 764 3902 theologiae
788 3825 1170 3883 sch··lasticae
1193 3825 1433 3890 lumina,
1494 3824 1685 3883 redire
1717 3826 1789 3881 ad
1827 3823 2174 3881 salutandos
2223 3826 2496 3881 fratres.⁴1
2562 3823 2775 3882 Verum

224 3919 275 3959 ss.
301 3906 519 3972 Thomas
570 3913 691 3972 scil.
739 3919 800 3972 et
833 3915 1280 3972 Bonaventura:
1333 3913 1437 3972 sed
1499 3932 1628 3971 mox
1675 3912 1900 3971 ibidem
1951 3912 2206 3971 decessit
2239 3921 2293 3976 8.
2331 3913 2473 3970 Nov.
2517 3921 2680 3975 1308
2713 3912 2782 3971 in

228 3997 542 4061 praeferenda
588 4015 672 4062 est
727 4004 1041 4072 sententia,
1105 4022 1256 4077 quae
1305 4004 1435 4077 ejus
1496 4004 1708 4060 aetatis
1743 4002 1882 4060 flore
1917 4002 2007 4059 vix
2029 4022 2078 4059 a.
2101 4006 2278 4061 natus
2314 4012 2415 4071 43,
2449 4001 2779 4060 virtutibus

228 4093 374 4144 onum
401 4092 656 4163 a-signat
686 4111 734 4149 a.
766 4101 926 4154 1265
951 4093 1042 4149 vel
1073 4101 1248 4153 1266.
1286 4092 1437 4150 Pue-
1495 4093 1584 4149 ita
1617 4091 1889 4162 illustris,
1925 4095 1996 4149 ut
2027 4111 2061 4149 a
2090 4090 2392 4151 sodalibus
2428 4091 2780 4150 venerabilis

230 4172 353 4232 sulus
369 4177 686 4238 destinatus
706 4181 1234 4256 diciturpascenlo
1250 4181 1435 4257 gregi,
1498 4182 1591 4239 vel
1641 4181 1854 4239 beatus
1906 4181 2221 4239 salutetur.
2284 4181 2476 4237 Pauca
2524 4180 2596 4238 de
2648 4182 2779 4255 ejus

231 4262 298 4312 ³0¹¹
325 4283 353 4319 ⁸
388 4267 606 4327 duobus
651 4270 936 4328 fratribus
969 4271 1127 4339 Mm,
1180 4270 1244 4328 in
1290 4289 1439 4344 quos
1497 4271 1633 4327 vita.
1673 4269 1910 4338 scimuS,
1975 4288 2127 4344 quae
2174 4269 2453 4345 pluribus
2508 4269 2779 4344 legendis

233 4342 343 4407 forte
380 4355 587 4429 incidit,
651 4360 781 4434 ejus
841 4359 1040 4417 indole
1088 4362 1150 4417 et
1199 4357 1438 4436 ingenio
1495 4360 1782 4432 temporis
1816 4359 1989 4433 lapsu
2025 4359 2140 4416 fuit
2171 4361 2465 4426 exornata,
2519 4358 2620 4415 sed
2653 4358 2780 4434 ipse

237 4440 387 4511 oeptiS,
423 4447 605 4506 literis
637 4448 753 4505 fuit
785 4448 1055 4506 imbutus
1097 4448 1439 4507 felicissimo
1497 4467 1768 4524 magnam
1817 4448 2074 4506 mminis
2126 4447 2339 4505 famam
2390 4447 2642 4523 adeptus
2687 4451 2781 4506 est

238 4519 395 4621 frffctu„
436 4536 652 4594 Horum
674 4536 936 4596 ordinem
958 4539 1264 4606 ingressus
1287 4537 1440 4616 0¹.⁰·
1496 4538 1572 4596 ob
1606 4535 1837 4614 ingenii
1874 4537 2288 4606 subtilitatem,
2323 4537 2461 4594 hinc
2477 4536 2778 4606 communi

243 4624 299 4698 {¹¹¹
323 4623 502 4682 Sludns
537 4627 765 4684 vacavit
796 4626 909 4683 sub
943 4627 1236 4684 Guilelmo
1257 4625 1440 4685 Varra
1499 4625 1782 4702 suffragio
1819 4628 2035 4685 Doctor
2065 4627 2291 4684 subtilis
2323 4627 2652 4686 salutatur:
2703 4626 2777 4684 ab

246 4697 477 4782 (Varrone,
510 4709 858 4795 Guarrone).
896 4714 1061 4783 Quod
1093 4717 1138 4773 si
1167 4715 1304 4792 Rog.
1330 4717 1438 4773 Ba·
1498 4715 1628 4774 aliis
1660 4715 1886 4773 dicitur
1920 4716 2104 4783 ,lima
2149 4715 2434 4784 veritatis,
2482 4733 2579 4772 cos
2608 4715 2777 4791 inge-

248 4797 360 4887 (Ὁξὶἰε
396 4803 704 4870 discipulus
751 4803 985 4874 dicitur,
1014 4805 1073 4861 id
1111 4804 1439 4862 secundum
1500 4806 1755 4874 nicrum,
1792 4804 2280 4879 philosophorum
2313 4805 2586 4879 phoenix,
2637 4803 2780 4861 sub-

248 4889 451 4948 Spffltum
478 4894 747 4963 accipias,
783 4911 915 4951 cum
942 4895 1088 4952 Baco
1110 4894 1160 4966 ej
1173 4914 1239 4952 us
1260 4894 1441 4952 fuerit
1498 4894 1740 4952 tilitatis
1770 4893 2142 4962 miraculum,
2177 4891 2525 4952 arcanorum
2546 4893 2777 4967 ApolIO,

253 4978 522 5041 praecursor.
599 4982 881 5041 Warrone
929 4982 1187 5041 Parisios
1238 4974 1441 5041 vocato
1498 4981 1575 5052 et,
1628 4983 1831 5057 inepte
1881 4982 2137 5056 quidem,
2190 4983 2348 5040 inter
2397 4981 2778 5055 philosophos

2359 5082 2460 5134 15*
