3475 5364
539 340 695 394 1511

531 515 821 585 receptus.
906 513 955 568 A
1019 510 1323 586 captandis
1386 510 1691 568 beneficiis
1754 513 1816 567 et

532 596 928 675 dignitatibus
960 599 1153 657 animo
1185 616 1469 674 generoso
1499 597 1812 677 abstinuit,

531 689 669 746 hinc
700 689 879 747 etiam
924 707 1170 747 munera
1214 688 1310 746 vel
1353 688 1717 763 amplissima
1760 689 1815 746 ei

531 777 733 836 oblata
763 781 1110 835 constanter
1129 778 1444 845 recusavit,
1482 794 1551 836 ac
1568 778 1813 836 nonnisi

530 866 757 925 invitus
778 869 840 925 et
857 867 1157 926 reluctans
1173 866 1367 924 dictus
1382 869 1474 924 est
1485 885 1520 924 a
1534 866 1726 925 Leone
1747 866 1812 923 X.

529 956 841 1032 episcopus
874 956 1439 1031 carpentoractensis
1491 955 1555 1013 in
1587 955 1814 1013 ditione

531 1045 929 1114 avenionensi,
951 1064 1130 1120 quam
1151 1045 1469 1102 Ecclesiam
1490 1063 1624 1102 cum
1640 1063 1811 1120 prae-

531 1153 667 1193 sens
730 1153 848 1193 non
911 1137 1112 1209 posset
1171 1152 1390 1208 regere,
1445 1133 1656 1191 absens
1707 1152 1815 1209 per

529 1223 767 1282 idoneos
799 1223 951 1281 rexit
981 1222 1251 1283 vicarios
1294 1222 1589 1281 Defuncto
1621 1223 1812 1280 Leone

530 1313 735 1371 statim
780 1312 960 1371 rebus
990 1312 1252 1371 romanis
1294 1311 1521 1369 relictis
1568 1330 1810 1388 gregem

530 1420 706 1460 suum
770 1400 937 1470 adiit,
1003 1405 1074 1459 ut
1122 1401 1177 1460 ei
1227 1397 1625 1459 sollicitudine
1675 1419 1813 1458 vere

529 1624 632 1660 suo
660 1610 914 1676 tempore
942 1608 1064 1660 erat
1090 1623 1204 1660 non
1230 1607 1412 1660 solum
1449 1623 1550 1675 per
1585 1606 1809 1660 Italiam

530 1678 627 1731 sed
656 1682 713 1730 et
738 1679 893 1748 apud
922 1682 1139 1731 exteras
1169 1678 1445 1731 nationes
1476 1678 1720 1731 ALeone
1743 1678 1808 1743 X,

529 1749 622 1802 cui
663 1752 785 1802 erat
824 1767 857 1802 a
897 1749 1140 1811 secretis,
1182 1748 1497 1819 pinguibus
1523 1749 1812 1802 beneficiis

530 1820 645 1874 fuit
668 1824 885 1885 auctus,
928 1820 1024 1873 sed
1066 1821 1326 1888 quamvis
1368 1820 1606 1873 clericus
1634 1821 1809 1873 vitam

529 1892 763 1946 minime
777 1891 1121 1945 laudabilem
1136 1892 1325 1972 gessit.
1341 1891 1811 1945 DefunctoLeone

528 1962 596 2016 X.
626 1963 924 2017 Patavium
953 1967 1196 2023 secessit,
1227 1963 1327 2016 ubi
1353 1962 1413 2015 in
1441 1963 1593 2017 dulci
1621 1962 1811 2037 litera-

528 2052 657 2088 rum
697 2035 814 2089 otio
855 2036 925 2087 ab
966 2034 1125 2089 omni
1170 2051 1306 2088 cura
1331 2035 1810 2103 negotiorumque

528 2106 771 2176 strepitu
812 2106 1033 2159 solutus
1073 2123 1252 2159 annos
1293 2106 1558 2159 tredecim
1599 2108 1810 2159 transe-

527 2178 628 2247 git,
659 2180 852 2231 fruens
879 2177 1393 2231 eruditissimorum
1411 2176 1662 2230 virorum
1681 2194 1808 2231 con-

531 2249 863 2314 versatione,
928 2263 1071 2317 quos
1116 2247 1510 2302 liberalissime
1551 2247 1809 2316 undique

527 2324 855 2373 accurentes
910 2337 1013 2373 sua
1063 2320 1381 2389 excipiebat
1431 2322 1615 2385 dom0,
1678 2336 1806 2372 cum

527 2408 598 2444 en
649 2409 683 2445 a
726 2392 904 2446 Paulo
950 2392 1061 2456 111„
1114 2392 1214 2459 qui
1260 2390 1590 2444 lectissimos
1635 2390 1808 2443 etiam

525 2463 585 2516 in
614 2463 794 2518 literis
822 2464 973 2517 viros
1001 2463 1060 2515 in
1088 2462 1390 2532 collegium
1429 2462 1807 2516 cardinalium

526 2539 791 2603 cooptare
819 2538 1114 2598 statuerat,
1154 2537 1212 2587 et
1260 2534 1380 2603 ipse
1409 2550 1667 2603 purpura
1695 2533 1810 2586 fuit

526 2606 841 2671 decoratus,
859 2606 1071 2658 frustra
1087 2604 1348 2676 pluribus
1365 2604 1809 2658 reclamantibus

527 2678 598 2732 ob
644 2679 816 2732 vitam
858 2678 1101 2747 priorem
1142 2695 1364 2731 morum
1417 2676 1647 2730 licentia
1697 2678 1808 2730 foe-

526 2750 735 2805 datam.
766 2750 1080 2802 Literarum
1127 2766 1317 2802 amore
1358 2751 1587 2801 tantum
1615 2749 1808 2818 depre-

525 2824 686 2875 catus
733 2827 817 2874 est
860 2821 1151 2883 honorem,
1198 2819 1545 2889 promotioni
1586 2819 1686 2872 diu
1727 2836 1808 2873 re·

524 2893 807 2946 luctatus:
843 2891 1071 2945 demum
1101 2890 1359 2960 pontifici
1389 2890 1615 2960 urgenti
1643 2891 1810 2944 cessit

525 2967 724 3034 (1539).
766 2968 822 3016 et
860 2963 1061 3016 exinde
1103 2979 1231 3016 vere
1260 2963 1321 3015 in
1360 2978 1424 3015 eo
1464 2980 1629 3015 sensu
1657 2963 1807 3016 bono

525 3033 903 3104 adimpletum
934 3037 1016 3087 est
1043 3035 1313 3102 adagium
1341 3032 1486 3087 illud
1521 3033 1808 3092 ..Honores

527 3108 755 3158 mutant
780 3119 1007 3168 mores,“
1055 3122 1182 3159 nam
1227 3109 1387 3158 tanto
1430 3104 1633 3158 honori
1679 3121 1807 3159 con-

525 3177 759 3247 dignam
801 3177 999 3231 exinde
1040 3177 1204 3231 duxit
1245 3179 1438 3230 vitam.
1490 3179 1694 3230 Factus
1722 3179 1809 3229 est

525 3248 785 3303 sacerdos
809 3252 868 3303 et
893 3248 1078 3303 dictus
1124 3249 1341 3318 primus
1386 3248 1685 3318 episcopus
1713 3265 1806 3301 eu·

524 3339 601 3390 gu
612 3320 791 3382 binus,
811 3320 943 3374 dein
964 3321 1272 3390 bergomas.
1300 3319 1500 3374 Cultus
1520 3327 1607 3373 est
1632 3336 1804 3387 quam

525 3390 768 3445 maxime
796 3391 1005 3446 Romae
1033 3410 1066 3445 a
1094 3391 1478 3445 cardinalibus
1520 3390 1806 3460 primariis

526 3465 591 3515 ut
641 3464 1083 3528 Contaren0‚
1136 3463 1507 3527 Sadoleto,
1560 3463 1803 3516 Corte-

524 3535 650 3600 si0‚
678 3535 997 3600 Morono,
1028 3534 1204 3589 Polo
1231 3532 1802 3604 etc.(†18.Jan.1547

523 3624 572 3661 a.
600 3606 804 3664 aetat-is
831 3611 934 3678 77).
964 3607 1105 3675 Ejus
1133 3623 1305 3676 opera
1341 3622 1486 3675 quae
1516 3605 1588 3657 ad
1610 3604 1804 3658 literas

524 3678 888 3732 humaniores
912 3681 1184 3748 spectant,
1214 3678 1551 3745 prodierunt
1566 3675 1806 3730 collecta

524 3748 777 3803 Basileae
818 3755 987 3810 1567z
1035 3749 1284 3803 Venetiis
1313 3754 1451 3805 1729
1493 3752 1531 3801 t.
1569 3753 1605 3804 4
1643 3747 1703 3799 in
1747 3747 1801 3812 f.‚

521 3821 671 3874 inter
683 3838 829 3888 quae
844 3821 1375 3876 laudanthe'stmw'am
1398 3829 1627 3873 venetam
1651 3818 1711 3871 11.
1734 3824 1801 3874 12

522 3893 801 3961 digestam
838 3895 930 3964 (ab
972 3911 1021 3946 a.
1063 3896 1435 3952 lame-1513)
1477 3891 1803 3960 argumenti

522 3964 903 4033 amplitudine
944 3969 1003 4018 et
1041 3964 1159 4018 stili
1206 3963 1387 4017 nitore
1433 3960 1800 4031 spectabilem

522 4035 799 4104 (Venetiis
829 4040 1015 4100 1551);
1069 4035 1471 4103 chronologiae
1500 4038 1691 4086 tamen
1718 4050 1801 4086 ra·

521 4107 733 4160 tionem
763 4123 876 4159 nou
904 4107 1092 4167 habet,
1135 4122 1235 4160 nec
1280 4106 1538 4158 abundat
1565 4104 1801 4169 notitiis,

522 4178 658 4246 quia
685 4177 935 4230 archivia
960 4177 1012 4230 ei
1038 4177 1194 4231 adire
1223 4194 1338 4230 non
1365 4176 1548 4230 licuit.
1586 4180 1800 4245 Episto-

519 4253 698 4303 larum
715 4252 857 4302 Leon
867 4254 909 4300 is
924 4252 994 4302 X.
1016 4255 1227 4303 nomine
1236 4255 1560 4316 scriptarum
1576 4251 1628 4301 ll.
1644 4251 1701 4300 X
1715 4251 1799 4316 VJ,

521 4336 667 4388 quae
695 4320 925 4373 classico
956 4321 1186 4388 quidem
1212 4320 1342 4374 stilo
1366 4324 1500 4373 sunt
1519 4318 1798 4388 conscrip-

522 4397 630 4452 tae,
672 4392 767 4444 sed
810 4392 1108 4460 phrasibus
1150 4410 1214 4445 ex
1256 4390 1611 4460 mythologia
1661 4391 1802 4443 deri·

521 4463 667 4517 vatis
720 4463 1008 4520 foedatae:
1070 4468 1275 4518 Lettere
1324 4469 1529 4532 volyari
1591 4462 1801 4515 Romae

522 4538 660 4591 1538
687 4534 747 4587 in
773 4539 823 4591 8.
852 4538 953 4589 etc.
982 4536 1276 4589 Laudatur
1305 4539 1371 4587 ut
1396 4550 1627 4604 poeseos
1656 4534 1802 4588 itali·

520 4624 615 4660 cae
643 4610 989 4662 restaurator
1028 4612 1085 4661 et
1126 4607 1394 4676 magister
1434 4607 1666 4672 linguae
1708 4622 1802 4675 pa·

520 4679 679 4733 triae.
733 4679 814 4733 Cf.
857 4679 1006 4748 Eggs
1047 4679 1084 4732 l.
1126 4680 1201 4732 IV
1245 4698 1298 4732 11.
1326 4683 1395 4734 53
1440 4697 1493 4746 p.
1524 4682 1798 4737 &fib—7&

519 4750 702 4806 Briick
741 4751 855 4806 KL.
886 4753 947 4814 11,
977 4757 1081 4808 296
1109 4769 1208 4810 ss.;
1256 4749 1627 4803 Mazzuchelli
1656 4750 1721 4808 11,
1751 4754 1800 4810 2,
1863 4789 1984 4796 ..-

519 4827 759 4950 vaaoss.;
813 4822 1140 4876 Tirabosehi
1185 4823 1300 4876 vn.
1344 4840 1399 4890 p.
1426 4827 1475 4884 2,
1519 4820 1554 4874 1.
1596 4825 1646 4876 3.
1676 4837 1721 4880 c.
1753 4828 1800 4877 1.

519 4911 573 4946 n.
602 4917 633 4948 ἑ)
698 4913 738 4949 Β.

1450 324 1823 377 1541—1563.
1849 321 1901 379 S.
1930 320 2238 390 Scriptura.

2986 339 3156 390 1512

1874 510 2159 583 pastorali
2173 507 2490 583 prodesset.
2525 508 2731 566 Creato
2763 511 2900 582 post
2911 507 3154 565 brevem

1873 594 3155 672 HadrianiVI.pontificatumClementeVII.‚

1872 705 2002 744 mox
2065 687 2138 743 ab
2189 686 2316 761 ipso
2367 687 2605 744 Romam
2659 691 2752 744 est
2799 686 3150 744 accersitus:

1871 794 1989 850 quo
2012 792 2143 833 cum
2170 777 2427 834 venisset
2447 776 2510 833 in
2528 776 2746 834 intima
2765 778 3038 834 versatus
3059 780 3158 831 est

1873 864 2274 923 familiaritate
2291 864 2604 939 pontificia
2627 865 2734 938 qui
2759 865 2887 940 ejus
2905 863 3152 922 consilio

1870 954 1932 1011 in
1995 954 2464 1012 administranda
2513 953 2772 1012 Ecclesia
2833 955 2924 1011 est
2984 971 3152 1011 usus.

1869 1044 2012 1102 Post
2044 1043 2368 1101 triennium
2417 1042 2489 1100 ad
2540 1061 2709 1101 suam
2755 1042 2934 1100 rediit
2964 1043 3152 1100 eccle-

1870 1132 2034 1199 siam,
2088 1131 2184 1190 cui
2233 1136 2306 1189 ut
2355 1132 2516 1190 omni
2562 1150 2680 1207 quo
2712 1136 2946 1207 poterat
2978 1132 3152 1189 modo

1869 1221 2188 1295 prodesset,
2254 1221 2675 1296 componendis
2738 1222 2918 1279 etiam
2980 1220 3155 1278 libris

1870 1310 2039 1368 horas
2073 1330 2106 1367 a
2136 1311 2485 1369 muneribus
2504 1310 2902 1386 pastoralibus
2935 1310 3156 1367 liberas

1869 1399 2179 1473 impendit,
2216 1400 2372 1457 inter
2403 1417 2553 1475 quos
2593 1399 2888 1457 nominari
2921 1403 3155 1456 merent

1869 1487 1906 1549 l.
1939 1489 2006 1545 de
2015 1490 2223 1562 pueris
2255 1496 2399 1547 recte
2425 1508 2492 1546 ac
2523 1489 2835 1547 liberaliter
2853 1490 3152 1546 instituen-

1868 1578 1978 1653 dis,
2049 1578 2312 1635 Venetiis
2388 1586 2580 1648 1533;
2645 1578 2892 1636 Parisiis
2961 1587 3151 1639 1533.

1882 1675 2076 1737 15:343
2118 1666 2398 1741 Lugduni
2439 1676 2601 1729 1535
2637 1670 2766 1734 etc..
2815 1667 3155 1743 germanice

1867 1773 2077 1813 versus
2119 1756 2396 1833 Friburgi
2437 1766 2623 1825 1904,
2673 1757 2738 1814 111
2768 1756 2921 1814 Bibl.
2956 1756 3059 1813 der
3088 1755 3150 1811 k.

1867 1843 2206 1921 Padagogik
2255 1850 2300 1903 t.
2334 1844 2455 1912 XV,
2506 1845 2660 1902 liber
2691 1845 2866 1919 plane
2899 1862 3152 1913 aureus;

1867 1934 1935 1989 de
1953 1936 2330 1992 exstructione
2342 1935 2633 1992 Ecclesiae
2646 1935 2969 2010 catholicae,
2989 1934 3151 2008 quod

1866 2025 2066 2080 tamen
2099 2041 2249 2098 opus
2284 2042 2404 2082 non
2435 2023 2693 2082 absolvit
2724 2030 2786 2081 et
2817 2024 2986 2099 cujus
3020 2023 3056 2081 l.
3099 2033 3153 2083 l.

1866 2113 2102 2169 tantum
2149 2112 2370 2187 prodiit
2414 2113 2478 2170 in
2523 2113 2668 2170 Mai
2717 2111 3023 2189 Spicilegii
3069 2110 3150 2181 11,

1878 2211 1985 2263 101
2030 2219 2123 2269 ss„
2173 2201 2388 2260 Romae
2441 2210 2640 2271 18393
2689 2202 3152 2260 commentarius

1867 2289 2003 2347 stilo
2051 2290 2241 2348 nitido
2284 2291 2647 2365 compositus
2694 2294 2756 2348 in
2800 2308 2886 2363 ep.
2921 2291 2998 2348 ad
3029 2290 3148 2348 Ro-

1868 2397 2070 2437 manos
2102 2381 2165 2436 in
2197 2380 2386 2437 forma
2417 2379 2639 2455 dialogi
2674 2381 2736 2438 ll.
2774 2390 2829 2448 3,
2883 2378 3154 2438 Venetiis

1866 2472 1926 2526 et
1969 2468 2252 2544 Lugduni
2295 2477 2492 2537 15353
2535 2478 2732 2538 1536;
2773 2478 2974 2537 15373
3022 2469 3147 2527 Mo-

1865 2557 2109 2633 guntiae
2135 2567 2294 2620 1607
2337 2554 2498 2639 (cum
2517 2560 2940 2617 commentario
2971 2560 3031 2615 in
3048 2556 3141 2616 Ps.

1870 2649 1973 2704 50.
1994 2651 2056 2705 et
2081 2648 2184 2709 93.
2216 2647 2470 2722 aliisque
2502 2648 2630 2723 ejus
2663 2644 2990 2726 operibus),
3011 2646 3138 2703 Mu·

1866 2736 2028 2794 tinae
2069 2747 2093 2796 1
2111 2747 2140 2797 7
2155 2746 2223 2799 71
2252 2758 2266 2807 3
2299 2742 2360 2795 et
2390 2739 2548 2795 inter
2566 2755 2746 2813 opera
2766 2738 2964 2795 omnia
2983 2742 3024 2794 t.
3042 2735 3139 2794 lv.

1866 2823 1924 2883 Is
1956 2843 2075 2883 non
2105 2826 2309 2884 arrisit
2340 2825 2630 2902 theologis
2659 2828 3017 2894 Sorbonnae,
3039 2825 3145 2900 qui

1863 2914 2037 2971 illum
2058 2919 2372 2990 propterea
2397 2927 2417 2976 1
2436 2924 2559 2978 534
2578 2935 2699 2973 11011
2718 2915 3148 2991 approbarunt3

1865 3003 2078 3062 Romae
2111 3023 2348 3078 quoque
2381 3006 2664 3080 magister
2696 3023 2738 3062 s,
2774 3003 2982 3062 Palatii
3004 3021 3146 3060 eum

1864 3095 1933 3150 ut
1966 3093 2496 3170 semipelagianum
2530 3095 2764 3152 notavit
2796 3097 2972 3168 atque
3007 3111 3146 3167 pro·

1865 3181 2075 3239 hibuit.
2114 3183 2502 3241 Vehementer
2541 3183 2803 3241 indoluit
2835 3181 3145 3240 cardinalis

1864 3271 2160 3345 missaque
2178 3278 2468 3330 comment
2475 3273 2584 3330 arii
2599 3272 2868 3347 apologia
2883 3275 2944 3328 et
2958 3271 3141 3328 inter-

1863 3359 2106 3418 cedente
2137 3361 2291 3419 card.
2326 3361 2627 3420 Contarini
2678 3365 2977 3418 correctus
3027 3359 3145 3416 fuit.

1862 3450 2204 3524 permissuS,
2240 3450 2453 3509 Romae
2494 3460 2677 3512 1536.
2730 3449 3146 3526 Exprobratur

1861 3539 1933 3606 ei,
1967 3540 2166 3614 ipsum
2197 3557 2316 3597 non
2358 3541 2537 3597 semel
2571 3539 2884 3608 Christum,
2934 3544 3145 3613 quate-

1861 3646 1975 3685 nus
2008 3629 2180 3687 homo
2214 3635 2323 3698 est,
2371 3628 2565 3687 dicere
2597 3629 2789 3686 filium
2822 3628 2928 3685 Dei
2962 3628 3147 3703 adop-

1860 3718 2070 3785 tivum,
2123 3722 2184 3775 et
2228 3718 2292 3776 in
2338 3718 2784 3793 quaestionibus
2834 3716 2907 3774 de
2951 3717 3147 3793 gratia

1860 3825 1979 3864 non
2010 3807 2103 3865 uti
2135 3807 2455 3881 phrasibus
2487 3809 2548 3864 et
2582 3806 2986 3864 locutionibus
3017 3807 3144 3864 Au·

1859 3896 2104 3971 gastim,
2141 3915 2315 3971 quem
2337 3896 2604 3971 alioquin
2625 3914 2810 3971 supra
2838 3913 3043 3953 omnes
3066 3912 3142 3952 ss.

1861 3988 2057 4059 patres
2076 4004 2446 4061 summopere
2463 3986 2731 4043 venerari
2746 3985 3140 4053 consueverit,

1860 4073 1961 4131 sed
1992 4076 2194 4150 potius
2226 4076 2464 4144 imitari,
2500 4074 2720 4132 sentire
2741 4092 2807 4132 ac
2824 4073 2990 4148 loqui
3011 4091 3144 4131 cum

1859 4164 2066 4239 priscis
2129 4164 2423 4222 Ecclesiae
2472 4182 2714 4239 graecae
2778 4162 3142 4228 doctoribus,

1860 4253 2271 4328 Chrysostomo
2302 4253 2649 4328 praesertim
2664 4249 2729 4332 ¹).
2769 4252 2966 4310 Etiam
2991 4252 3147 4310 Cor-

1858 4362 1944 4400 ne
1967 4343 2040 4418 ly
2104 4342 2177 4400 de
2238 4343 2366 4417 ejus
2417 4342 2851 4400 commentariis
2915 4339 3146 4409 scribit,

1858 4451 1956 4489 eos
1991 4433 2063 4490 ob
2097 4431 2340 4508 linguae
2387 4432 2604 4490 latinae
2651 4431 2980 4506 puritatem
3012 4430 3143 4487 lau-

1860 4521 1993 4580 dem
2025 4523 2324 4597 majorem,
2359 4540 2536 4595 quam
2569 4521 2644 4579 ob
2665 4521 2967 4579 doctrinae
2988 4518 3144 4576 sani·

1859 4615 2115 4669 tatemet
2127 4609 3010 4686 explicationisprofunditatem
3025 4625 3145 4665 nie·

1942 4898 1976 4958 1)
2006 4891 2090 4946 Cf.
2118 4891 2338 4944 Reusch
2374 4891 2540 4944 Index
2573 4890 2609 4954 1,
2636 4895 2758 4946 401.
