3475 5364
176 385 245 436 55
256 386 285 436 5
438 367 711 425 Historia
738 370 890 424 miss.
917 371 1003 425 Jo.
1031 388 1066 423 a
1093 370 1453 436 Montecorv.‚
1485 370 1830 436 Brusserius,
1858 371 2024 431 Odor,
2053 371 2120 424 de
2150 370 2389 427 Porden.
2418 374 2523 427 etc.
2682 389 2810 443 586

172 554 392 612 sinense
424 557 804 631 penetravit,
852 557 958 616 ubi
1003 557 1510 633 archiepiscopus·
1534 558 1623 615 De
1653 557 1824 615 rebus
1852 558 2192 634 incoynitis3
2221 556 2546 615 Bollandus
2577 558 2641 616 in
2673 558 2820 617 actis

169 643 526 703 aClemente
549 646 620 708 V.
641 650 877 705 creatus
918 646 992 704 ad
1014 651 1265 705 mortem
1286 665 1478 721 usque
1535 646 1632 705 88.
1686 650 1729 704 t.
1763 646 1838 704 II.
1884 647 1955 704 ad
2006 646 2059 704 d.
2113 657 2207 709 14.
2241 645 2392 714 Jan.,
2440 647 2545 705 ubi
2592 650 2825 722 prostat

175 729 391 798 11:330]
430 735 720 794 substitit
760 736 1227 811 innumerosque
1258 736 1476 794 Christi
1534 735 1714 794 etiam
1747 736 1877 810 ejus
1911 736 2034 794 viia
2080 732 2141 816 (†
2180 745 2273 798 14.
2307 735 2443 794 Jan.
2484 732 2708 816 1331);
2757 737 2821 794 G.

173 821 297 880 fidei
330 826 432 881 est
465 825 764 893 lucratus,
798 843 1014 901 magno
1038 825 1100 882 in
1137 826 1358 883 honore
1404 824 1478 883 ab
1537 825 1726 884 Venni
1760 825 1825 882 in
1856 824 2064 902 Elogio
2098 824 2318 882 storico
2352 824 2507 882 delle
2539 829 2704 901 geste
2726 825 2822 885 del

171 911 537 985 imperatore
561 914 814 973 babitus.
848 914 1103 972 Exhibet
1129 914 1234 973 has
1255 914 1478 990 episto·
1535 914 1588 970 b.
1624 913 1891 996 oderice,
1926 913 2195 973 Venetiis
2236 924 2393 976 1761
2435 933 2491 989 p.
2529 923 2819 986 46—-833

176 1000 252 1058 las
282 1000 592 1078 Wadding
623 1003 687 1061 in
722 1003 1038 1062 annalibus
1085 1003 1161 1061 ad
1199 1023 1247 1061 a.
1297 1013 1409 1065 130
1424 1013 1476 1065 5.
1535 1003 2024 1080 galliceCordier‚
2058 1002 2300 1061 Parisiis
2342 1012 2525 1072 1891,
2557 1003 2644 1061 ed.
2667 1005 2820 1080 opti-

177 1089 238 1145 N.
270 1089 329 1146 Τ.
379 1096 448 1148 et
481 1092 844 1166 psalterium
890 1093 953 1150 in
984 1091 1250 1150 fidelium
1299 1110 1476 1151 usum
1535 1113 1634 1151 ma
1664 1092 1834 1150 codd.
1874 1101 1951 1155 73
1986 1092 2208 1157 innixa,
2244 1092 2308 1149 in
2338 1111 2455 1167 qua
2475 1090 2821 1151 relationem

176 1179 412 1237 elatine
449 1181 520 1239 in
548 1181 814 1257 linguam
832 1181 1177 1240 tamulicatn
1211 1181 1397 1240 vertit
1411 1176 1479 1262 1).
1540 1181 1801 1240 vindicat
1850 1183 1911 1239 et
1959 1180 2447 1240 annotationibus
2479 1182 2746 1240 illustrat
2758 1176 2821 1263 ¹).

177 1301 257 1310 -
291 1268 617 1345 Philippus
650 1271 1125 1329 Brusserius
1159 1270 1383 1345 pariter
1414 1270 1478 1329 Ο.
1535 1271 1606 1329 In
1640 1283 1709 1328 ea
1737 1273 1933 1328 exstat
1964 1271 2176 1329 relatio
2198 1277 2458 1345 quatuor
2487 1273 2820 1347 martyrum

181 1357 312 1413 Min.
345 1358 578 1417 nobilis
610 1360 990 1428 savonensis,
1025 1359 1257 1419 Nicolai
1292 1360 1478 1436 Lyra·
1538 1359 1601 1419 Ο.
1634 1360 1797 1429 Min„
1832 1357 2066 1418 'l'hanae
2098 1379 2275 1435 quam
2305 1359 2572 1418 invenies
2592 1359 2652 1418 in
2674 1359 2820 1418 actis

183 1446 240 1502 ni
257 1447 464 1506 socius
486 1445 562 1529 (fl.
581 1468 627 1506 e.
655 1445 868 1529 1326),
888 1449 1177 1508 Clementi
1193 1449 1259 1508 V.
1293 1453 1354 1507 et
1375 1449 1481 1508 Jo-
1538 1450 1636 1507 88.
1691 1448 1766 1507 ad
1826 1461 1875 1511 1.
1926 1449 2170 1525 Aprilis.
2234 1449 2318 1506 Ex
2364 1449 2493 1524 eju's
2545 1449 2821 1508 chronico

183 1536 320 1594 anni
337 1535 524 1595 XXII.
548 1545 833 1612 perquam
867 1555 1042 1596 carus
1074 1542 1135 1596 et
1167 1537 1479 1597 familiaris
1537 1537 1957 1614 compendioso
1988 1557 2023 1596 a
2053 1537 2262 1596 mundi
2284 1538 2521 1597 exordio
2541 1538 2822 1613 usquead

188 1625 405 1683 missus
441 1626 556 1684 fuit
573 1628 829 1686 nuncius
849 1628 1213 1702 apostolicus
1246 1626 1320 1685 ad
1343 1626 1479 1685 Sul·
1546 1637 1704 1691 1331
1749 1621 2029 1710 (inedito)
2062 1627 2237 1702 plura
2266 1627 2330 1684 in
2361 1644 2484 1685 rem
2519 1631 2682 1686 suam
2718 1627 2820 1685 de-

188 1718 397 1771 tanum
451 1715 819 1791 Babyloniae.
868 1717 1323 1792 Descriptionem
1368 1724 1480 1774 ter-
1539 1717 1761 1792 cerpsit
1811 1715 2198 1793 Waddingus,
2249 1718 2321 1774 ut
2369 1716 2496 1791 ipse
2558 1718 2821 1776 testatur

197 1820 292 1859 me
369 1812 628 1878 eundae,
691 1823 869 1880 quam
925 1805 1185 1879 reliquit,
1245 1805 1482 1865 demum

194 1890 381 1950 edidit
445 1893 756 1955 Heumann
831 1896 896 1953 in
961 1895 1190 1952 Oester.
1260 1895 1481 1953 lechr.

197 1979 290 2037 fur
318 1981 613 2050 k.'1'heol.‚
649 1983 822 2041 Wien
849 1982 928 2041 xl
961 1979 1208 2065 (1872),
1241 1994 1481 2054 1—793

215 2078 504 2134 165·174.
555 2106 634 2115 —-
676 2072 1081 2130 Paschalis
1146 2073 1478 2131 Victori-

206 2160 415 2217 ensis
461 2161 521 2220 Ο.
573 2161 712 2219 Min.
765 2160 1073 2236 Hispanus
1135 2163 1356 2220 missus
1418 2161 1485 2220 in

209 2246 516 2308 Tartariam
560 2268 606 2307 c.
640 2270 690 2308 a.
731 2259 897 2312 1336
946 2253 1084 2326 post
1129 2252 1351 2310 multos
1397 2251 1482 2308 la-

211 2334 378 2395 bores
406 2343 463 2397 et
491 2339 829 2398 discrimina
861 2339 1101 2415 scripsit
1132 2340 1370 2399 brevem
1390 2359 1480 2398 re·

215 2423 478 2486 lationem
527 2428 619 2485 sui
669 2429 906 2487 itineris
967 2441 1287 2505 rerumque
1337 2449 1372 2488 a
1421 2447 1484 2487 se

220 2519 503 2589 gestarum
537 2535 642 2591 per
671 2517 915 2576 modum
950 2518 1239 2592 epistolae
1271 2518 1344 2575 ad
1368 2519 1482 2575 fra-

222 2605 336 2662 tres
376 2608 688 2665 conventus
723 2604 1110 2677 victoriensis,
1159 2624 1337 2682 quam
1373 2627 1481 2684 pu·

1539 1807 1601 1864 in
1650 1824 1762 1864 sua
1805 1804 1948 1863 bibl.
1997 1804 2133 1864 ord.
2166 1805 2306 1863 Min.
2339 1805 2620 1864 Baluzius
2653 1805 2821 1866 ebro:-

1542 1896 1714 1954 nicon
1746 1895 1856 1954 hoc
1886 1894 2133 1953 alterius
2164 1913 2287 1953 esse
2332 1897 2564 1963 censet3
2612 1894 2823 1953 Sbara-

1541 1985 1632 2041 lea
1665 2003 1803 2044 vero
1835 1983 1986 2042 illud
2016 1984 2231 2042 tribuit
2262 2002 2330 2041 ex
2362 1983 2594 2042 levibus
2623 1986 2822 2041 tamen

1539 2073 1778 2132 indiciis
1812 2073 2105 2131 Jo.anni
2136 2071 2209 2131 de
2240 2073 2716 2142 Mortilian0‚
2751 2073 2821 2131 de

1539 2181 1657 2237 quo
1690 2163 1858 2224 infra.

1631 2349 1776 2402 302.
1816 2340 1907 2398 Ad
1968 2341 2272 2398 historiam
2338 2346 2531 2399 terrae
2590 2348 2823 2399 sanctae

1539 2430 1955 2504 bellorumque
2000 2429 2393 2487 cruciatorum
2434 2429 2640 2488 referri
2684 2447 2821 2504 pos-

1542 2521 1685 2577 sunt
1717 2518 1931 2592 scripta
1966 2517 2247 2576 Marini
2281 2517 2318 2575 8
2336 2529 2420 2576 an
2438 2538 2479 2576 u
2497 2519 2558 2576 ti
2606 2527 2819 2595 cogno·

1541 2611 1742 2667 mento
1820 2606 1865 2664 T
1882 2626 1915 2665 ο
1931 2626 1961 2664 r
1976 2624 2003 2665 8
2020 2625 2052 2664 e
2069 2607 2162 2665 lli
2250 2603 2352 2687 (ab
2424 2607 2823 2666 instrumento

1539 2697 1767 2756 musico
1798 2697 1871 2755 ab
1904 2714 1972 2757 eo
2003 2698 2066 2755 in
2098 2714 2275 2755 usum
2317 2708 2547 2755 sacrum
2581 2700 2823 2756 invento

1542 2787 1636 2846 vel
1687 2787 1898 2845 saltem
1948 2786 2193 2844 inducto
2242 2784 2487 2845 Torselli
2536 2786 2610 2844 ab
2660 2788 2822 2845 italis

224 2691 495 2753 blicarunt
515 2698 742 2755 Marcus
782 2696 1198 2771 olisiponensis
1220 2697 1283 2755 in
1306 2698 1482 2755 Chro-

228 2782 349 2841 nico
393 2803 431 2842 s.
478 2785 773 2844 Francisci
838 2805 893 2860 p.
951 2795 1008 2847 2.
1058 2786 1108 2843 -1.
1162 2796 1218 2849 Β.
1281 2805 1328 2844 c.
1382 2795 1483 2853 46,

232 2870 495 2950 Wadding
524 2875 715 2933 annal.
752 2874 824 2932 ad
859 2895 909 2934 a.
954 2882 1115 2937 1342
1164 2894 1220 2932 n.
1261 2884 1337 2938 10
1375 2877 1483 2933 etc.
1541 2871 1724 2955 dicto)
1760 2874 1994 2950 patricii
2016 2875 2231 2944 veneti,
2266 2876 2366 2950 qui
2401 2870 2616 2934 claruit
2648 2875 2823 2950 quin-

233 2993 304 3001 ——
362 2962 422 3020 B.
473 2963 852 3022 Odoricus
915 2964 987 3023 de
1038 2964 1487 3023 Pordenone
1542 2983 1658 3039 que
1687 2964 2009 3023 itineribus
2032 2964 2093 3022 in
2114 2963 2511 3035 Palaestinam
2532 2969 2593 3023 et
2614 2964 2822 3024 Orien-

236 3048 669 3131 (hauneinais),
725 3053 882 3125 quod
936 3054 1220 3128 oppidum
1279 3058 1372 3111 est
1421 3053 1485 3110 in
1542 3057 1660 3111 tem
1695 3053 2008 3123 institutiS,
2054 3052 2215 3111 unde
2260 3052 2466 3112 natum
2513 3054 2628 3129 ipsi
2657 3071 2822 3130 opus,

234 3137 546 3210 Foro-Julii,
591 3142 656 3199 Ο.
701 3142 862 3212 Μία..
910 3142 1001 3200 vir
1046 3143 1408 3217 apostolicus
1454 3161 1489 3200 a
1542 3143 1700 3218 quod
1735 3160 1784 3200 a.
1815 3149 1971 3204 1321
2003 3142 2224 3201 Joanni
2257 3142 2434 3200 XXII.
2467 3143 2824 3219 regibusque

235 3225 516 3288 Benedicto
565 3230 713 3289 XIV.
780 3230 981 3289 Beatis
1043 3231 1485 3299 adnumeratus,
1542 3231 1832 3300 Franciae,
1868 3232 2123 3308 Angliae
2169 3236 2230 3289 et
2261 3231 2491 3290 Siciliae
2520 3228 2824 3307 pluribus'·

237 3315 336 3374 iter
359 3318 424 3375 ad
449 3323 698 3377 remotas
716 3319 990 3396 regiones
1009 3320 1293 3387 instituit,
1328 3318 1487 3395 quod
1544 3339 1658 3396 que
1692 3319 2091 3379 cardinalibus
2124 3319 2379 3379 dicatum
2427 3324 2490 3379 et
2532 3322 2596 3379 in
2633 3330 2667 3384 3
2701 3320 2823 3379 dis-

237 3405 391 3463 etiam
418 3407 726 3484 descripsit
756 3409 820 3466 in
852 3409 1089 3485 egregio
1111 3404 1485 3490 Itinerari02)
1542 3410 1796 3468 tinctum
1821 3410 1881 3467 ll.
1905 3408 2131 3467 Secreta
2158 3411 2411 3483 fidelium
2430 3412 2617 3468 crucis
2648 3420 2826 3485 super

238 3494 296 3551 de
320 3497 660 3556 mirabilibus
677 3499 1054 3556 orientalium
1097 3498 1488 3557 Tbrtarorum
1545 3504 1739 3557 terrae
1773 3501 2009 3557 sanciae
2038 3498 2487 3572 recuperatione
2507 3502 2569 3557 et
2588 3513 2822 3557 conser-

239 3600 333 3640 seu
357 3585 585 3644 historia
613 3586 1108 3663 peregrinationis
1141 3606 1286 3646 suae
1332 3598 1402 3649 16
1437 3607 1488 3649 a.

240 3670 363 3729 Eam
390 3674 691 3734 ediderunt
722 3676 1006 3735 Ponticus
1027 3675 1316 3735 Virunius
1352 3674 1485 3753 (ita-

241 3760 357 3840 lice)
403 3763 618 3823 Pisauri
676 3770 841 3828 1513
906 3766 1018 3824 sub
1068 3766 1485 3841 inscriptione:

1545 3587 1780 3646 vatione
1826 3606 1932 3645 seu
1975 3586 2048 3645 de
2092 3585 2468 3660 expeditione
2512 3587 2574 3645 in
2607 3585 2825 3645 terram

1544 3695 1588 3734 8.
1624 3695 1728 3735 seu
1762 3694 1912 3750 opus
1945 3680 2138 3735 terrae
2158 3693 2204 3739 s,
2225 3693 2330 3733 seu
2350 3675 2602 3735 historia
2632 3674 2824 3734 hiero-⁴

1544 3765 1899 3842 solymitana
1959 3764 2310 3823 inscribitur
2386 3764 2732 3840 editumque
2793 3785 2827 3822 a

1543 3855 1665 3913 Jac.
1701 3854 2028 3930 Bongarsio
2058 3854 2121 3911 in
2154 3850 2341 3930 gestis
2371 3852 2476 3912 Dei
2509 3872 2615 3930 per
2645 3854 2823 3912 Fran·

1544 3961 1641 4001 cos
1673 3945 1715 4001 t.
1733 3942 2082 4018 posteriore,
2115 3961 2294 4017 quem
2318 3961 2499 4019 prope
2520 3944 2824 4020 integrum

1544 4033 1818 4108 complet,
1855 4032 2192 4107 subjunctis
2211 4051 2266 4107 p.
2294 4040 2414 4095 289
2451 4051 2526 4091 ss.
2559 4033 2823 4107 ejusdem

1545 4122 1759 4180 Marini
1791 4140 1881 4198 ep.
1917 4131 1995 4183 22
2031 4122 2101 4179 ad
2135 4120 2492 4197 pontificem,
2526 4122 2826 4182 Androni-

1543 4229 1674 4268 cum
1712 4211 2126 4287 Palaeologum
2174 4211 2314 4285 imp.
2362 4211 2629 4285 aliosque
2662 4211 2826 4286 prin-

1544 4299 1722 4374 cipeS,
1757 4316 1907 4374 quos
1942 4299 2014 4357 ad
2049 4299 2483 4375 expeditionem
2514 4301 2576 4358 in
2610 4304 2824 4358 terram

1544 4392 1810 4447 sanctam
1878 4382 2048 4448 novis
2112 4380 2342 4446 viribus
2393 4380 2825 4465 suscipiendam

314 4004 343 4069 ¹)
367 4001 437 4057 Cf.
462 4005 569 4059 Kb.
597 4006 719 4070 VD,
761 4011 901 4063 1719
928 4007 1030 4061 col.
1076 4006 1223 4071 VIll,
1251 4012 1391 4063 1770
1418 4024 1488 4061 88.

288 4078 343 4150 ‘²1
367 4076 438 4127 Cf.
478 4076 834 4131 Kunstmann
875 4077 935 4130 in
963 4080 1228 4141 accurata
1267 4077 1401 4131 diss.
1429 4078 1486 4130 in

255 4140 480 4220 hist-pol.
505 4148 585 4202 Bl.
613 4148 921 4213 xxxvm,
948 4152 1211 4206 507—37.
1252 4149 1466 4219 scripto

253 4226 329 4296 nn·
354 4220 700 4274 veracitatem
762 4224 959 4274 tuetur
1020 4220 1216 4274 contra
1279 4221 1487 4290 plures,

255 4299 333 4350 qm
348 4293 551 4357 putant,
568 4308 696 4345 eum
715 4291 1071 4346 narrationes
1088 4308 1218 4345 suas
1235 4292 1331 4347 fin}
1349 4292 1456 4345 isse
1474 4313 1484 4348 ε

254 4353 476 4436 (18181118
503 4381 627 4418 mss.
668 4365 729 4416 et
767 4362 957 4432 operis
983 4362 1405 4427 recensionibus
1432 4366 1490 4417 et

255 4426 552 4486 editionibus
602 4434 832 4488 disserit
879 4435 938 4488 et
987 4434 1220 4488 nomina
1257 4434 1485 4489 urbium

255 4504 676 4559 annotationibus
699 4504 962 4559 illustrat
978 4527 994 4563 ·.
1018 4504 1239 4560 Kaulen
1256 4503 1364 4558 KL·
1383 4546 1395 4558 .
1416 4507 1486 4558 IX

255 4572 332 4648 697
357 4590 443 4631 sa:
468 4575 794 4631 Tiraboscbi
819 4577 881 4630 V.
908 4578 947 4629 1.
977 4582 1005 4633 1
1034 4594 1083 4636 c,
1109 4580 1142 4632 ὁ
1168 4596 1224 4631 n.
1250 4582 1312 4639 2;
1342 4577 1488 4631 Βὸῐι-
1621 4580 1658 4647 ¹)
1687 4578 1771 4636 Cf,
1803 4577 1942 4631 Sevi
1969 4575 2131 4630 Della
2157 4576 2344 4645 patria
2382 4593 2411 4630 e
2453 4576 2603 4629 della
2649 4576 2830 4630 nazio-

255 4642 370 4719 richt
394 4646 520 4701 bibl.
546 4664 649 4718 geo
694 4666 738 4704 r.
767 4648 883 4702 Pal.
915 4662 967 4718 p.
995 4654 1065 4705 69
1092 4664 1162 4704 88.
1203 4640 1313 4703 Hic
1338 4646 1485 4703 idem
1543 4648 1724 4703 nalita
1751 4649 1842 4704 del
1868 4650 1920 4702 b.
1947 4647 2187 4701 Odorieo
2216 4649 2285 4701 de
2325 4646 2385 4704 P.
2424 4646 2483 4699 in
2512 4647 2563 4700 N
2572 4663 2718 4701 uovo
2746 4664 2828 4700 ar-

255 4712 492 4770 mZtschr.
518 4719 614 4773 des
675 4720 949 4774 eutschen
967 4718 1489 4774 Palaestina-Verein
1545 4719 1734 4773 chivio
1765 4721 1985 4773 Veneto
2004 4720 2081 4772 Xl
2109 4718 2632 4789 (1896).301—325:
2662 4718 2827 4790 Luigi

259 4786 365 4841 1890
385 4788 555 4844 edidit
591 4792 690 4845 das
714 4794 1066 4846 Itinerarsum
1093 4794 1165 4845 ad
1189 4796 1488 4859 sepulcrum
1546 4792 1702 4845 Tinti
1729 4791 1865 4844 Vita
1905 4806 1934 4843 e
1977 4788 2233 4845 missioni
2272 4791 2363 4844 nel
2405 4788 2711 4842 ludo-Cina
2736 4790 2829 4842 del

259 4857 435 4913 Domini
455 4860 548 4916 des
572 4865 706 4916 Ant.
750 4862 820 4916 de
864 4862 955 4915 Re
974 4858 1224 4916 boldis
1269 4862 1339 4917 de
1367 4862 1490 4917 Cre·
1548 4865 1601 4986 ἓ.
1628 4863 1691 4917 O.
1717 4862 1787 4915 de
1814 4861 1876 4916 P.
1917 4863 1986 4914 de
2034 4862 2120 4913 Fr.
2166 4861 2372 4915 Minori
2416 4864 2828 4930 (1285-1331),

258 4943 386 4982 mona
408 4948 453 4985 a.
481 4937 632 4989 1327.
1598 4950 1724 4988 oma
1751 4938 1907 4990 1901.
