3475 5364
523 338 678 392 1031
935 325 1307 378 1476—1500.
1336 322 1389 378 S.
1416 320 1728 392 Scriptura.
1757 320 2111 377 Psalmorum
2139 321 2491 391 interpretes.
2522 320 2706 376 Perez.
2959 341 3032 394 10
3042 338 3130 395 32

512 506 847 577 Corvinum,
867 507 1135 566 Basileae
1163 516 1363 577 1498;
1404 517 1589 576 1541;
1617 516 1780 571 1543
1843 507 1951 563 riis
1981 504 2299 566 Mediolani
2341 516 2503 570 1477
2554 507 2863 583 praemisit
2893 526 2984 583 ep.
3017 526 3125 566 seu

511 598 650 667 etc.;
673 596 861 655 oratio
880 598 952 654 de
975 596 1274 655 virtutibus
1292 597 1366 660 D.
1386 596 1462 654 N.
1483 596 1542 656 J.
1569 596 1786 655 Christi
1841 594 2078 671 longam
2110 595 2550 671 praefationem,
2586 595 2689 654 ubi
2720 596 2895 672 plura
2913 596 3127 673 legun·

509 685 680 743 nobis
712 685 778 743 in
808 686 937 761 ejus
970 685 1242 761 passione
1287 686 1538 745 ostensis
1570 686 1785 746 Romae
1841 686 1945 743 tur
1975 683 2047 742 de
2077 685 2258 745 variis
2292 685 2629 745 illustribus
2661 689 2723 745 et
2753 684 2945 745 doctis
2976 685 3124 746 viris

510 794 706 834 coram
749 774 1081 833 Alexandro
1114 773 1209 833 VI.
1256 774 1457 833 habita
1504 795 1552 833 a.
1598 785 1783 844 1496,
1842 772 2379 833 mediolanensibus
2424 774 2592 834 illius
2624 774 2771 837 aevi.
2832 774 3123 834 Emenda-

510 882 662 939 quae
691 866 919 922 tantam
942 863 1174 923 invenit
1191 864 1693 939 approbationem,
1716 871 1786 923 ut
1841 861 1931 920 vit
1979 862 2283 937 ediditque
2329 868 2635 940 praeterea
2674 864 2735 922 F.
2786 863 3123 923 Pacifici

509 954 730 1011 iterum
762 972 828 1012 ac
858 952 1076 1012 iterum
1125 955 1330 1012 auctor
1360 973 1486 1012 eam
1519 957 1785 1030 repetere
1840 951 2225 1011 Novariensis
2277 953 2340 1012 Ο.
2374 953 2514 1011 Min.
2549 953 2681 1011 Obs.
2715 954 3017 1012 Summam
3050 956 3125 1012 de

510 1045 835 1119 cogeretur,
869 1041 1083 1101 Romae
1124 1052 1320 1113 1596;
1373 1052 1555 1106 1767.
1618 1042 1784 1102 Hanc
1831 1041 2079 1115 pacifica
2136 1043 2495 1119 conscientia,
2561 1042 2882 1101 Mediolani
2936 1051 3125 1105 1479.

508 1132 834 1191 orationem
884 1130 1071 1190 Aldus
1133 1132 1532 1191 Manutius
1575 1132 1785 1208 junior
1841 1161 1928 1173 —-
1959 1130 2297 1189 Joannes
2358 1130 2430 1189 de
2491 1130 2900 1190 Weilheim
2963 1131 3121 1191 OSB.

508 1220 908 1296 reimprimere
955 1221 1187 1280 curavit
1231 1225 1295 1287 et
1336 1220 1566 1299 Angelo
1598 1222 1787 1281 Rocca
1841 1218 2003 1293 prior
2032 1220 2392 1278 mellicensis
2428 1215 2490 1302 (†
2528 1216 2744 1301 1482),
2792 1221 2962 1296 cujus
3009 1221 3118 1280 tri-

508 1310 745 1368 cumbis
765 1311 957 1369 verbis
988 1309 1240 1369 dicavit:
1278 1310 1653 1378 ,Ciceronem
1687 1330 1782 1370 ro·
1843 1308 1977 1381 plex
2021 1308 2190 1367 labor
2233 1309 2455 1367 mansit
2499 1309 2761 1368 ineditus
2778 1310 2827 1388 ¹)
2861 1343 2947 1354 —-
2978 1329 3123 1387 prae

507 1418 715 1459 manae
763 1400 1134 1474 eloquentiae
1180 1403 1485 1475 parentem
1547 1404 1782 1475 aequat,
1840 1396 2045 1472 primis
2079 1416 2217 1456 vero
2248 1398 2287 1455 J
2304 1397 2590 1457 acobus
2623 1399 2850 1457 Perez
2900 1399 2972 1457 de
3004 1399 3123 1457 Va·

506 1488 1160 1564 materiaproculdubio
1175 1490 1783 1564 superat.‘—Petro
1843 1485 2027 1544 lentia
2060 1482 2277 1567 (Jaime
2310 1482 2511 1569 Perez)
2548 1488 2611 1546 Ο.
2647 1487 2701 1546 S.
2735 1489 2887 1565 Aug.
2938 1491 3123 1547 natus

506 1578 576 1636 de
612 1578 872 1636 Rubeis
897 1573 993 1659 (de
1010 1577 1227 1649 Bossia,
1245 1574 1524 1655 Russius)
1553 1596 1598 1636 s.
1616 1579 1782 1638 theo·
1838 1574 1902 1632 in
1952 1575 2164 1650 oppido
2213 1578 2412 1652 Ayora
2460 1576 2741 1636 dioecesis
2788 1577 3137 1647 OriolenSiS›.

505 1666 696 1744 logiae
745 1667 1029 1743 magistro
1081 1664 1143 1748 (†
1181 1662 1375 1748 1477)
1426 1668 1783 1727 tribuuntur
1839 1664 2173 1739 provinciae
2234 1684 2373 1723 suae
2432 1667 2823 1742 praeposituS‚
2888 1666 3123 1742 aliquot

507 1755 925 1814 commentaria
954 1756 1016 1813 in
1050 1774 1092 1814 s.
1128 1755 1508 1832 Scripturam‚
1561 1757 1623 1814 in
1654 1759 1778 1815 Au·
1838 1753 2254 1812 coenobiorum
2286 1754 2541 1813 vicarius
2573 1755 2865 1833 generalis
2882 1758 2942 1813 et
2962 1753 3116 1832 epis-

505 1844 734 1921 gustini
767 1863 915 1921 opus
949 1844 1020 1902 de
1054 1845 1297 1903 civitate
1319 1845 1442 1915 Dei,
1478 1846 1542 1903 in
1561 1846 1779 1922 magis-
1837 1861 2019 1917 copus
2052 1843 2356 1902 auxiliaris
2406 1842 2674 1903 Roderici
2705 1844 2955 1919 Borgiae
2988 1862 3117 1902 car-

505 1938 664 1992 trum
689 1934 1139 2005 sententiarum,
1175 1934 1236 1992 in
1256 1934 1421 1992 varia
1441 1935 1780 1995 Aristotelis
1837 1931 2074 2001 dinalis‚
2108 1931 2213 2006 qui
2244 1932 2621 2008 postmodum
2653 1933 2771 1992 fuit
2800 1934 3019 1992 electus
3052 1933 3119 1993 in

507 2042 683 2099 opera
715 2023 938 2101 (omnia
972 2018 1238 2103 inedita).
1303 2023 1558 2098 Insuper
1586 2025 1780 2083 conti·
1838 2020 2174 2095 pontificem
2226 2022 2338 2079 sub
2388 2022 2623 2081 nomine
2667 2022 2987 2081 Alexandri
3023 2022 3117 2080 VI.

504 2113 715 2171 nuavit
731 2108 775 2192 ¹)
807 2113 1106 2171 historiam
1133 2112 1642 2174 senensemahss
1663 2133 1780 2171 an·
1840 2106 1901 2190 (†
1943 2106 2148 2192 1490).
2211 2110 2357 2185 Ejus
2403 2114 2547 2170 sunt
2579 2112 2811 2170 Centum
2864 2119 2911 2169 et
2944 2114 3113 2188 quin-

506 2201 684 2260 dino
760 2200 833 2260 de
895 2202 1343 2260 Bartholom
1363 2200 1518 2259 aeis
1579 2202 1779 2277 legum
1838 2201 2117 2275 quaqinta
2169 2200 2392 2273 psalmi
2453 2219 2586 2259 cum
2648 2200 3121 2278 diligentissima

504 2290 829 2366 interprete
862 2291 933 2348 ab
968 2311 1014 2348 a.
1059 2299 1487 2354 1402—1422
1526 2290 1779 2367 produc·
1838 2288 2017 2345 etiam
2066 2289 2383 2347 titulorum
2434 2288 2700 2348 omnium
2749 2289 3116 2366 expositione

503 2382 644 2451 tam,
708 2398 842 2438 cum
903 2380 1093 2438 Fran
1113 2379 1222 2437 cis
1241 2399 1320 2438 co
1371 2379 1520 2438 Tho
1539 2380 1780 2439 masio
1838 2380 1898 2435 et
1913 2395 2047 2435 cum
2062 2376 3116 2437 adchristianamfidemsolertissima

504 2469 632 2544 ejus
663 2472 984 2544 pronepote
1016 2468 1090 2527 ad
1120 2488 1168 2526 a.
1211 2477 1394 2531 1468.
1428 2468 1512 2527 Ea
1530 2473 1621 2527 est
1641 2469 1780 2528 stilo
1836 2466 2026 2524 totius
2042 2467 2374 2542 prophetici
2390 2468 2676 2526 sermonis
2700 2468 3112 2543 applicatione.

504 2558 760 2633 eleganti
808 2558 1143 2632 conscripta
1187 2561 1246 2615 ct
1295 2559 1590 2632 reperitur
1620 2558 1780 2632 apud
1839 2555 2106 2613 Accessit
2135 2554 2208 2613 ad
2242 2556 2381 2614 haec
2411 2560 2485 2615 tr.
2518 2565 2719 2615 contra
2739 2556 3016 2632 Judaeos,
3050 2558 3115 2615 in

501 2646 790 2708 Muratori
834 2647 991 2706 inter
1023 2646 1120 2706 SS.
1153 2665 1260 2705 rer.
1295 2646 1357 2705 it.
1391 2645 1511 2718 XX,
1549 2657 1779 2712 5—54.
1838 2662 1956 2719 quo
2012 2654 2044 2706 5
2098 2662 2196 2719 qq.
2246 2644 2673 2705 subtilissimae
2734 2647 3124 2707 continentur

1839 2733 2198 2792 decisiones:
2233 2734 2515 2810 adiicitur
2546 2735 2609 2793 in
2631 2735 2744 2794 fine
2777 2736 3114 2812 symbolum

595 2835 739 2887 494.
791 2826 1055 2884 Psalmos
1124 2824 1507 2883 illustrarunt
1554 2825 1777 2885 Theo·
1839 2841 1882 2880 s.
1904 2822 2214 2881 Athanasii
2247 2842 2381 2882 cum
2400 2824 2785 2899 expositione,
2810 2825 3121 2885 Valentiae

501 2914 816 2972 dericus
867 2914 938 2972 de
985 2914 1284 2973 Herxen
1334 2932 1517 2989 prope
1564 2914 1780 2973 Zwolle
1846 2920 2038 2983 1484,
2100 2921 2299 2983 14933
2351 2913 2596 2973 Parisiis
2657 2924 2853 2991 1509;
2911 2924 3112 2984 1518;

499 3002 620 3060 ord.
673 3003 927 3061 fratrum
976 3002 1323 3061 clericorum
1370 3002 1433 3061 in
1479 3005 1780 3063 communi
1836 3000 2114 3076 Lugduni
2151 3011 2349 3072 1499;
2390 3012 2586 3073 1514;
2623 3002 2886 3061 Venetiis
2928 3012 3112 3074 1526;

495 3091 828 3150 viventium
887 3095 1097 3161 rector,
1161 3090 1267 3167 qui
1315 3091 1601 3150 familiam
1663 3093 1777 3151 sibi
1845 3099 2005 3153 1586
2029 3093 2071 3148 t.
2099 3099 2132 3152 2
2156 3089 2218 3148 in
2253 3101 2288 3153 4
2324 3095 2433 3150 etc.
2465 3094 2693 3151 Auctor
2723 3093 2785 3150 in
2817 3093 2926 3151 hoc
2959 3110 3110 3151 com·

498 3180 873 3239 commissam
892 3181 1128 3257 egregie
1148 3179 1609 3244 administravit.
1641 3182 1776 3241 Flo·
1833 3179 2125 3239 mentatio
2190 3180 2461 3255 alioquin
2521 3182 2770 3257 pulchro
2820 3181 3110 3241 literalem

494 3269 685 3328 ruisse
717 3269 936 3328 dicitur
955 3290 988 3329 a
1008 3269 1330 3330 Trithemio
1363 3290 1410 3328 a.
1456 3280 1637 3341 1476,
1671 3272 1776 3330 sed
1832 3268 2169 3344 Scripturae
2200 3287 2441 3328 sensum
2472 3271 2594 3329 fere
2624 3270 2881 3348 negligit
2910 3271 3110 3330 inten-

493 3357 568 3417 ab
598 3359 729 3417 aliis
755 3360 876 3434 jam
905 3369 1066 3424 1457
1088 3359 1322 3423 obiisse.
1354 3359 1536 3421 Plura
1555 3361 1775 3436 sciipta
1829 3360 1931 3416 tus
1965 3358 2280 3433 allegoriae
2321 3378 2395 3419 ac¹
2430 3360 2715 3435 mysticae
2765 3359 3111 3438 intelligen—

491 3448 740 3510 ascetica
833 3449 1105 3525 reliquit:
1198 3448 1420 3525 prodiit
1532 3453 1772 3509 tantum
1828 3446 1965 3517 tiae,
2009 3448 2336 3522 multisque
2382 3448 2683 3507 variarum
2725 3449 3109 3508 scientiarum

491 3540 816 3597 exercitium
863 3540 1185 3598 dominicae
1224 3540 1540 3614 passioni&
1601 3549 1765 3602 1492
1826 3533 2295 3613 digressionibus
2327 3537 2637 3596 redundat.
2701 3539 2940 3597 Cantica
2971 3558 3107 3596 can-

488 3626 550 3686 in
586 3638 642 3698 8,
677 3628 805 3692 sine
849 3629 1148 3687 mentione
1193 3627 1322 3689 loci.
1367 3661 1455 3670 —
1500 3629 1770 3687 Henri-
1827 3624 2133 3708 cicorum)
2169 3645 2300 3684 cum
2321 3627 2683 3702 expositione
2715 3627 3111 3686 disertissima

488 3734 618 3780 cus
670 3718 742 3776 de
787 3718 928 3776 Loe
980 3713 1189 3799 (Loen)
1251 3716 1637 3776 Lovaniensis
1698 3737 1769 3777 ex

485 3805 694 3882 primis
744 3807 924 3883 hujus
974 3807 1141 3865 urbis
1203 3806 1532 3864 academiae
1593 3806 1767 3864 disci·
1904 3814 1941 3893 ι)
1968 3811 2106 3882 Ejus
2147 3813 2266 3866 vita
2304 3830 2338 3867 a
2377 3814 2601 3868 duobus
2646 3814 2936 3869 sodalibus
2978 3831 3103 3870 con·

485 3896 641 3970 pulis
693 3897 756 3955 Ο,
807 3895 1021 3964 carth„
1071 3896 1304 3969 aliquot
1367 3898 1765 3954 conventuum
1824 3886 2034 3953 scripta
2061 3885 2344 3955 reperitur
2368 3886 2430 3937 in
2457 3885 2563 3939 Pez
2594 3884 2729 3940 bibl.
2758 3893 2926 3948 ascet,
2956 3887 3107 3956 Vm,

484 3986 644 4059 ΡΥῘΟΓ
676 3988 736 4043 et
767 3985 1100 4060 Provinciae
1134 3985 1403 4043 ViSitator
1437 3980 1518 4062 (n.
1565 3995 1724 4047 14⁰6
1751 4006 1764 4055 ἶ
1823 3957 2130 4094 ὃΒέζΓΞΐιξζο
2160 4026 2366 4080 librum
2397 4030 2689 4096 praeterea
2720 4033 3105 4098 exposuerunt

485 4071 545 4152 (†
599 4069 809 4152 1481)-
863 4108 946 4117 -·
997 4073 1246 4131 Thomas
1311 4072 1347 4129 S
1366 4072 1661 4131 Chifssld
1680 4092 1764 4131 ΠΒ
1818 4097 2146 4151 Joannes
2200 4097 2465 4152 Russel
2518 4098 2847 4163 (Rosseliusi
2889 4103 3101 4157 theolo-

482 4162 545 4221 Ο.
579 4162 691 4232 Pr„
739 4162 811 4220 de
857 4181 976 4238 quo
1022 4162 1189 4220 infra.
1240 4194 1328 4204 -—·
1360 4161 1399 4219 J
1415 4182 1449 4220 a
1467 4180 1496 4218 c
1510 4181 1542 4220 o
1559 4161 1597 4219 b
1613 4181 1654 4220 u
1669 4180 1697 4220 s
1709 4156 1763 4244 ²)
1817 4167 1946 4237 giae
1999 4169 2212 4233 doctor,
2265 4169 2565 4239 episcopus
2605 4167 2995 4227 lincolniensis
3045 4177 3104 4228 et

480 4251 552 4310 de
586 4251 953 4327 oppenheim
988 4251 1142 4309 0813,
1177 4247 1238 4328 (1-
1273 4245 1478 4330 ι493),
1513 4284 1601 4293 -.
1634 4251 1759 4310 Ga-
1819 4241 2061 4309 Angliae
2112 4241 2483 4295 cancella-rius
2532 4247 2579 4366 (g
2614 4247 2699 4299 30.
2744 4244 2874 4298 Dec.
2921 4248 3102 4325 1494)-

477 4340 681 4399 briel
729 4340 1068 4400 Brebbia
1114 4340 1566 4399 Mediolanensis
1601 4341 1757 4398 oss.
1817 4311 2204 4382 Benignuss
2247 4312 2514 4394 92150·
2589 4315 3100 4416 ‚Aug-Januenffl

1816 4383 1889 4448 (fl.
1937 4388 2094 4455 1486)
2138 4417 2202 4425 ·—-
2244 4384 2502 4439 Esaias
2543 4383 2855 4439 Patavinae
2896 4405 3017 4441 can.
3053 4404 3097 4443 r.

477 4449 674 4508 congr·
709 4448 753 4488 ³·
786 4429 1077 4500 ‘Iustinae’
1126 4429 1231 4506 qni
1265 4429 1387 4488 suis
1417 4437 1757 4488 “mumma“
1813 4473 2003 4523 congr.
2031 4455 2130 4511 lat.
2160 4455 2235 4526 (fl.
2264 4460 2443 4526 1480),
2471 4458 2636 4524 cujus
2662 4457 2943 4528 expositio
2972 4475 3097 4530 pro·

1812 4527 1922 4582 diit
1998 4527 2252 4582 Venetiis
2332 4533 2473 4585 1504
2536 4560 2603 4569 —
2669 4528 3103 4584 Guilelmus

554 4604 589 4670 ¹)
618 4601 671 4653 N
675 4618 749 4655 on
777 4603 968 4654 tamen
1001 4616 1171 4671 super
1213 4616 1376 4654 omne
1405 4600 1642 4655 dubium
1669 4603 1757 4656 est
1811 4598 2137 4653 Blacken
2159 4615 2241 4668 ey
2280 4599 2499 4670 (Niger)
2546 4599 2608 4655 O.
2638 4599 2837 4666 Carm„
2883 4601 2985 4669 qui
3027 4601 3097 4655 de

472 4672 623 4727 hunc
665 4672 894 4726 Petrum
939 4670 1286 4726 Russium
1340 4690 1457 4726 esso
1509 4673 1753 4726 eundem
1810 4670 2137 4724 curiositate
2177 4670 2357 4723 nimia
2398 4670 2513 4724 fuit
2550 4675 2866 4736 accusatus,
2908 4673 2989 4726 ita
3030 4675 3098 4727 ut

472 4763 600 4799 cum
631 4743 796 4798 Petro
822 4745 892 4798 de
921 4743 966 4796 R
986 4763 1022 4798 u
1042 4744 1198 4798 beis
1227 4745 1288 4798 Ο.
1317 4743 1373 4802 S.
1399 4745 1550 4812 Aug.
1809 4745 2102 4810 tamquam
2158 4742 2414 4823 magicae
2476 4743 2617 4796 artis
2680 4744 2970 4798 studiosus
3023 4746 3098 4798 ab

544 4825 584 4884 2)
614 4817 696 4871 Cf.
737 4816 880 4871 Falk
920 4815 1158 4870 Studien
1201 4815 1318 4870 und
1357 4815 1619 4870 Mittheil.
1639 4833 1749 4871 aus
1808 4815 2071 4883 episcopo
2099 4814 2435 4868 norwicensi
2463 4816 2601 4868 dure
2629 4815 2806 4869 fuerit
2825 4821 3098 4885 exceptus

468 4888 596 4944 dem
623 4887 1205 4943 Benediktinerorden
1246 4887 1374 4942 XIX
1400 4892 1599 4960 (1898),
1626 4891 1750 4945 680.
1806 4897 1852 4958 (τ
1880 4889 2071 4956 1490);
2098 4887 2222 4956 ejus
2249 4885 2690 4940 commentarius
2709 4887 2940 4941 subtilis
2969 4903 3100 4958 pro·
