3475 5364
428 333 549 387 643

425 511 574 582 Aug.
625 505 912 573 Potthast,
961 501 1276 577 Gottingae
1324 510 1488 564 1859
1537 502 1600 559 in
1648 511 1703 562 4.

425 595 788 654 Aestimatur
832 592 904 650 ab
937 590 1187 649 eruditis
1231 590 1342 649 hoc
1373 591 1703 659 chronicon,

423 687 534 745 etsi
551 703 655 758 pro
668 681 1038 758 temporibus
1054 679 1449 738 anterioribus
1464 700 1512 738 a.
1539 691 1561 742 1
1579 689 1612 741 2
1625 690 1657 742 5
1668 692 1702 742 0

424 775 646 834 nullius
677 775 770 831 est
799 769 990 847 pretii.
1022 769 1370 845 Composuit
1399 769 1578 828 etiam
1611 787 1706 827 ca-

422 868 619 923 tenam
668 879 905 920 auream
949 859 1011 915 in
1069 869 1145 920 10
1198 878 1294 936 pp.
1341 857 1704 924 distinctam,

423 973 679 1031 quarum
712 948 1011 1026 quaelibet
1053 966 1159 1023 per
1202 966 1376 1006 ansas
1415 947 1709 1006 dividitur

423 1046 485 1102 et
513 1061 656 1102 ansa
687 1039 934 1115 quaevis
966 1055 1071 1112 per
1103 1036 1497 1113 quaestiones,
1548 1036 1706 1095 unde

421 1152 490 1192 ea
533 1149 825 1190 summam
857 1125 1152 1202 quandam
1188 1126 1505 1186 constituit
1534 1127 1702 1185 theo·

420 1221 642 1298 logiae3
673 1222 748 1277 tr.
781 1217 853 1275 de
885 1216 1268 1291 conceptione
1292 1215 1550 1292 Virginis
1578 1216 1707 1290 glo-

421 1311 606 1369 riosae
628 1301 925 1390 (inedita).
959 1336 1045 1347 -
1077 1305 1535 1381 Ranulphus
1568 1300 1706 1387 (Ra-

422 1394 708 1476 dulphus)
743 1395 933 1471 Higd
952 1410 1142 1453 enus
1164 1390 1459 1475 (Hygden,
1496 1395 1706 1452 Hicke-

423 1484 562 1569 den)
599 1488 661 1546 Ο.
697 1489 749 1546 S.
782 1485 925 1542 Ben.
956 1485 1275 1542 monachus
1296 1483 1610 1542 cestrensis
1645 1478 1707 1564 (†

434 1587 593 1641 1363
642 1597 690 1633 a.
725 1570 1032 1648 religionis
1069 1570 1177 1653 64)
1224 1572 1614 1649 Polychronici
1643 1573 1701 1630 ll.

423 1673 462 1726 7
495 1666 734 1741 scripsit
764 1662 838 1738 ab
870 1680 918 1719 0.
953 1679 998 1718 c.
1034 1661 1107 1720 ad
1138 1682 1188 1724 a.
1232 1671 1414 1729 1357,
1450 1680 1702 1737 quorum

421 1756 643 1832 priores
692 1771 788 1811 sex
837 1750 909 1808 ad
957 1770 1005 1808 a.
1047 1762 1210 1814 1065
1259 1752 1489 1827 primus
1520 1750 1705 1809 latine

421 1845 690 1922 vulgavit
730 1841 984 1899 Thomas
1020 1840 1164 1898 Gale
1213 1840 1373 1899 inter
1420 1840 1515 1898 SS.
1565 1839 1702 1897 hist.

420 1936 556 1995 brit.
599 1931 718 2000 XV,
775 1939 1139 1999 179—287,
1187 1929 1484 2005 professus
1529 1948 1600 1987 ea
1644 1947 1705 1986 se

421 2026 576 2094 dare,
624 2039 773 2097 quae
804 2018 876 2076 de
910 2020 1087 2076 rebus
1118 2018 1474 2078 britannicis
1520 2021 1582 2076 et
1613 2017 1704 2075 hi-

419 2113 670 2172 bernicis
719 2110 927 2167 auctor
972 2108 1299 2176 annotavit,
1352 2107 1582 2166 omissis
1608 2107 1702 2177 iis,

419 2222 571 2280 quae
613 2200 686 2259 ad
731 2203 960 2256 exteras
994 2200 1271 2271 spectant
1301 2199 1526 2273 gentes
1576 2197 1704 2255 Pri-

419 2311 553 2350 mus
586 2291 622 2348 1.
656 2285 891 2348 exhibet
921 2284 1373 2361 descriptionem
1409 2286 1564 2344 orbis
1598 2305 1706 2344 seu

419 2398 690 2457 mappam
713 2373 950 2441 mundi3
986 2375 1285 2451 integrum
1306 2375 1394 2433 ed.
1416 2393 1551 2433 cum
1571 2395 1703 2434 ver-

420 2471 584 2529 sione
599 2466 825 2544 anglica
843 2468 1080 2522 auctore
1090 2463 1130 2521 J
1131 2464 1424 2522 0.Trevisa
1437 2462 1496 2543 (†
1516 2476 1538 2527 l
1557 2474 1590 2525 4
1611 2476 1628 2526 1
1653 2475 1673 2525 1
1689 2509 1701 2532 ,

419 2560 492 2617 de
523 2577 642 2634 quo
673 2550 852 2630 infra)
899 2551 1232 2611 Churchille
1266 2553 1602 2629 Babington
1644 2556 1705 2611 et

417 2648 538 2710 Jos
584 2648 832 2705 Rawson
877 2640 1109 2718 Lumby
1155 2640 1410 2701 Londini
1450 2651 1703 2706 1865-

422 2747 501 2801 86
535 2740 579 2795 t.
605 2746 639 2798 9
674 2735 737 2792 in
773 2742 826 2793 8.
860 2730 1042 2809 (inter
1072 2750 1185 2795 rer.
1207 2731 1342 2790 brit.
1364 2731 1543 2790 medii
1573 2733 1702 2791 aevi

420 2826 516 2885 SS.
549 2846 606 2883 n.
644 2820 770 2900 41).
818 2821 1004 2878 Suum
1051 2838 1201 2896 opus
1250 2839 1359 2889 ,ex
1391 2820 1570 2878 variis
1614 2821 1702 2878 hi—

420 2913 654 2974 storicis
673 2911 974 2986 eleganter
991 2910 1308 2967 admodum
1324 2910 1704 2968 concinnavit

420 3005 681 3080 integras
699 3019 766 3060 ac
779 2999 1036 3074 prolixas
1065 2999 1317 3058 aliorum
1333 3000 1526 3074 seipso
1547 2999 1702 3057 anti-

420 3094 692 3168 quiorum
756 3088 1001 3146 lacinias
1057 3089 1347 3157 intexenS,
1417 3088 1702 3163 appositis

416 3187 617 3240 tamen
647 3176 1038 3254 singulorum,
1087 3197 1121 3235 a
1167 3176 1386 3251 quibus
1431 3182 1701 3253 acceptae

418 3277 578 3339 sunt,
613 3265 955 3329 nominibus
990 3267 1388 3343 adjunctaque
1421 3267 1494 3324 ab
1516 3266 1699 3325 Abra·

420 3359 575 3419 hami
621 3356 994 3431 temporibus
1043 3355 1360 3430 marginali
1411 3375 1698 3415 annorum

420 3448 876 3527 supputatione:
940 3445 1098 3504 unde
1149 3445 1244 3502 vix
1294 3445 1470 3503 aliam
1523 3464 1700 3520 quam

417 3537 820 3615 compilatoris
842 3536 1091 3612 gloriam
1125 3534 1361 3601 meruit,
1395 3534 1511 3593 nisi
1541 3535 1700 3609 quod

419 3629 457 3686 1.
479 3628 690 3687 ultimo
721 3626 786 3684 in
817 3625 994 3683 rebus
1027 3624 1210 3683 aetati
1245 3642 1387 3682 suae
1417 3624 1701 3700 proximis

419 3719 613 3776 multa
644 3736 676 3775 e
708 3734 816 3774 suo
849 3734 1009 3790 penu
1038 3713 1377 3776 inseruerit.
1410 3713 1698 3788 Compila-

417 3808 563 3866 toris
594 3816 796 3865 tamen
825 3822 1044 3862 munus
1089 3809 1212 3861 tam
1256 3802 1489 3879 egregie
1533 3821 1699 3878 prae-

419 3897 593 3964 stitit,
640 3899 711 3954 ut
743 3894 916 3969 pauci
948 3892 1265 3951 admodum
1298 3912 1366 3950 ex
1402 3892 1698 3951 historicis

420 3985 610 4062 anglis
660 3983 791 4052 fide,
844 3982 1138 4059 gravitate
1185 4000 1250 4039 ac
1290 3981 1518 4055 judicio
1565 3999 1697 4039 cum

417 4093 486 4133 eo
530 4072 868 4132 conferendi
914 4071 1170 4128 veniant.
1234 4068 1455 4138 Quanti
1501 4074 1700 4128 autem

417 4182 568 4239 opus
600 4161 778 4231 istud,
811 4161 953 4218 licet
971 4163 1309 4235 excerptum
1344 4160 1418 4217 ab
1441 4160 1695 4218 anterio·

417 4252 598 4321 ribuS,
633 4250 830 4309 meriti
863 4250 1019 4325 apud
1051 4248 1277 4325 Anglos
1309 4248 1508 4315 fuerit,
1535 4248 1698 4324 judi-

418 4345 554 4401 cent
585 4341 830 4399 lectores
878 4358 947 4397 ex
978 4337 1367 4396 multitudine
1399 4357 1566 4396 mssc.
1602 4355 1696 4397 co-

417 4432 632 4500 dicum,
651 4429 756 4504 qui
771 4430 841 4488 ad
863 4439 941 4491 20
958 4428 1571 4503 assurguntinAnglia
1584 4425 1650 4508 ¹):
1668 4435 1695 4465 ⁴³

418 4603 631 4684 fahlen)
659 4603 800 4658 1898
824 4603 1089 4663 90-103,
1118 4598 1219 4652 ubi
1245 4598 1367 4667 ejus
1396 4598 1694 4667 prologum

418 4672 686 4729 exhibet
672 4690 732 4727 111
758 4676 1016 4725 catenam
1045 4686 1294 4732 auream,
1320 4668 1382 4721 in
1410 4687 1524 4737 quo
1553 4671 1599 4722 H
1607 4685 1698 4723 en

416 4747 569 4801 ricus
594 4761 699 4799 sua
724 4744 846 4814 ipse
870 4744 1128 4797 recenset
1151 4741 1378 4811 scripta.

497 4824 535 4890 ¹)
561 4817 753 4871 Oudin
773 4816 1037 4880 111,1027.
1067 4814 1150 4869 Cf.
1169 4811 1698 4866 BraunmiillerKL.

421 4891 484 4953 V
511 4878 669 4947 2039.
1577 4904 1588 4949 ,Ι

843 319 1212 372 1351—1375.
1241 315 1492 370 Historia
1518 314 1649 370 eccl.
1678 315 2038 385 Ranulphus,
2069 316 2407 372 AmalricuS.
2438 317 2644 381 Roscii,

2922 337 3047 389 644

1763 502 1881 560 imo
1914 503 2079 561 ultra
2106 506 2346 561 centum
2374 507 2526 562 teste
2545 504 2814 562 Potthast
2829 524 2884 579 p.
2902 514 3046 568 952.

1763 591 1920 650 Illud
1954 592 2330 651 continuavit
2359 591 2552 651 Joan
2570 611 2700 651 nes
2731 593 2789 651 M
2808 592 3047 652 alver-

1762 699 1999 739 naeus
2032 681 2096 739 O.
2131 680 2185 739 S.
2221 682 2361 740 Ben.
2408 682 2857 758 wingorniensis
2890 683 2964 740 ab
2998 703 3046 741 a.

1771 779 2225 838 1381—1394,
2278 789 2429 845 quae
2473 771 2840 830 continuatio
2885 771 3050 831 edita

1763 860 1882 917 fuit
1933 879 1968 917 a
2018 859 2251 935 Lumby
2303 878 2396 935 op.
2447 860 2545 918 cit.
2596 861 2693 928 lx,
2755 871 3045 924 1—283.

1764 949 1927 1024 Opus
1958 949 2191 1025 anglice
2210 951 2470 1008 verterat
2499 952 2732 1025 praeter
2750 951 2897 1009 alios
2920 951 3045 1026 jam

1764 1036 2112 1119 Caxtonl)
2161 1042 2341 1114 atque
2373 1039 2447 1097 ad
2480 1059 2528 1096 a.
2574 1049 2734 1101 1460
2771 1057 3043 1115 prosecu-

1762 1131 1864 1185 tus
1896 1131 1987 1185 est
2014 1126 2219 1186 addito
2252 1128 2290 1184 1.
2327 1137 2402 1192 8..
2453 1147 2630 1204 quem
2682 1128 2859 1186 habes
2907 1128 3044 1187 ibid.

1765 1217 1920 1286 VIII,
1971 1225 2337 1279 522—587.
2386 1217 2660 1294 Higdeno
2692 1218 3047 1277 tribuuntur

1763 1308 1937 1382 plura
1970 1305 2086 1364 alia
2117 1305 2389 1384 (inedita)
2425 1313 2496 1364 ut
2527 1305 2845 1383 Speculum
2879 1325 3046 1366 cura—

1764 1399 1981 1464 torum,
2016 1394 2427 1453 distinctiones
2458 1395 2836 1472 theologicae,
2889 1415 3044 1454 com-

1764 1484 2039 1543 mentarii
2088 1484 2151 1541 in
2200 1486 2235 1542 l.
2287 1484 2393 1543 Jos
2461 1487 2523 1542 et
2573 1485 2810 1544 Cantica
2861 1488 3045 1544 canti-

1763 1593 1979 1632 corum.

1855 1760 1997 1814 330.
2048 1752 2450 1809 Romanorum
2487 1750 3045 1826 pontificium'actus

1760 1844 2005 1899 narrant
2049 1839 2485 1899 Amalricus
2528 1841 2857 1918 Augerii
2890 1843 2955 1901 Ο.
2989 1842 3042 1901 S.

1761 1930 1912 2006 Aug.
1947 1929 2167 1999 Genua,
2201 1929 2393 2005 patria
2426 1929 2847 1999 Biterricensis,
2883 1931 3045 2006 prior

1760 2019 2103 2078 monasterii
2122 2038 2164 2076 e.
2182 2019 2400 2076 Mariae
2425 2018 2498 2076 de
2514 2020 2822 2095 Asprian0,
2840 2020 3045 2079 doctor

1760 2109 1823 2167 in
1838 2109 2231 2167 universitate
2246 2109 2812 2183 montepesulanaac
2825 2109 3043 2168 Urbani

1764 2197 1824 2256 V.
1838 2197 2173 2274 capeUanus
2194 2193 2273 2278 (fl.
2303 2208 2323 2258 1
2341 2207 2418 2259 36
2429 2193 2513 2276 0),
2530 2197 2593 2255 111
2606 2198 2884 2258 Chronico
2890 2217 3040 2274 pon-

1760 2289 1976 2362 tificum
2023 2307 2128 2346 seu
2159 2305 2250 2362 op.
2285 2285 2568 2362 inscripto
2600 2289 2783 2346 Actus
2806 2287 3043 2363 pontifi·-

1759 2395 1890 2434 cum
1939 2394 2316 2435 romanorum
2378 2394 2570 2450 usque
2631 2376 2704 2434 ad
2753 2376 3045 2436 Joannem

1759 2465 1936 2524 XXII.
1969 2485 2075 2524 seu
2105 2464 2179 2523 ad
2212 2484 2261 2522 a.
2303 2473 2455 2526 1321
2516 2465 2841 2524 secundum
2884 2467 3042 2525 ordi-

1759 2574 1892 2612 nem
1924 2554 2379 2629 alphabeticum,
2414 2554 2675 2628 exeerpti
2708 2573 2776 2611 ex
2810 2555 3040 2614 chroni-

1760 2644 1844 2703 cis
1898 2653 2042 2706 209.
2106 2641 2308 2701 Edidit
2358 2642 2508 2701 illud
2558 2643 2778 2702 Eccard
2838 2644 3042 2704 ordine

1760 2733 2172 2808 chronologico
2233 2731 2592 2806 dispositum
2653 2752 2744 2807 op.
2805 2733 2903 2791 cit.
2967 2734 3041 2804 11,

1770 2831 1921 2884 1641
1950 2829 2247 2889 -1824‚
2300 2821 2590 2880 Muratori
2630 2821 2786 2879 inter
2834 2822 3040 2898 Script.

1758 2930 1868 2969 rer.
1903 2911 1966 2969 it.
2000 2910 2086 2967 111
2120 2930 2174 2985 p.
2213 2919 2267 2977 2,
2310 2909 2411 2967 sed
2440 2910 2869 2984 interpolatum
2902 2911 3041 2969 vitis

1757 3000 2009 3058 aliorum
2053 3002 2380 3058 auctorum.
2436 2999 2743 3057 Laudatur
2788 3019 2823 3058 a
2854 3000 3039 3075 Spon-

1759 3090 1911 3147 dano
1943 3092 2015 3147 ut
2045 3088 2528 3166 chronographus
2560 3087 2749 3147 fidelis
2781 3095 2841 3147 et
2871 3106 3040 3149 accu—

1758 3181 1941 3237 ratus.
1972 3212 2059 3223 —-
2090 3174 3039 3261 Nicolausssosellffloselli)

1759 3267 2055 3343 Majoricis
2089 3268 2428 3326 Balearium
2458 3267 2792 3325 insularum
2825 3271 3040 3326 metro-

1759 3357 1878 3432 poli
1922 3376 1978 3414 n.
2025 3360 2117 3415 est
2164 3366 2218 3419 3.
2255 3356 2401 3415 Nov.
2446 3364 2627 3419 1314.
2692 3356 2848 3415 Puer
2890 3377 2925 3416 a
2967 3367 3037 3419 13

1758 3446 2059 3520 ingressus
2081 3450 2174 3504 est
2194 3445 2462 3504 ordinem
2481 3465 2523 3503 s.
2548 3445 2849 3508 Dominici.
2871 3446 3041 3504 Post-

1759 3555 1936 3608 quam
1980 3536 2044 3593 in
2076 3535 2255 3593 variis
2288 3534 2619 3611 Aragoniae
2651 3535 3040 3594 conventibus

1758 3624 1993 3683 lectoris
2052 3623 2313 3698 primarii
2364 3642 2609 3682 munere
2671 3642 2804 3682 cum
2867 3624 3040 3682 laude

1756 3712 1997 3772 functus
2041 3718 2149 3783 est,
2210 3713 2524 3772 Clementis
2559 3712 2651 3772 VI.
2685 3715 3041 3772 auctoritate

1757 3822 1801 3860 s.
1823 3802 2151 3879 theologiae
2170 3802 2512 3861 licentiatus
2544 3804 2638 3859 est
2655 3802 3040 3861 renunciatus

1774 3903 1864 3954 ιο.
1917 3891 2048 3950 Jan.
2110 3899 2292 3955 1349.
2359 3890 2668 3950 Communi
2717 3891 3042 3949 electorum

1758 3980 2043 4058 suffragio
2078 3983 2422 4056 assumptus
2467 3986 2559 4037 est
2603 3979 2665 4038 in
2712 3980 3039 4055 provincia·

1756 4071 1889 4139 lem,
1954 4088 2086 4129 mox
2148 4070 2465 4129 Clementis
2531 4067 2623 4126 VI.
2687 4069 3041 4128 auctoritate

1754 4159 2057 4236 pontificia
2100 4178 2279 4236 super
2338 4158 2635 4217 defectum
2685 4159 2899 4217 aetatis
2950 4159 3040 4216 di-

1757 4252 2074 4325 spensante
2107 4246 2228 4329 (vix
2265 4269 2313 4307 a.
2352 4258 2449 4311 36.
2483 4247 2694 4305 aetatis
2730 4244 3038 4326 attigerat)

1754 4338 2044 4414 generalis
2107 4339 2171 4396 in
2221 4338 2548 4414 Aragoniae
2596 4339 2658 4394 et
2705 4337 3041 4396 cataloniae

1837 4530 1869 4593 Ι)
1900 4524 2006 4580 Hic
2051 4524 2480 4579 Guilelmus
2526 4526 2808 4578 Caxton
2855 4524 3039 4578 clarus

1754 4614 1805 4650 a.
1833 4602 1973 4654 1460
2009 4596 2173 4659 (vixit
2199 4605 2391 4650 tamen
2418 4596 2606 4650 adhuc
2635 4600 2795 4665 1483)
2820 4594 3041 4677 primus

1753 4668 1988 4723 induxit
2044 4667 2489 4749 typographiam
2554 4668 2614 4720 in
2663 4666 2931 4735 Angliam
2983 4668 3042 4719 et

1757 4757 1930 4809 quam
1959 4739 2208 4810 plurima
2246 4739 2556 4794 latinorum
2597 4739 2812 4807 scripta
2854 4737 2915 4790 iu
2943 4753 3041 4789 an·

1755 4812 1963 4883 glicam
2004 4811 2264 4881 linguam
2309 4811 2492 4865 vertit.
2544 4811 2626 4865 cf.
2669 4808 2959 4864 Fabricius
3000 4811 3039 4873 1,

1757 4887 1878 4939 338.
