3475 5364
405 364 429 415 1
448 364 483 415 4
493 362 526 415 2
537 363 570 416 9
1222 346 1511 416 Pelei-gns,
1539 346 1804 417 Stempeh
1834 345 2207 401 Kleindienst.
2851 366 2874 417 1
2888 364 2922 416 4
2932 363 2966 416 3
2976 364 3015 415 0

404 532 608 609 lingua
639 531 993 608 germanica,
1027 532 1105 590 ib.
1149 540 1347 602 15283
1379 531 1677 607 Hypera-9·
1752 541 1806 593 5.
1853 531 1975 589 Jul.
2018 541 2198 594 1561.
2229 564 2313 574 —-
2347 530 2609 590 Joannes
2655 531 3013 607 Stempel,

390 623 619 696 pisinus
651 621 771 680 sive
793 621 1195 697 propugnatio
1218 621 1538 697 apologiae,
1561 639 1679 696 quo
1734 619 1838 695 qui
1905 638 1968 678 se
2049 621 2483 679 Pesselium
2557 621 3013 697 cognominavit,

400 710 792 768 eucharistiae
823 710 1176 768 sacrificium
1207 710 1281 768 ab
1314 709 1677 784 oecolampa-
1733 708 1891 767 Tilae
1945 705 2127 790 (unde
2177 712 2239 768 et
2287 709 2617 768 Tilanus
2677 707 2895 791 dictus)
2950 712 3014 769 in

398 798 574 857 diana
624 799 924 858 calumnia
973 802 1212 859 strenue
1261 799 1564 869 asseritur,
1598 798 1676 859 ib.
1733 797 1975 857 Geldria
2004 803 2198 871 natus,
2249 818 2293 856 s,
2340 798 2673 875 theologiae
2720 799 3015 874 professor

409 897 591 955 1529,
614 888 652 951 1.
674 888 914 947 solidus.
948 889 1047 947 sed
1084 889 1221 948 stilo
1243 888 1363 947 acri
1383 888 1676 963 conscrip-
1733 890 1794 944 et
1825 886 2012 945 studii
2045 890 2372 946 conventus
2407 887 2683 947 Coloniae
2716 906 2929 965 regens
2945 886 3011 969 ¹),

397 980 519 1035 tus.
583 976 802 1035 Verum
851 996 973 1036 non
1022 977 1359 1054 praevaluit
1404 977 1555 1035 ratio
1602 976 1675 1035 ad
1734 976 2039 1034 facultatis
2089 977 2454 1054 theologicae
2485 977 2743 1035 decanus
2780 974 3011 1059 (1542-

398 1066 853 1142 compescendas
871 1066 1078 1125 turbas
1095 1066 1400 1142 religiosas
1416 1066 1677 1124 Basileae
1734 1060 1845 1145 45)
1877 1065 2115 1125 fortiter
2145 1085 2207 1124 se
2240 1084 2376 1124 cum
2408 1067 2755 1142 Gropper
2786 1067 3010 1124 etBil-

398 1155 1332 1223 excitatae,sedvicitturbulenta
1356 1158 1418 1237 et
1435 1155 1675 1213 rebellis
1732 1155 1846 1212 lik
1908 1155 2188 1230 opposuit
2246 1153 2727 1214 innovationibus
2788 1156 3013 1213 archie-

399 1243 606 1303 factio:
640 1263 822 1319 quare
856 1244 1140 1321 Pelargus
1160 1244 1518 1321 Friburgum
1540 1262 1674 1303 con·
1731 1243 1957 1319 piscopi
1990 1244 2184 1302 Wied:
2237 1263 2355 1320 quo
2399 1244 2463 1301 in
2508 1244 2748 1320 negotio
2780 1242 3014 1303 iteratis

395 1332 602 1409 fugere
663 1337 898 1391 coactus
959 1337 1066 1392 est.
1129 1334 1222 1392 Ibi
1282 1336 1677 1391 commoratus
1733 1333 1964 1391 vicibus
2012 1332 2108 1390 ad.
2135 1334 2550 1408 imperatorem
2598 1332 2717 1391 fuit
2776 1333 3009 1392 missua.

399 1421 856 1497 quadriennium
932 1422 1266 1498 composuit
1339 1423 1516 1497 plura
1579 1417 1672 1503 (7)
1733 1421 1970 1480 Electus
2020 1426 2110 1481 est
2161 1443 2195 1481 a
2239 1422 2535 1480 sodalibus
2576 1422 2640 1479 in
2673 1422 3016 1496 provinciae

398 1511 684 1587 opuscula
728 1511 883 1570 bona
910 1514 970 1569 et
1005 1511 1194 1580 utilia,
1243 1530 1394 1586 quae
1415 1512 1675 1585 junctim
1732 1511 2139 1585 praepositum
2176 1508 2420 1592 (1545).
2485 1510 2674 1586 Opera
2724 1511 3009 1586 quaedam

396 1600 757 1676 prodierunt
789 1600 1056 1659 Coloniae
1102 1609 1262 1663 1534
1297 1601 1359 1658 in
1397 1608 1452 1661 8.
1487 1599 1673 1657 Fami·
1731 1599 2040 1658 doctorum
2071 1620 2106 1658 a
2135 1600 2365 1659 mendis
2398 1599 2737 1670 vindicavit,
2790 1606 2859 1659 ut
2890 1602 3011 1659 col-

397 1689 623 1747 liariter
684 1708 921 1764 quoque
970 1692 1349 1748 conversatus
1400 1690 1492 1747 est
1541 1707 1676 1747 cum
1731 1689 2044 1747 lectionem
2094 1708 2431 1748 sermonum
2477 1689 2822 1764 inscriptam
2867 1690 3011 1748 The·

396 1778 652 1847 Erasm0‚
718 1779 890 1853 cujus
967 1778 1434 1837 conversationis
1501 1779 1673 1836 testi·
1730 1796 1946 1835 saurus
1963 1796 2156 1849 novae,
2176 1778 2445 1837 Coloniae
2471 1786 2631 1841 1536
2651 1782 2691 1834 t.
2715 1786 2784 1849 23
2811 1788 3007 1843 1543:

395 1867 661 1926 monium
729 1871 821 1925 est
882 1868 919 1925 1.
980 1867 1333 1943 inscriptus:
1380 1890 1386 1896 ·
1413 1867 1676 1925 Bellaria
1731 1867 2143 1927 commentaria
2205 1867 2331 1926 Nic.
2395 1867 2727 1926 Gorrani
2806 1864 2900 1947 (cf.
2952 1887 3009 1942 p.

395 1957 783 2029 epistolarum,
848 1956 1140 2014 Erasmi
1204 1957 1334 2014 Rot.
1399 1952 1535 2038 (14)
1615 1958 1676 2014 et
1734 1951 1888 2035 416)
1935 1956 1999 2014 in
2044 1960 2301 2031 quatuor
2346 1956 2666 2033 evangelia,
2700 1957 2778 2015 ib.
2822 1966 3010 2026 15373

395 2045 597 2103 Ambr.
650 2045 959 2122 Pelargi
995 2042 1131 2126 (21)
1166 2045 1432 2104 vicissim
1462 2046 1672 2103 missa·
1730 2045 1995 2103 omnium
2046 2062 2291 2121 operum
2322 2046 2376 2103 d.
2409 2045 2842 2122 Augustini
2890 2049 3012 2119 epi-

394 2153 557 2205 rum3
609 2133 908 2209 adjectum
957 2138 1050 2192 est
1099 2135 1195 2192 his
1247 2134 1553 2192 Judicium
1605 2135 1673 2196 A.
1729 2141 1914 2192 tomen
1964 2135 2224 2209 primum
2278 2134 2518 2209 quidem
2562 2153 2668 2209 per
2717 2136 3009 2194 Joannem

394 2222 629 2300 Pelargi
674 2222 746 2282 de
792 2222 1292 2282 declarationibus
1324 2223 1555 2282 Erasmi
1599 2224 1673 2280 ad
1729 2222 2536 2304 Piscatorium(Fischer
2552 2223 2694 2282 olim
2709 2223 2774 2285 O.
2790 2224 3010 2293 Praed,

394 2330 672 2370 censuras
746 2313 1160 2389 theologorum
1234 2311 1670 2387 parisiensium,
1729 2312 1831 2369 sed
1878 2308 2229 2392 apostatam)
2279 2312 2713 2387 compendiaria
2757 2312 3008 2387 quadam

396 2401 668 2460 Coloniae
726 2410 892 2463 1539
942 2402 1006 2459 in
1056 2412 1110 2464 8.
1172 2400 1308 2459 Non
1358 2405 1674 2476 propterea
1729 2402 1824 2459 via
1856 2401 2161 2460 collectam
2207 2396 2544 2482 (Augustae
2574 2400 2641 2460 V.
2685 2398 2898 2481 1537),
2935 2401 3009 2460 ab

392 2494 595 2549 tamen
634 2491 848 2559 omnia,
881 2509 1031 2565 quae
1071 2490 1350 2548 Erasmus
1388 2490 1670 2560 ediderat,
1726 2491 1856 2565 ipso
1874 2491 2237 2566 recognitam
2258 2494 2318 2549 et
2333 2492 2661 2549 multorum
2684 2489 3012 2566 adjectione

392 2579 702 2657 probavit:
737 2598 874 2637 nam
905 2579 1155 2654 reliquit
1185 2582 1578 2637 annotationes
1608 2580 1672 2637 in
1728 2579 2169 2655 locupletatam,
2234 2579 2505 2638 Coloniae
2565 2588 2761 2642 1542:
2823 2589 3006 2642 1549.

393 2689 476 2739 ea,
510 2688 662 2745 quae
695 2668 977 2727 Erasmus
997 2688 1116 2729 non
1133 2668 1455 2728 orthodoxe
1489 2668 1670 2744 scrip·
1729 2668 1936 2744 Opera,
1959 2688 2120 2743 ‚quae
2149 2668 2276 2745 ipse
2317 2669 2729 2746 composuerit,
2759 2688 2879 2728 non
2917 2668 3006 2728 vi-

394 2759 489 2817 sit.
554 2758 866 2834 Friburg0‚
901 2759 1006 2816 ubi
1037 2758 1378 2816 doctoratus
1409 2759 1670 2816 lauream
1726 2759 1947 2817 dentur
1977 2759 2282 2833 prodiisse.
2332 2757 2719 2833 Aliquamdiu
2753 2758 3012 2816 Viennae

390 2847 736 2923 promeruit,
801 2847 1070 2906 Treviros
1132 2847 1372 2905 transiit
1420 2842 1668 2928 (1533),
1726 2848 2087 2923 theologiam
2138 2847 2343 2906 docuit
2393 2847 2763 2922 decessitque
2820 2856 3006 2910 1558.

391 2935 867 3011 academiamque
914 2937 1038 2995 suis
1083 2937 1579 3012 praelectionibus
1612 2939 1673 2994 et
1728 2930 2865 3016 —BartholomaeusKleindienfst2)
2886 2939 3008 2994 An-

391 3025 668 3084 ecclesiae
729 3025 1082 3084 cathedralis
1133 3028 1485 3102 suggestum
1535 3044 1667 3085 con·
1727 3026 2111 3102 nabergensis
2145 3026 2208 3083 in
2228 3026 2441 3084 Misnia
2473 3026 2822 3103 parentibus
2854 3045 3006 3101 pau·

392 3114 659 3174 cionibus
690 3113 1037 3175 illustravit.
1082 3115 1361 3173 Interfuit
1390 3133 1524 3172 cum
1543 3114 1673 3173 aliis
1728 3115 1966 3189 peribus
2014 3119 2076 3173 et
2114 3115 2237 3189 jam
2281 3115 2615 3174 lutheranis
2648 3135 2723 3184 n.,
2776 3115 3007 3190 Lipsiae

391 3202 734 3262 clarissimis
798 3204 1090 3280 theologis
1137 3203 1334 3275 Eckio,
1398 3204 1673 3280 Mensing
1728 3203 1943 3262 studiis
1993 3204 2238 3272 vacavit,
2290 3203 2572 3262 familiari
2621 3205 2818 3262 tamen
2869 3222 3005 3262 con-

392 3296 501 3356 etc.
535 3292 833 3367 colloquio
867 3293 1261 3351 wormatiensi
1296 3289 1550 3375 (1540):
1585 3293 1670 3350 ibi
1727 3293 2061 3351 versatione
2111 3311 2247 3351 cum
2295 3293 2461 3351 Conr.
2495 3293 2736 3369 Klingio
2770 3293 2832 3350 O.
2867 3293 3004 3350 Min.

389 3382 825 3457 interpretatus
878 3384 970 3440 est
1022 3382 1466 3457 illustravitque
1518 3381 1666 3439 divi·
1726 3382 1800 3439 ad
1833 3382 2122 3441 saniorem
2167 3380 2343 3440 rediit
2387 3384 2646 3439 mentem
2698 3380 3009 3456 factusque

389 3489 526 3529 nam
588 3472 649 3527 et
710 3489 935 3528 sacram
983 3468 1280 3548 lituryiam
1331 3490 1373 3528 S.
1420 3470 1671 3529 Joannis
1726 3474 1818 3529 est
1869 3471 2190 3529 catholicus
2251 3473 2311 3528 et
2371 3470 2677 3547 ingressus
2740 3470 3007 3528 ordinem

391 3560 676 3634 Chryso
694 3562 813 3618 sto
831 3560 951 3630 mi;
988 3560 1214 3634 adjecta
1242 3563 1333 3617 est
1365 3559 1671 3635 doxologia
1727 3578 1771 3617 s,
1791 3559 2079 3618 Dominici
2101 3555 2156 3640 (1
2177 3556 2327 3637 553)
2346 3578 2572 3634 suaque
2587 3558 3003 3627 sollicitudine,

388 3667 594 3726 graece
627 3649 806 3706 simul
838 3651 900 3706 et
929 3649 1134 3718 latine,
1158 3668 1307 3723 quae
1327 3651 1387 3706 et
1408 3649 1671 3707 inmissa
1725 3649 2097 3707 orationibus
2144 3651 2205 3706 et
2245 3648 2544 3706 sacrificiis
2577 3652 2851 3722 parentes
2884 3666 3006 3705 una

389 3741 451 3797 et
480 3739 542 3796 in
574 3737 850 3813 precibus
883 3737 1198 3795 matutinis
1248 3738 1388 3796 usui
1420 3737 1539 3795 fuit
1568 3757 1668 3795 ve·
1725 3756 1858 3795 cum
1899 3737 2125 3795 familia
2170 3737 2421 3812 aliisque
2466 3737 2539 3795 ad
2584 3755 2781 3796 veram
2828 3735 3005 3794 fidem

387 3827 644 3896 teribus;
694 3826 1006 3885 nicaenum
1036 3827 1182 3884 item
1214 3826 1548 3902 symbolum
1583 3827 1666 3884 la·
1724 3827 2041 3888 revocavit.
2084 3827 2155 3883 In
2185 3825 2480 3885 academia
2511 3825 2837 3902 dillingana
2870 3825 3005 3884 doc-

386 3917 512 3975 tine
547 3916 622 3974 ab
656 3934 723 3974 eo
757 3935 1001 3973 versum
1033 3917 1092 3973 et
1123 3915 1500 3973 brevioribus
1534 3934 1668 3972 eru·
1723 3915 1872 3973 toris
1905 3916 2168 3973 lauream
2201 3915 2530 3990 promeruit
2562 3918 2741 3988 atque
2774 3914 3003 3972 theolo-

387 4005 651 4080 ditisque
729 4004 1215 4062 annotationibus
1307 4008 1666 4072 accuratum,
1724 4004 1913 4080 gicam
1979 4004 2128 4062 rexit
2188 4004 2544 4062 cathedram.
2608 4003 2846 4062 Electus
2910 4006 3004 4060 est

387 4093 695 4151 Wormatii
752 4102 939 4156 1541.
1002 4091 1284 4150 Interfuit
1335 4093 1513 4151 etiam
1563 4111 1668 4151 no·
1725 4112 1955 4169 praeses
1988 4093 2173 4151 studii
2189 4093 2482 4170 generalis
2516 4093 2610 4151 sui
2629 4092 2853 4151 ordinis
2876 4091 3002 4149 Fri-

384 4182 542 4240 mine
573 4182 995 4257 archiepiscopi
1038 4182 1386 4240 trevirensis
1420 4181 1667 4240 concilio

387 4270 734 4328 Tridentino
757 4266 1017 4352 (1546):
1051 4270 1156 4329 ubi
1187 4273 1249 4328 et
1266 4290 1539 4347 magnam
1561 4272 1664 4328 ha·
1786 4334 1797 4345 ‚
1850 4335 1858 4342 ,
3045 4337 3051 4344 ,

386 4360 521 4417 buit
554 4359 899 4418 orationem.
933 4361 1157 4417 Aderat
1189 4363 1247 4418 et
1274 4359 1498 4436 synodo
1530 4378 1665 4435 pro·
1723 4334 2157 4462 ffilgffimffilrstg}
2203 4333 2717 4461 lbggnufflffbssgsser
2756 4332 2867 4461 {f}-
2903 4334 3004 4457 ὲεΧζ

387 4447 627 4507 vinciali
678 4448 1009 4506 trevirensi.
1046 4449 1404 4518 Orationem,
1454 4449 1519 4506 in
1550 4468 1668 4524 qua
1722 4448 1986 4534 322—’28.
2033 4445 2036 4448 ’
2653 4424 2709 4475 p'
2960 4444 3004 4468 '⁹

386 4536 570 4596 libere
632 4537 850 4596 abusus
899 4537 1187 4611 quosdam
1234 4539 1438 4613 carpit,
1488 4538 1667 4595 habes
1803 4555 1837 4614 Ι)
1866 4547 1948 4602 Cf.
1978 4547 2192 4601 Paulus
2221 4546 2490 4601 Katholik
2520 4551 2659 4604 1896
2686 4546 2755 4608 ΙΙ,
2782 4552 2886 4604 475
2915 4565 3003 4607 ss.;

384 4626 542 4701 apud
564 4626 872 4685 Hardouin
898 4627 996 4696 IX,
1029 4635 1197 4690 2063
1235 4645 1309 4684 ss.
1347 4627 1605 4685 Decessit
1618 4624 1663 4706 1)
1722 4619 1814 4728 di}h
1843 4619 2155 4742 qeuffssheri
2178 4618 2600 4742 DomiPstalaer,
2619 4636 2673 4686 P·
2702 4622 2965 4742 1333-55·

1720 4691 2005 4831 histfsfiols
2021 4691 3002 4827 Biflfflstiufdasfflsgffgsseffffssffi

466 4839 499 4898 ¹)
528 4831 609 4888 Cf.
638 4836 700 4889 N.
728 4832 939 4887 Paulus
965 4833 1235 4903 hist.-pol.
1264 4832 1480 4887 Blatter
1509 4836 1663 4889 1892.
1721 4831 1762 4888 1.
1801 4833 2092 4903 praeclara
2131 4833 2452 4902 fragmenta
2488 4832 2741 4887 exhibet:
2791 4831 2999 4884 iterum

384 4905 452 4970 ll,
480 4910 684 4963 1—14:
735 4908 977 4965 81-97;
1020 4909 1077 4958 et
1101 4905 1192 4958 die
1220 4904 1532 4959 deutschen
1560 4906 1664 4959 Do·
1720 4903 1813 4958 die
1841 4904 2150 4957 deutschen
2182 4903 2586 4957 Dominikaner
2613 4921 2667 4972 p.
2696 4906 2996 4959 266—280.
