3475 5364
352 344 503 397 1561

764 325 1026 391 Vifiones,
1054 325 1256 381 Petrus
1281 326 1432 389 Luc„
1461 325 1759 392 Marullus,
1790 324 2180 391 Covarrubias,
2211 323 2417 378 Delfini
2445 325 2547 378 etc.

2790 340 2949 394 1362

336 512 537 570 brevis
572 531 747 587 super
769 514 809 570 8
830 514 888 571 ll.
914 515 1291 589 physicorum
1322 513 1620 571 Aristo·
1677 517 1767 572 est
1799 531 1903 571 suo
1951 516 2215 586 tempore
2261 511 2447 569 veluti
2492 510 2784 567 luminare
2817 509 2953 566 Dal-

339 601 533 658 telis
596 620 730 659 cum
780 602 1083 677 aliquibus
1135 602 1620 661 annotationibus
1677 602 1914 671 matiae,
1949 602 2125 659 etiam
2158 601 2493 659 versionem
2514 598 2759 657 latinam
2783 598 2952 655 chro-

335 690 411 747 de
472 694 672 748 mente
733 690 987 750 doctoris
1049 690 1303 761 subtilis,
1359 691 1622 750 Venetiis
1676 691 1843 749 nicae
1874 689 2169 767 anonymi,
2203 709 2380 762 quam
2411 688 2718 762 inscripsit
2737 688 2953 761 Reyum

348 787 510 840 1542
577 779 643 837 in
710 788 764 841 8.
814 813 902 824 —-
948 780 987 838 J
1003 799 1290 839 oannes
1353 780 1624 855 Baptista
1680 780 2009 838 Dalmatiae
2029 786 2080 837 et
2104 779 2372 837 Croatiae
2387 784 2542 854 qesta
2573 773 2671 857 (ab
2687 795 2734 834 a.
2762 784 2952 839 1538·

341 866 691 927 Vifiones
750 868 811 926 O.
864 870 1003 927 Min.
1055 869 1425 944 Hispalensis
1470 869 1513 944 j.
1562 888 1619 926 u.
1684 866 1897 950 1079),
1950 888 2122 944 quem
2158 868 2196 925 1.
2228 867 2417 926 edidit
2447 866 2538 927 Jo.
2570 865 2851 924 Lucius
2883 864 2956 922 ad

335 957 563 1025 doctor,
600 956 703 1015 sed
734 958 1101 1032 professione
1134 959 1337 1028 laieuS,
1386 977 1619 1033 compo-

340 1046 464 1104 suit
503 1046 707 1120 fflpey‘o
739 1048 807 1103 de
838 1048 895 1105 la
926 1048 1244 1106 conciencia
1277 1066 1418 1123 para
1447 1047 1620 1107 todos

335 1135 587 1204 estados,
605 1135 880 1193 Lucronii
903 1147 925 1198 1
946 1145 1066 1198 507
1088 1156 1100 1205 3
1122 1136 1401 1212 Segoviae
1428 1145 1619 1206 1525;

341 1224 575 1298 Hispali
605 1234 799 1294 1543;
830 1224 1098 1283 Medinae
1125 1234 1287 1289 1552
1314 1226 1375 1283 in
1395 1225 1433 1283 f.
1455 1226 1622 1301 prius

340 1330 663 1387 suppresso
679 1314 807 1388 ejus
824 1314 1077 1384 nomine,
1112 1314 1173 1372 in
1191 1315 1620 1389 posterioribus

336 1402 430 1461 ed.
452 1420 742 1477 expresso.
769 1436 858 1446 ——
891 1403 1215 1470 ,Petrus
1247 1404 1620 1463 Lucensis

344 1508 387 1547 s.
408 1490 732 1566 Frigidiani
762 1493 1093 1562 canonicuS,
1123 1494 1215 1550 vir
1242 1493 1418 1567 plane
1452 1510 1620 1552 sanc-

343 1580 638 1647 tissimuS,
672 1580 983 1656 theologus
1017 1585 1078 1639 et
1109 1582 1496 1657 philosophus
1529 1582 1621 1639 in-

341 1669 547 1743 signis,
582 1670 739 1728 vitae
770 1670 1126 1745 apostolicae
1159 1670 1402 1728 sedulus
1423 1690 1622 1728 aemu-

348 1758 503 1816 lator
522 1762 583 1815 et
602 1758 971 1832 praedicator
987 1778 1090 1834 per
1109 1778 1339 1817 omnem
1363 1759 1619 1830 Italiam,

342 1865 560 1923 magna
592 1848 654 1904 in
685 1849 1062 1907 veneratione
1086 1848 1343 1917 habitus,
1378 1849 1474 1907 cui
1493 1867 1619 1907 car-

336 1935 587 2005 dinales,
602 1937 881 2012 episcopi,
894 1937 1189 2013 principes
1202 1942 1446 2013 propter
1457 1938 1621 1995 illius

342 2025 716 2083 sanctitatem
737 2044 939 2084 omnes
974 2027 1383 2104 assurgebant,
1403 2027 1620 2101 spiritu

339 2132 577 2188 quoque
596 2115 941 2189 prophetiae
963 2115 1173 2184 clai-ue,
1196 2115 1427 2173 libellos
1444 2134 1621 2190 quos-

340 2202 474 2259 dam
488 2202 716 2275 Spiritu
737 2204 841 2261 Dei
859 2204 1063 2278 plenos
1079 2204 1283 2272 edidit,
1306 2203 1413 2278 qui
1434 2224 1621 2279 quan-

337 2295 467 2348 tum
502 2292 607 2348 ille
640 2292 704 2350 in
735 2311 932 2351 amore
964 2294 1071 2351 Dei
1103 2294 1464 2368 profecisset,
1498 2293 1619 2351 evi·

340 2379 559 2437 dentur
578 2380 846 2438 indicant
862 2376 926 2462 1).
943 2390 970 2419 ‘
1009 2382 1240 2457 Scripta
1257 2386 1399 2440 sunt
1415 2382 1624 2459 lingua

342 2469 657 2526 vernacula
747 2473 810 2527 et
898 2470 1252 2546 prodierunt
1326 2471 1623 2530 Bononiae

348 2566 712 2625 1515-20,
758 2560 915 2616 inter
962 2578 1116 2634 quae
1169 2564 1314 2618 sunt
1347 2561 1621 2619 Dottrina

335 2647 429 2704 del
459 2647 560 2705 ben
590 2650 821 2725 morire,
870 2648 1135 2708 Venetiis
1176 2658 1337 2713 1529
1373 2649 1460 2709 ed.
1494 2669 1626 2709 rara

339 2733 441 2817 (m.
469 2735 608 2816 50);
644 2738 1054 2797 Fundamento
1086 2739 1244 2797 della
1272 2739 1399 2797 vita
1427 2739 1620 2797 cristi-

340 2845 451 2883 ana
496 2827 619 2885 cioe
668 2837 743 2885 tr.
793 2827 1116 2887 utilissimo
1158 2830 1302 2886 della
1336 2830 1619 2905 humine«,

343 2915 643 2974 Bononiae
689 2925 882 2987 15153
933 2919 1077 2975 Arte
1121 2920 1210 2975 del
1242 2919 1345 2976 ben
1370 2936 1624 2990 pensare

339 3022 373 3061 o
406 3006 803 3080 contemplare
852 3007 910 3064 la
942 3007 1217 3081 passione
1249 3007 1302 3064 cl.
1336 3007 1389 3064 J.
1425 3006 1480 3065 C.
1515 3026 1621 3066 con

342 3111 426 3149 un
459 3093 723 3169 singolar
754 3097 828 3152 tr.
863 3095 957 3153 del
991 3097 1229 3153 imitare
1264 3096 1468 3166 cristo,
1522 3097 1617 3153 Vi·

342 3181 511 3256 nagia
591 3192 778 3250 15273
853 3194 1033 3246 1535.
1100 3184 1263 3242 Obiit
1323 3186 1620 3243 Bononiae

338 3288 389 3326 a·
434 3279 598 3332 1522
634 3273 981 3330 monasterii
1012 3273 1188 3348 prior.
1220 3305 1309 3315 —-
1342 3274 1621 3332 Anzolo

340 3357 416 3415 da
438 3359 780 3417 Pincenza
814 3360 964 3418 alius
995 3361 1311 3419 canonicus
1331 3362 1621 3437 regularis

344 3448 580 3523 scripsit
612 3448 858 3525 Dialogo
908 3450 980 3508 ad
1015 3451 1153 3526 ogni
1188 3449 1528 3508 condizione
1561 3450 1620 3508 di

340 3555 591 3611 persone
623 3538 743 3595 cosi
776 3539 1049 3614 religiose
1070 3558 1230 3597 come
1260 3540 1499 3598 secolari
1532 3540 1621 3596 del

346 3622 591 3683 tolerare
639 3635 688 3684 et
732 3636 1076 3702 supportare
1134 3630 1181 3686 Ie
1230 3629 1518 3685 adversita
1560 3634 1621 3685 et

344 3714 719 3774 tribulationi
753 3715 846 3775 del
879 3718 1093 3775 mondo
1136 3718 1615 3791 patientemente‚

343 3804 603 3862 Venetiis
623 3817 643 3866 1
663 3814 738 3866 52
753 3815 806 3876 7,
820 3805 853 3862 l.
867 3807 1177 3864 admodum
1191 3825 1361 3864 rarus
1376 3805 1477 3887 (m.
1493 3800 1616 3886 50).

336 3926 426 3957 ,-
450 3894 680 3953 Marcus
702 3896 907 3953 Maru
923 3896 944 3952 l
961 3896 980 3952 l
998 3915 1038 3953 u
1056 3892 1145 3974 82)
1181 3896 1465 3970 patricius
1488 3914 1618 3971 spa-

341 3981 581 4041 latensis
645 3980 705 4062 (†
765 3997 782 4046 1
806 3979 956 4066 524)
1018 3984 1300 4042 disseruit
1361 3985 1429 4041 de
1490 3985 1620 4042 bene

338 4071 602 4148 beateque
631 4075 849 4131 vivendi
868 4076 1141 4148 exemplis
1170 4093 1239 4130 ex
1256 4093 1297 4135 s.
1316 4073 1619 4148 Scriptura

342 4161 547 4234 petitis
580 4161 638 4218 ll.
677 4173 731 4232 6,
782 4162 1022 4220 Parisiis
1064 4171 1260 4230 15133
1325 4164 1618 4221 Anversae

353 4260 545 4318 16013
595 4251 1110 4327 Evangelistarum
1156 4253 1226 4308 de
1266 4253 1394 4324 fide,
1442 4267 1539 4322 spe
1570 4259 1619 4308 ec

337 4341 582 4396 caritate
599 4339 657 4397 11.
685 4351 737 4402 7,
757 4340 1026 4399 Coloniae
1051 4349 1250 4410 15293
1295 4350 1452 4403 1532
1479 4341 1540 4399 in
1563 4349 1617 4402 8.

341 4427 606 4502 Reliquit
654 4428 746 4485 hic
792 4430 882 4487 vir
916 4429 1206 4495 effidima,
1242 4431 1346 4504 qui
1381 4424 1619 4487 habitus

350 4725 353 4730 Δ
419 4674 456 4728 1)
486 4668 762 4762 {enottus
803 4667 864 4722 in
892 4668 1022 4724 hist.
1050 4688 1092 4723 s.
1120 4671 1239 4724 ord.
1267 4671 1397 4727 cler.
1427 4671 1622 4725 Canon

344 4759 397 4810 p·
417 4743 564 4882 ‘³516ss
594 4813 717 4881 ejus
746 4812 919 4865 vitam
947 4811 1009 4865 in
1034 4812 1166 4868 fasc.
1189 4813 1471 4883 periodjco
1495 4812 1622 4866 Dal-

342 4883 524 4936 mazia
551 4887 691 4940 1846
718 4901 773 4936 n.
800 4887 957 4940 3—5.

1678 959 1892 1017 calcem
1914 976 2010 1016 sex
2032 958 2093 1015 ll.
2114 975 2258 1015 suae
2292 957 2569 1016 historiae
2590 954 2953 1022 dalmaticae,

1676 1047 2101 1106 Amstelodami
2139 1057 2302 1108 1666
2336 1065 2392 1120 p.
2428 1053 2550 1107 302
2578 1062 2652 1102 ss.
2690 1077 2773 1086 ——
2814 1044 2955 1116 Spe-

1677 1138 1863 1194 culum
1905 1137 2303 1213 reliqiosorum
2348 1134 2585 1204 exhibet
2628 1132 2954 1208 Alphon·

1680 1244 1808 1284 sus
1871 1225 1943 1284 de
2006 1219 2338 1306 Zurital)
2391 1224 2453 1281 Ο.
2502 1223 2670 1283 Merc.
2723 1222 2956 1281 Pinciae

1684 1323 1850 1378 1533
1887 1315 1950 1372 in
1984 1327 2041 1376 4.
2089 1345 2175 1357 ·—
2220 1312 2663 1373 Ludovicus
2713 1310 2955 1369 Hille·

1679 1404 1964 1462 semius
2013 1403 2417 1477 AndemacuS,
2465 1401 2669 1469 laicus,
2721 1400 2958 1475 scripsit

1678 1497 1915 1568 praeter
1959 1492 2074 1550 alia
2118 1493 2187 1549 de
2214 1493 2332 1549 vita
2363 1499 2553 1548 sancte
2584 1490 2951 1564 instituenda,

1678 1582 1950 1641 Coloniae
2005 1590 2187 1644 1580.
2235 1614 2322 1624 -
2371 1580 2657 1637 Paulus
2689 1578 2954 1654 Legio-

1678 1670 1948 1729 nensis
1999 1669 2062 1728 Ο.
2098 1669 2302 1731 Praed.
2354 1687 2474 1727 non
2519 1668 2712 1727 solum
2759 1668 2955 1724 clarus

1681 1760 1800 1818 fuit
1829 1759 2222 1829 concionator,
2276 1759 2376 1816 sed
2410 1762 2471 1815 et
2502 1755 2754 1833 insignis
2787 1756 2952 1814 theo·

1677 1849 1867 1926 logus,
1897 1868 2035 1907 nam
2069 1848 2323 1923 primam
2346 1846 2738 1905 Salmanticae
2757 1844 2955 1903 cathe-

1679 1938 1846 1996 dram
1876 1937 2268 2011 disputationi
2319 1936 2644 2011 expositam
2693 1935 2954 1993 omnium

1678 2027 1898 2085 calculo
1914 2045 1973 2084 re
1981 2026 2237 2101 portavit
2247 2042 2488 2100 eamque
2502 2024 2774 2099 pluribus
2786 2023 2962 2110 annis⁸

1678 2116 2018 2174 moderatus
2050 2118 2140 2173 est
2173 2110 2235 2194 (†
2253 2114 2490 2173 videtur
2516 2117 2653 2171 ante
2669 2133 2717 2171 a.
2747 2108 2954 2191 1528).

1680 2205 1933 2279 Scripsit
1971 2205 2130 2262 Gaia
2158 2205 2248 2261 del
2271 2204 2421 2261 Cielo
2455 2203 2577 2260 sive
2608 2201 2680 2260 de
2714 2201 2953 2259 virtuti·

1678 2294 1791 2352 bus
1835 2301 1895 2351 et
1941 2293 2104 2352 vitiis
2154 2311 2222 2349 ex
2258 2302 2312 2353 2.
2349 2301 2403 2353 2.
2438 2310 2482 2350 s.
2517 2291 2790 2358 Thomae,
2830 2289 2956 2347 Sal-

1679 2382 1969 2441 manticae
2030 2392 2191 2443 1553
2244 2382 2308 2440 in
2370 2382 2408 2438 f.
2472 2413 2555 2423 -
2610 2381 2821 2438 Petrus
2886 2378 2958 2437 de

1679 2472 1719 2529 C
1734 2491 1767 2529 o
1787 2491 1867 2528 va
1883 2490 1911 2528 ι·
1926 2490 1955 2527 r
1970 2492 2010 2530 u
2025 2472 2064 2528 b
2082 2473 2098 2528 i
2117 2490 2151 2528 a
2166 2489 2193 2528 s
2217 2465 2655 2551 (Covasrubias)
2677 2468 2956 2529 O.Praed.

1682 2561 1993 2636 Hispanus,
2027 2560 2359 2636 theologiae
2383 2558 2667 2634 magister
2697 2561 2759 2615 et
2789 2577 2956 2632 prae-

1679 2649 1956 2710 dicatoris
2017 2650 2314 2727 generalis
2391 2648 2571 2707 titulo
2633 2646 2957 2706 honoratus

1683 2737 1742 2821 (†
1785 2736 1997 2820 1530),
2033 2739 2337 2798 conciones
2373 2756 2511 2796 suas
2541 2737 2725 2795 latine
2755 2737 2954 2804 vertit,

1680 2849 1932 2903 quarum
1980 2827 2303 2887 editionem
2357 2827 2588 2885 curavit
2635 2827 2834 2883 FranC.
2886 2825 2957 2883 de

1682 2917 1955 2986 Victoria,
2023 2917 2264 2976 Parisiis
2338 2926 2498 2979 1520
2573 2919 2615 2972 t.
2672 2925 2704 2977 2
2771 2915 2834 2972 in
2888 2925 2957 2981 4;

1680 3008 1952 3065 Remedio
2000 3008 2069 3064 de
2113 3006 2461 3082 Mysiam-es,
2514 3005 2732 3080 Burgis
2791 3014 2955 3066 1519

1678 3096 1741 3153 in
1759 3106 1794 3157 4
1815 3118 1828 3166 ;
1861 3096 2166 3154 Memorial
2181 3097 2505 3168 depecados
2519 3114 2556 3170 y
2562 3097 2876 3167 penitentes
2885 3093 2956 3173 ⁸),

1678 3186 1755 3242 ib.
1800 3196 1985 3248 1517.
2019 3218 2105 3228 —
2138 3184 2477 3242 Praeclarae
2519 3188 2661 3241 sunt
2693 3184 2960 3255 epistolae

1679 3275 1840 3331 Petri
1894 3273 2277 3348 Delphini
2330 3269 2595 3351 (Delfini)
2652 3272 2844 3329 veneti
2895 3271 2957 3329 Ο.

1678 3362 1932 3421 Camald.
1981 3363 2214 3419 abbatis
2261 3361 2611 3438 generalis&
2661 3380 2708 3417 a.
2753 3369 2955 3428 1480„

1753 3605 1791 3672 ¹)
1820 3602 1982 3655 Alius
2024 3602 2169 3656 forte
2209 3605 2294 3656 est
2326 3619 2359 3655 a
2399 3601 2672 3664 Zurita,
2716 3600 2814 3668 qui
2842 3603 2958 3655 lau·

1676 3673 1848 3726 datur
1885 3673 1944 3728 in
1986 3672 2144 3728 Rom.
2175 3673 2416 3738 Qtlschr.
2445 3677 2585 3729 1893
2629 3673 2744 3736 HI,
2773 3677 2842 3728 20
2887 3673 2960 3725 ob

1676 3748 1910 3798 Annales
1936 3747 1998 3798 cle
2022 3749 2074 3798 la
2097 3748 2306 3800 Corona
2328 3749 2390 3799 de
2407 3749 2626 3813 Arayon
2653 3747 2741 3813 (ut
2767 3742 2958 3796 viden·

1677 3820 1770 3869 tur
1796 3816 2080 3884 ineditos).
2934 3862 2937 3865 ,

1752 3894 1789 3944 ²)
1810 3886 2325 3941 praetermittimus
2343 3886 2386 3938 B
2401 3886 2679 3940 artholo
2695 3902 2956 3939 maeum

1676 3958 1746 4011 de
1775 3958 2113 4012 Castello
2142 3960 2204 4018 O,
2235 3960 2385 4026 Cap„
2431 3957 2660 4028 cujusl.
2701 3958 2775 4011 ab
2803 3957 2958 4010 Hie·

1677 4046 1981 4097 ronymo
2027 4029 2096 4082 de
2142 4028 2488 4084 Melfit-to
2535 4028 2627 4098 (al.
2680 4027 2958 4088 Molfetta,

1676 4100 1954 4164 Melfetta,
1983 4100 2269 4165 Morfetta,
2306 4100 2722 4171 Melphictensi)
2742 4099 2803 4153 O.
2824 4099 2958 4168 Cap.

1676 4172 1867 4225 editus
1889 4176 2112 4240 Dialoyo
2135 4175 2447 4226 dell‘unione
2465 4176 2751 4241 spir-‘tuale
2769 4175 2828 4225 df
2853 4174 2960 4225 Dio

1676 4246 2029 4310 conl’am'ma,
2059 4243 2303 4313 Perugia
2333 4247 2471 4300 1538
2499 4243 2819 4313 prohibitus
2847 4243 2961 4294 fuit

1676 4319 1727 4371 8.
1757 4313 1920 4367 Mart.
1950 4319 2119 4374 15842
2160 4319 2217 4367 et
2262 4314 2398 4383 quia
2425 4315 2613 4368 denuo
2641 4315 2828 4368 editus
2863 4314 2954 4365 Ve-

1676 4387 1844 4438 netiis
1870 4390 2009 4442 1598
2029 4386 2089 4438 in
2113 4391 2195 4450 12,
2222 4390 2492 4440 renovata
2514 4386 2628 4439 fuit
2647 4385 2958 4455 prohibitio

1676 4463 1762 4513 29.
1790 4456 1917 4512 Jan.
1945 4462 2102 4514 1600.

1751 4533 1792 4596 ⁸)
1822 4528 2108 4582 Confundi
2150 4528 2244 4583 hic
2283 4544 2397 4581 non
2438 4529 2608 4582 debet
2646 4545 2774 4581 cum
2803 4528 2960 4582 Cae-

1678 4616 1844 4653 sare
1899 4600 2183 4652 Delfini
2229 4600 2527 4662 Parmensi,
2581 4600 2650 4653 de
2692 4617 2806 4667 quo
2847 4599 2958 4668 egi·

1677 4689 1805 4723 mus
1833 4670 2126 4726 Nomencl.
2155 4672 2222 4735 1²,
2253 4676 2339 4734 17,
2381 4675 2438 4724 et
2482 4671 2646 4739 cujus
2693 4687 2858 4739 opera
2890 4670 2959 4722 de

1677 4759 1826 4867 &fmd
1846 4743 2385 4868 pgnssficffenoffee
2424 4742 2561 4866 hduic
2605 4743 2958 4864 trsstuunglilfe

1751 4855 1762 4865 .
1832 4829 1860 4866 e
1932 4861 1944 4873 ‚
2039 4831 2067 4868 e
2162 4831 2274 4866 1111
2328 4831 2424 4866 use
2487 4830 2692 4867 isseren
2727 4830 2811 4865 ern

1679 4885 1866 4939 Ser-itt.
1894 4884 2136 4954 parmig.
2168 4886 2260 4950 lv,
2288 4891 2354 4941 97
2368 4890 2551 4940 -1021
