<?xml version="1.0" encoding="UTF-8"?>
<!DOCTYPE html PUBLIC "-//W3C//DTD XHTML 1.0 Transitional//EN"
    "http://www.w3.org/TR/xhtml1/DTD/xhtml1-transitional.dtd">
<html xmlns="http://www.w3.org/1999/xhtml" xml:lang="en" lang="en">
 <head>
  <title>
</title>
<meta http-equiv="Content-Type" content="text/html;charset=utf-8" />
  <meta name='ocr-system' content='tesseract 3.04.00' />
  <meta name='ocr-capabilities' content='ocr_page ocr_carea ocr_par ocr_line ocrx_word'/>
</head>
<body>
  <div class='ocr_page' id='page_1' title='image "./nomenclatorlite10hurtgoog_0095.png"; bbox 0 0 3475 5364; ppageno 0'>
   <div class='ocr_carea' id='block_1_1' title="bbox 216 342 1955 411">
    <p class='ocr_par' dir='ltr' id='par_1_1' title="bbox 216 342 1955 411">
     <span class='ocr_line' id='line_1_1' title="bbox 216 342 1955 411; baseline -0.002 -10"><span class='ocrx_word' id='word_1_1' title='bbox 216 359 243 408; x_wconf 85' lang='lat'>1</span> <span class='ocrx_word' id='word_1_2' title='bbox 263 360 359 411; x_wconf 76' lang='lat'><strong>65</strong></span> <span class='ocrx_word' id='word_1_3' title='bbox 1176 342 1471 409; x_wconf 85' lang='lat' dir='ltr'><strong>Robertus,</strong></span> <span class='ocrx_word' id='word_1_4' title='bbox 1501 343 1702 397; x_wconf 87' lang='lat' dir='ltr'><strong>Pet-rus</strong></span> <span class='ocrx_word' id='word_1_5' title='bbox 1730 342 1955 399; x_wconf 85' lang='lat' dir='ltr'><strong>Cantor.</strong></span> 
     </span>
    </p>
   </div>
   <div class='ocr_carea' id='block_1_2' title="bbox 204 365 2870 2745">
    <p class='ocr_par' dir='ltr' id='par_1_2' title="bbox 204 365 2870 2745">
     <span class='ocr_line' id='line_1_2' title="bbox 2746 365 2862 418; baseline 0.009 -1"><span class='ocrx_word' id='word_1_6' title='bbox 2746 366 2767 417; x_wconf 95' lang='lat' dir='ltr'><strong>l</strong></span> <span class='ocrx_word' id='word_1_7' title='bbox 2785 365 2819 418; x_wconf 89' lang='grc'><strong>6</strong></span> <span class='ocrx_word' id='word_1_8' title='bbox 2831 366 2862 418; x_wconf 84' lang='grc'>6</span> 
     </span>
     <span class='ocr_line' id='line_1_3' title="bbox 210 528 2870 606; baseline 0.004 -23"><span class='ocrx_word' id='word_1_9' title='bbox 210 532 474 598; x_wconf 76' lang='lat' dir='ltr'><strong>tarent,</strong></span> <span class='ocrx_word' id='word_1_10' title='bbox 524 528 925 588; x_wconf 87' lang='lat' dir='ltr'><strong>Lombardum</strong></span> <span class='ocrx_word' id='word_1_11' title='bbox 977 528 1265 604; x_wconf 78' lang='lat' dir='ltr'><strong>quaedam</strong></span> <span class='ocrx_word' id='word_1_12' title='bbox 1314 548 1384 588; x_wconf 83' lang='lat' dir='ltr'><strong>ex</strong></span> <span class='ocrx_word' id='word_1_13' title='bbox 1433 530 1535 589; x_wconf 88' lang='lat' dir='ltr'><strong>illo</strong></span> <span class='ocrx_word' id='word_1_14' title='bbox 1592 531 1895 602; x_wconf 83' lang='lat' dir='ltr'><strong>remensis,</strong></span> <span class='ocrx_word' id='word_1_15' title='bbox 1961 531 2099 590; x_wconf 91' lang='lat' dir='ltr'><strong>dein</strong></span> <span class='ocrx_word' id='word_1_16' title='bbox 2161 532 2525 606; x_wconf 87' lang='lat' dir='ltr'><strong>parisiensis,</strong></span> <span class='ocrx_word' id='word_1_17' title='bbox 2590 533 2870 593; x_wconf 87' lang='lat' dir='ltr'><strong>Cantor</strong></span> 
     </span>
     <span class='ocr_line' id='line_1_4' title="bbox 208 613 2866 699; baseline 0.003 -27"><span class='ocrx_word' id='word_1_18' title='bbox 208 616 518 677; x_wconf 76' lang='lat' dir='ltr'><strong>hausisse</strong></span> <span class='ocrx_word' id='word_1_19' title='bbox 533 613 595 698; x_wconf 83' lang='lat'><strong>¹).</strong></span> <span class='ocrx_word' id='word_1_20' title='bbox 627 651 715 662; x_wconf 88' lang='lat'><em>-</em></span> <span class='ocrx_word' id='word_1_21' title='bbox 748 617 1158 689; x_wconf 87' lang='lat' dir='ltr'><strong>Robertus,</strong></span> <span class='ocrx_word' id='word_1_22' title='bbox 1205 637 1384 693; x_wconf 87' lang='lat' dir='ltr'><strong>quem</strong></span> <span class='ocrx_word' id='word_1_23' title='bbox 1428 619 1535 676; x_wconf 89' lang='lat' dir='ltr'><strong>ali·</strong></span> <span class='ocrx_word' id='word_1_24' title='bbox 1589 620 1784 679; x_wconf 86' lang='lat' dir='ltr'><strong>dictus</strong></span> <span class='ocrx_word' id='word_1_25' title='bbox 1800 620 1874 678; x_wconf 88' lang='lat' dir='ltr'><strong>ab</strong></span> <span class='ocrx_word' id='word_1_26' title='bbox 1894 621 2121 680; x_wconf 88' lang='lat' dir='ltr'><strong>illustri</strong></span> <span class='ocrx_word' id='word_1_27' title='bbox 2139 621 2538 696; x_wconf 78' lang='lat' dir='ltr'><strong>praecentoris</strong></span> <span class='ocrx_word' id='word_1_28' title='bbox 2560 621 2866 699; x_wconf 69' lang='lat' dir='ltr'><strong>dignitate,</strong></span> 
     </span>
     <span class='ocr_line' id='line_1_5' title="bbox 204 706 2867 784; baseline 0.003 -21"><span class='ocrx_word' id='word_1_29' title='bbox 204 706 331 780; x_wconf 88' lang='lat' dir='ltr'><strong>qui</strong></span> <span class='ocrx_word' id='word_1_30' title='bbox 372 707 748 767; x_wconf 76' lang='lat' dir='ltr'><strong>confundere</strong></span> <span class='ocrx_word' id='word_1_31' title='bbox 780 707 1064 766; x_wconf 82' lang='lat' dir='ltr'><strong>videntur</strong></span> <span class='ocrx_word' id='word_1_32' title='bbox 1094 726 1228 766; x_wconf 91' lang='lat' dir='ltr'><strong>cum</strong></span> <span class='ocrx_word' id='word_1_33' title='bbox 1262 708 1518 767; x_wconf 86' lang='lat' dir='ltr'><strong>Roberto</strong></span> <span class='ocrx_word' id='word_1_34' title='bbox 1592 710 1663 767; x_wconf 89' lang='lat' dir='ltr'><strong>de</strong></span> <span class='ocrx_word' id='word_1_35' title='bbox 1696 728 1815 784; x_wconf 92' lang='lat' dir='ltr'><strong>quo</strong></span> <span class='ocrx_word' id='word_1_36' title='bbox 1847 710 2208 769; x_wconf 87' lang='lat' dir='ltr'><strong>Trithemius</strong></span> <span class='ocrx_word' id='word_1_37' title='bbox 2242 709 2480 769; x_wconf 79' lang='lat' dir='ltr'><strong>scribit:</strong></span> <span class='ocrx_word' id='word_1_38' title='bbox 2518 711 2652 778; x_wconf 82' lang='lat' dir='ltr'><strong>,vir</strong></span> <span class='ocrx_word' id='word_1_39' title='bbox 2683 713 2745 770; x_wconf 91' lang='lat' dir='ltr'><strong>in</strong></span> <span class='ocrx_word' id='word_1_40' title='bbox 2777 712 2867 771; x_wconf 89' lang='lat' dir='ltr'><strong>di-</strong></span> 
     </span>
     <span class='ocr_line' id='line_1_6' title="bbox 205 793 2867 875; baseline 0.004 -25"><span class='ocrx_word' id='word_1_41' title='bbox 205 793 260 850; x_wconf 82' lang='lat' dir='ltr'>F</span> <span class='ocrx_word' id='word_1_42' title='bbox 278 796 366 852; x_wconf 89' lang='lat' dir='ltr'><strong>ol</strong></span> <span class='ocrx_word' id='word_1_43' title='bbox 389 796 418 853; x_wconf 88' lang='lat' dir='ltr'><strong>i</strong></span> <span class='ocrx_word' id='word_1_44' title='bbox 438 801 509 854; x_wconf 91' lang='lat' dir='ltr'><strong>ot</strong></span> <span class='ocrx_word' id='word_1_45' title='bbox 523 814 863 855; x_wconf 87' lang='lat' dir='ltr'><strong>successore</strong></span> <span class='ocrx_word' id='word_1_46' title='bbox 880 796 1073 872; x_wconf 90' lang='lat' dir='ltr'><strong>ipsius</strong></span> <span class='ocrx_word' id='word_1_47' title='bbox 1090 797 1154 856; x_wconf 91' lang='lat' dir='ltr'><strong>in</strong></span> <span class='ocrx_word' id='word_1_48' title='bbox 1169 796 1534 872; x_wconf 86' lang='lat' dir='ltr'><strong>episcopatu,</strong></span> <span class='ocrx_word' id='word_1_49' title='bbox 1590 798 1749 856; x_wconf 82' lang='lat' dir='ltr'><strong>vinis</strong></span> <span class='ocrx_word' id='word_1_50' title='bbox 1784 797 2107 875; x_wconf 87' lang='lat' dir='ltr'><strong>Scripturis</strong></span> <span class='ocrx_word' id='word_1_51' title='bbox 2139 799 2580 858; x_wconf 87' lang='lat' dir='ltr'><strong>eruditissimus</strong></span> <span class='ocrx_word' id='word_1_52' title='bbox 2612 802 2754 860; x_wconf 86' lang='lat' dir='ltr'><strong>etin</strong></span> <span class='ocrx_word' id='word_1_53' title='bbox 2776 819 2867 861; x_wconf 90' lang='lat' dir='ltr'><strong>se-</strong></span> 
     </span>
     <span class='ocr_line' id='line_1_7' title="bbox 206 884 2867 972; baseline 0.004 -32"><span class='ocrx_word' id='word_1_54' title='bbox 206 884 493 944; x_wconf 76' lang='lat' dir='ltr'><strong>natione</strong></span> <span class='ocrx_word' id='word_1_55' title='bbox 506 885 754 962; x_wconf 85' lang='lat' dir='ltr'><strong>Anglus,</strong></span> <span class='ocrx_word' id='word_1_56' title='bbox 788 885 1048 945; x_wconf 81' lang='lat' dir='ltr'><strong>Parisios</strong></span> <span class='ocrx_word' id='word_1_57' title='bbox 1081 886 1263 955; x_wconf 85' lang='lat' dir='ltr'><strong>venit,</strong></span> <span class='ocrx_word' id='word_1_58' title='bbox 1296 886 1402 944; x_wconf 91' lang='lat' dir='ltr'><strong>ubi</strong></span> <span class='ocrx_word' id='word_1_59' title='bbox 1423 885 1536 943; x_wconf 90' lang='lat' dir='ltr'><strong>sub</strong></span> <span class='ocrx_word' id='word_1_60' title='bbox 1590 887 1773 946; x_wconf 87' lang='lat' dir='ltr'><strong>culari</strong></span> <span class='ocrx_word' id='word_1_61' title='bbox 1786 887 2162 963; x_wconf 81' lang='lat' dir='ltr'><strong>philosophia</strong></span> <span class='ocrx_word' id='word_1_62' title='bbox 2176 887 2695 959; x_wconf 88' lang='lat' dir='ltr'><strong>nobiliterdoctus,</strong></span> <span class='ocrx_word' id='word_1_63' title='bbox 2710 886 2867 972; x_wconf 92' lang='lat' dir='ltr'><strong>(qui)</strong></span> 
     </span>
     <span class='ocr_line' id='line_1_8' title="bbox 207 974 2866 1053; baseline 0.003 -23"><span class='ocrx_word' id='word_1_64' title='bbox 207 974 590 1050; x_wconf 75' lang='lat' dir='ltr'><strong>magisterio</strong></span> <span class='ocrx_word' id='word_1_65' title='bbox 623 975 901 1052; x_wconf 88' lang='lat' dir='ltr'><strong>Hugonis</strong></span> <span class='ocrx_word' id='word_1_66' title='bbox 921 994 954 1032; x_wconf 91' lang='lat' dir='ltr'><strong>a</strong></span> <span class='ocrx_word' id='word_1_67' title='bbox 975 993 1020 1033; x_wconf 91' lang='lat' dir='ltr'><strong>s.</strong></span> <span class='ocrx_word' id='word_1_68' title='bbox 1037 974 1271 1034; x_wconf 86' lang='lat' dir='ltr'><strong>Victore</strong></span> <span class='ocrx_word' id='word_1_69' title='bbox 1302 978 1364 1034; x_wconf 90' lang='lat' dir='ltr'><strong>et</strong></span> <span class='ocrx_word' id='word_1_70' title='bbox 1382 974 1535 1032; x_wconf 85' lang='lat' dir='ltr'><strong>forte</strong></span> <span class='ocrx_word' id='word_1_71' title='bbox 1591 976 1959 1053; x_wconf 79' lang='lat' dir='ltr'><strong>theologicae</strong></span> <span class='ocrx_word' id='word_1_72' title='bbox 1992 977 2223 1036; x_wconf 86' lang='lat' dir='ltr'><strong>scholae</strong></span> <span class='ocrx_word' id='word_1_73' title='bbox 2247 977 2491 1036; x_wconf 85' lang='lat' dir='ltr'><strong>Parisiis</strong></span> <span class='ocrx_word' id='word_1_74' title='bbox 2523 978 2732 1038; x_wconf 83' lang='lat' dir='ltr'><strong>multis</strong></span> <span class='ocrx_word' id='word_1_75' title='bbox 2763 998 2866 1037; x_wconf 87' lang='lat' dir='ltr'><strong>an-</strong></span> 
     </span>
     <span class='ocr_line' id='line_1_9' title="bbox 209 1063 2869 1144; baseline 0.002 -24"><span class='ocrx_word' id='word_1_76' title='bbox 209 1063 426 1121; x_wconf 80' lang='lat' dir='ltr'><strong>etiam</strong></span> <span class='ocrx_word' id='word_1_77' title='bbox 460 1064 777 1123; x_wconf 82' lang='lat' dir='ltr'><strong>Abaelardi</strong></span> <span class='ocrx_word' id='word_1_78' title='bbox 809 1064 874 1122; x_wconf 91' lang='lat' dir='ltr'><strong>in</strong></span> <span class='ocrx_word' id='word_1_79' title='bbox 895 1064 1084 1122; x_wconf 88' lang='lat' dir='ltr'><strong>literis</strong></span> <span class='ocrx_word' id='word_1_80' title='bbox 1106 1064 1363 1123; x_wconf 90' lang='lat' dir='ltr'><strong>multum</strong></span> <span class='ocrx_word' id='word_1_81' title='bbox 1396 1081 1530 1139; x_wconf 90' lang='lat' dir='ltr'><strong>pro·</strong></span> <span class='ocrx_word' id='word_1_82' title='bbox 1591 1065 1686 1123; x_wconf 87' lang='lat' dir='ltr'><strong>nis</strong></span> <span class='ocrx_word' id='word_1_83' title='bbox 1719 1065 1977 1144; x_wconf 90' lang='lat' dir='ltr'><strong>gloriose</strong></span> <span class='ocrx_word' id='word_1_84' title='bbox 2008 1065 2269 1141; x_wconf 77' lang='lat' dir='ltr'><strong>praefuit</strong></span> <span class='ocrx_word' id='word_1_85' title='bbox 2289 1069 2351 1124; x_wconf 90' lang='lat' dir='ltr'><strong>et</strong></span> <span class='ocrx_word' id='word_1_86' title='bbox 2368 1066 2695 1141; x_wconf 89' lang='lat' dir='ltr'><strong>discipulos</strong></span> <span class='ocrx_word' id='word_1_87' title='bbox 2717 1068 2869 1126; x_wconf 89' lang='lat' dir='ltr'><strong>mul-</strong></span> 
     </span>
     <span class='ocr_line' id='line_1_10' title="bbox 212 1150 2869 1232; baseline 0.003 -24"><span class='ocrx_word' id='word_1_88' title='bbox 212 1150 407 1221; x_wconf 84' lang='lat' dir='ltr'><strong>feeit,</strong></span> <span class='ocrx_word' id='word_1_89' title='bbox 442 1152 578 1211; x_wconf 88' lang='lat' dir='ltr'><strong>dein</strong></span> <span class='ocrx_word' id='word_1_90' title='bbox 609 1153 1044 1228; x_wconf 82' lang='lat' dir='ltr'><strong>philosophiam</strong></span> <span class='ocrx_word' id='word_1_91' title='bbox 1064 1152 1268 1211; x_wconf 91' lang='lat' dir='ltr'><strong>docuit</strong></span> <span class='ocrx_word' id='word_1_92' title='bbox 1286 1156 1347 1211; x_wconf 89' lang='lat' dir='ltr'><strong>et</strong></span> <span class='ocrx_word' id='word_1_93' title='bbox 1365 1154 1534 1211; x_wconf 89' lang='lat' dir='ltr'><strong>theo·</strong></span> <span class='ocrx_word' id='word_1_94' title='bbox 1589 1156 1683 1213; x_wconf 89' lang='lat' dir='ltr'><strong>tos</strong></span> <span class='ocrx_word' id='word_1_95' title='bbox 1747 1155 1984 1232; x_wconf 90' lang='lat' dir='ltr'><strong>egregie</strong></span> <span class='ocrx_word' id='word_1_96' title='bbox 2044 1154 2368 1217; x_wconf 81' lang='lat' dir='ltr'><strong>erudivit‘.</strong></span> <span class='ocrx_word' id='word_1_97' title='bbox 2448 1156 2687 1215; x_wconf 82' lang='lat' dir='ltr'><strong>Electus</strong></span> <span class='ocrx_word' id='word_1_98' title='bbox 2750 1157 2869 1216; x_wconf 87' lang='lat' dir='ltr'><strong>fuit</strong></span> 
     </span>
     <span class='ocr_line' id='line_1_11' title="bbox 211 1240 2867 1319; baseline 0.003 -21"><span class='ocrx_word' id='word_1_99' title='bbox 211 1240 482 1317; x_wconf 80' lang='lat' dir='ltr'><strong>logiam.</strong></span> <span class='ocrx_word' id='word_1_100' title='bbox 546 1243 817 1301; x_wconf 90' lang='lat' dir='ltr'><strong>Celebres</strong></span> <span class='ocrx_word' id='word_1_101' title='bbox 862 1241 1072 1301; x_wconf 78' lang='lat' dir='ltr'><strong>habuit</strong></span> <span class='ocrx_word' id='word_1_102' title='bbox 1113 1241 1434 1317; x_wconf 86' lang='lat' dir='ltr'><strong>discipulos</strong></span> <span class='ocrx_word' id='word_1_103' title='bbox 1466 1244 1536 1299; x_wconf 83' lang='lat' dir='ltr'><strong>ut</strong></span> <span class='ocrx_word' id='word_1_104' title='bbox 1590 1244 1901 1319; x_wconf 89' lang='lat' dir='ltr'><strong>episcopus</strong></span> <span class='ocrx_word' id='word_1_105' title='bbox 1945 1243 2326 1313; x_wconf 88' lang='lat' dir='ltr'><strong>tornacensis,</strong></span> <span class='ocrx_word' id='word_1_106' title='bbox 2381 1244 2483 1302; x_wconf 87' lang='lat' dir='ltr'><strong>sed</strong></span> <span class='ocrx_word' id='word_1_107' title='bbox 2533 1244 2867 1305; x_wconf 86' lang='lat' dir='ltr'><strong>Guilelmus</strong></span> 
     </span>
     <span class='ocr_line' id='line_1_12' title="bbox 213 1329 2866 1410; baseline 0.002 -23"><span class='ocrx_word' id='word_1_108' title='bbox 213 1329 540 1389; x_wconf 83' lang='lat' dir='ltr'><strong>Joannem</strong></span> <span class='ocrx_word' id='word_1_109' title='bbox 588 1330 1107 1402; x_wconf 75' lang='lat' dir='ltr'><strong>sarisberiensem,</strong></span> <span class='ocrx_word' id='word_1_110' title='bbox 1151 1332 1327 1406; x_wconf 80' lang='lat' dir='ltr'><strong>juxta</strong></span> <span class='ocrx_word' id='word_1_111' title='bbox 1357 1349 1535 1407; x_wconf 89' lang='lat' dir='ltr'><strong>quem</strong></span> <span class='ocrx_word' id='word_1_112' title='bbox 1589 1332 1839 1407; x_wconf 85' lang='lat' dir='ltr'><strong>archiep.</strong></span> <span class='ocrx_word' id='word_1_113' title='bbox 1873 1332 2158 1392; x_wconf 86' lang='lat' dir='ltr'><strong>remensis</strong></span> <span class='ocrx_word' id='word_1_114' title='bbox 2191 1332 2533 1392; x_wconf 83' lang='lat' dir='ltr'><strong>electionem</strong></span> <span class='ocrx_word' id='word_1_115' title='bbox 2565 1352 2685 1392; x_wconf 91' lang='lat' dir='ltr'><strong>non</strong></span> <span class='ocrx_word' id='word_1_116' title='bbox 2731 1354 2866 1410; x_wconf 88' lang='lat' dir='ltr'><strong>pro-</strong></span> 
     </span>
     <span class='ocr_line' id='line_1_13' title="bbox 216 1420 2866 1497; baseline 0.002 -21"><span class='ocrx_word' id='word_1_117' title='bbox 216 1420 361 1477; x_wconf 85' lang='lat' dir='ltr'><strong>fuit</strong></span> <span class='ocrx_word' id='word_1_118' title='bbox 394 1420 457 1477; x_wconf 90' lang='lat' dir='ltr'><strong>in</strong></span> <span class='ocrx_word' id='word_1_119' title='bbox 489 1420 980 1496; x_wconf 85' lang='lat' dir='ltr'><strong>responsionibus</strong></span> <span class='ocrx_word' id='word_1_120' title='bbox 1030 1421 1351 1496; x_wconf 83' lang='lat' dir='ltr'><strong>perspicax,</strong></span> <span class='ocrx_word' id='word_1_121' title='bbox 1397 1421 1534 1478; x_wconf 90' lang='lat' dir='ltr'><strong>bre·</strong></span> <span class='ocrx_word' id='word_1_122' title='bbox 1588 1420 1787 1480; x_wconf 86' lang='lat' dir='ltr'><strong>bavit:</strong></span> <span class='ocrx_word' id='word_1_123' title='bbox 1822 1422 2012 1480; x_wconf 88' lang='lat' dir='ltr'><strong>factus</strong></span> <span class='ocrx_word' id='word_1_124' title='bbox 2043 1425 2243 1481; x_wconf 86' lang='lat' dir='ltr'><strong>tamen</strong></span> <span class='ocrx_word' id='word_1_125' title='bbox 2274 1425 2367 1480; x_wconf 85' lang='lat' dir='ltr'><strong>est</strong></span> <span class='ocrx_word' id='word_1_126' title='bbox 2386 1426 2592 1497; x_wconf 78' lang='lat' dir='ltr'><strong>postea</strong></span> <span class='ocrx_word' id='word_1_127' title='bbox 2610 1422 2866 1482; x_wconf 82' lang='lat' dir='ltr'><strong>decanus</strong></span> 
     </span>
     <span class='ocr_line' id='line_1_14' title="bbox 216 1508 2866 1585; baseline 0.001 -18"><span class='ocrx_word' id='word_1_128' title='bbox 216 1508 324 1567; x_wconf 77' lang='lat' dir='ltr'><strong>vis</strong></span> <span class='ocrx_word' id='word_1_129' title='bbox 379 1511 439 1566; x_wconf 91' lang='lat' dir='ltr'><strong>et</strong></span> <span class='ocrx_word' id='word_1_130' title='bbox 487 1510 835 1569; x_wconf 88' lang='lat' dir='ltr'><strong>commodus</strong></span> <span class='ocrx_word' id='word_1_131' title='bbox 881 1513 942 1567; x_wconf 91' lang='lat' dir='ltr'><strong>et</strong></span> <span class='ocrx_word' id='word_1_132' title='bbox 991 1509 1174 1567; x_wconf 91' lang='lat' dir='ltr'><strong>studii</strong></span> <span class='ocrx_word' id='word_1_133' title='bbox 1219 1509 1535 1584; x_wconf 65' lang='lat' dir='ltr'><strong>pervi‘sacis</strong></span> <span class='ocrx_word' id='word_1_134' title='bbox 1590 1509 1840 1585; x_wconf 84' lang='lat' dir='ltr'><strong>capituli</strong></span> <span class='ocrx_word' id='word_1_135' title='bbox 1872 1510 2180 1569; x_wconf 87' lang='lat' dir='ltr'><strong>remensis.</strong></span> <span class='ocrx_word' id='word_1_136' title='bbox 2213 1511 2479 1569; x_wconf 89' lang='lat' dir='ltr'><strong>Honores</strong></span> <span class='ocrx_word' id='word_1_137' title='bbox 2502 1510 2738 1570; x_wconf 87' lang='lat' dir='ltr'><strong>demum</strong></span> <span class='ocrx_word' id='word_1_138' title='bbox 2771 1512 2866 1571; x_wconf 86' lang='lat' dir='ltr'><strong>fu-</strong></span> 
     </span>
     <span class='ocr_line' id='line_1_15' title="bbox 220 1591 2867 1680; baseline 0.002 -25"><span class='ocrx_word' id='word_1_139' title='bbox 220 1594 554 1676; x_wconf 77' lang='lat' dir='ltr'><strong>(Metalog.</strong></span> <span class='ocrx_word' id='word_1_140' title='bbox 587 1599 626 1661; x_wconf 92' lang='lat' dir='ltr'><strong>l.</strong></span> <span class='ocrx_word' id='word_1_141' title='bbox 664 1608 698 1660; x_wconf 89' lang='lat'>2</span> <span class='ocrx_word' id='word_1_142' title='bbox 723 1617 771 1661; x_wconf 90' lang='lat' dir='ltr'><strong>c.</strong></span> <span class='ocrx_word' id='word_1_143' title='bbox 796 1610 872 1660; x_wconf 83' lang='lat'><strong>10</strong></span> <span class='ocrx_word' id='word_1_144' title='bbox 892 1599 1088 1675; x_wconf 81' lang='lat' dir='ltr'><strong>Migne</strong></span> <span class='ocrx_word' id='word_1_145' title='bbox 1106 1598 1340 1666; x_wconf 84' lang='lat' dir='ltr'>CXCIX.</span> <span class='ocrx_word' id='word_1_146' title='bbox 1361 1606 1438 1661; x_wconf 85' lang='lat'><strong>86</strong></span> <span class='ocrx_word' id='word_1_147' title='bbox 1452 1609 1480 1660; x_wconf 77' lang='grc' dir='ltr'><strong>ἰ·</strong></span> <span class='ocrx_word' id='word_1_148' title='bbox 1490 1591 1532 1680; x_wconf 91' lang='grc'><strong>),</strong></span> <span class='ocrx_word' id='word_1_149' title='bbox 1589 1599 1761 1676; x_wconf 86' lang='lat' dir='ltr'><strong>giens</strong></span> <span class='ocrx_word' id='word_1_150' title='bbox 1793 1599 1857 1657; x_wconf 91' lang='lat' dir='ltr'><strong>in</strong></span> <span class='ocrx_word' id='word_1_151' title='bbox 1903 1600 2201 1668; x_wconf 88' lang='lat' dir='ltr'><strong>coenobio,</strong></span> <span class='ocrx_word' id='word_1_152' title='bbox 2250 1600 2409 1674; x_wconf 89' lang='lat' dir='ltr'><strong>quod</strong></span> <span class='ocrx_word' id='word_1_153' title='bbox 2440 1600 2680 1677; x_wconf 90' lang='lat' dir='ltr'><strong>Longus</strong></span> <span class='ocrx_word' id='word_1_154' title='bbox 2712 1601 2867 1660; x_wconf 91' lang='lat' dir='ltr'><strong>Pons</strong></span> 
     </span>
     <span class='ocr_line' id='line_1_16' title="bbox 220 1684 2868 1767; baseline 0.002 -23"><span class='ocrx_word' id='word_1_155' title='bbox 220 1706 276 1744; x_wconf 81' lang='lat' dir='ltr'><strong>s.</strong></span> <span class='ocrx_word' id='word_1_156' title='bbox 316 1686 612 1745; x_wconf 87' lang='lat' dir='ltr'><strong>Thomam</strong></span> <span class='ocrx_word' id='word_1_157' title='bbox 647 1688 868 1747; x_wconf 84' lang='lat' dir='ltr'><strong>Becket</strong></span> <span class='ocrx_word' id='word_1_158' title='bbox 894 1691 956 1745; x_wconf 89' lang='lat' dir='ltr'><strong>et</strong></span> <span class='ocrx_word' id='word_1_159' title='bbox 980 1687 1019 1745; x_wconf 82' lang='lat' dir='ltr'>J</span> <span class='ocrx_word' id='word_1_160' title='bbox 1022 1706 1151 1749; x_wconf 89' lang='lat' dir='ltr'><strong>oan.</strong></span> <span class='ocrx_word' id='word_1_161' title='bbox 1172 1687 1533 1746; x_wconf 88' lang='lat' dir='ltr'><strong>Cornubien-</strong></span> <span class='ocrx_word' id='word_1_162' title='bbox 1590 1688 1815 1746; x_wconf 88' lang='lat' dir='ltr'><strong>dicitur</strong></span> <span class='ocrx_word' id='word_1_163' title='bbox 1840 1684 2202 1767; x_wconf 85' lang='lat' dir='ltr'><strong>(Pontinella</strong></span> <span class='ocrx_word' id='word_1_164' title='bbox 2232 1689 2294 1746; x_wconf 94' lang='lat' dir='ltr'><strong>in</strong></span> <span class='ocrx_word' id='word_1_165' title='bbox 2326 1688 2579 1748; x_wconf 88' lang='lat' dir='ltr'><strong>dioecesi</strong></span> <span class='ocrx_word' id='word_1_166' title='bbox 2612 1690 2868 1749; x_wconf 89' lang='lat' dir='ltr'><strong>suessio·</strong></span> 
     </span>
     <span class='ocr_line' id='line_1_17' title="bbox 220 1771 2870 1859; baseline 0.002 -26"><span class='ocrx_word' id='word_1_167' title='bbox 220 1794 384 1836; x_wconf 83' lang='lat' dir='ltr'><strong>sem.</strong></span> <span class='ocrx_word' id='word_1_168' title='bbox 414 1776 564 1834; x_wconf 91' lang='lat' dir='ltr'><strong>Inde</strong></span> <span class='ocrx_word' id='word_1_169' title='bbox 606 1777 847 1835; x_wconf 86' lang='lat' dir='ltr'><strong>transiit</strong></span> <span class='ocrx_word' id='word_1_170' title='bbox 877 1776 1247 1835; x_wconf 79' lang='lat' dir='ltr'><strong>Meidunium</strong></span> <span class='ocrx_word' id='word_1_171' title='bbox 1278 1771 1533 1859; x_wconf 80' lang='lat' dir='ltr'><strong>(Melun)</strong></span> <span class='ocrx_word' id='word_1_172' title='bbox 1589 1773 1788 1858; x_wconf 89' lang='lat' dir='ltr'><strong>nensi)</strong></span> <span class='ocrx_word' id='word_1_173' title='bbox 1806 1777 1871 1836; x_wconf 91' lang='grc' dir='ltr'><strong>Ο.</strong></span> <span class='ocrx_word' id='word_1_174' title='bbox 1891 1777 2048 1845; x_wconf 73' lang='lat' dir='ltr'><strong>cist..</strong></span> <span class='ocrx_word' id='word_1_175' title='bbox 2072 1777 2524 1854; x_wconf 85' lang='lat' dir='ltr'><strong>ipsoingressus</strong></span> <span class='ocrx_word' id='word_1_176' title='bbox 2544 1796 2699 1837; x_wconf 91' lang='lat' dir='ltr'><strong>anno</strong></span> <span class='ocrx_word' id='word_1_177' title='bbox 2719 1779 2870 1838; x_wconf 91' lang='lat' dir='ltr'><strong>obiit</strong></span> 
     </span>
     <span class='ocr_line' id='line_1_18' title="bbox 225 1865 2870 1943; baseline 0.002 -21"><span class='ocrx_word' id='word_1_178' title='bbox 225 1866 404 1922; x_wconf 86' lang='lat' dir='ltr'><strong>unde</strong></span> <span class='ocrx_word' id='word_1_179' title='bbox 449 1865 878 1924; x_wconf 85' lang='lat' dir='ltr'><strong>Melidunensis</strong></span> <span class='ocrx_word' id='word_1_180' title='bbox 923 1866 1374 1943; x_wconf 83' lang='lat' dir='ltr'><strong>cognominatus</strong></span> <span class='ocrx_word' id='word_1_181' title='bbox 1426 1868 1533 1923; x_wconf 88' lang='lat' dir='ltr'><strong>est.</strong></span> <span class='ocrx_word' id='word_1_182' title='bbox 1593 1876 1690 1929; x_wconf 83' lang='lat'><strong>22.</strong></span> <span class='ocrx_word' id='word_1_183' title='bbox 1725 1866 1883 1941; x_wconf 84' lang='lat' dir='ltr'><strong>Sept.</strong></span> <span class='ocrx_word' id='word_1_184' title='bbox 1923 1876 2106 1929; x_wconf 84' lang='grc'><strong>1197.</strong></span> <span class='ocrx_word' id='word_1_185' title='bbox 2155 1867 2382 1926; x_wconf 82' lang='lat' dir='ltr'><strong>Colitur</strong></span> <span class='ocrx_word' id='word_1_186' title='bbox 2421 1878 2513 1930; x_wconf 89' lang='grc'><strong>19.</strong></span> <span class='ocrx_word' id='word_1_187' title='bbox 2547 1868 2679 1943; x_wconf 83' lang='lat' dir='ltr'><strong>Maj.</strong></span> <span class='ocrx_word' id='word_1_188' title='bbox 2714 1867 2870 1927; x_wconf 88' lang='lat' dir='ltr'><strong>inter</strong></span> 
     </span>
     <span class='ocr_line' id='line_1_19' title="bbox 225 1947 2867 2034; baseline 0.001 -22"><span class='ocrx_word' id='word_1_189' title='bbox 225 1954 387 2012; x_wconf 83' lang='lat' dir='ltr'><strong>Post</strong></span> <span class='ocrx_word' id='word_1_190' title='bbox 418 1973 471 2015; x_wconf 82' lang='lat' dir='ltr'><strong>a.</strong></span> <span class='ocrx_word' id='word_1_191' title='bbox 510 1965 591 2017; x_wconf 89' lang='grc'><strong>30</strong></span> <span class='ocrx_word' id='word_1_192' title='bbox 626 1954 807 2012; x_wconf 85' lang='lat' dir='ltr'><strong>rediit</strong></span> <span class='ocrx_word' id='word_1_193' title='bbox 838 1955 902 2012; x_wconf 91' lang='lat' dir='ltr'><strong>in</strong></span> <span class='ocrx_word' id='word_1_194' title='bbox 932 1954 1186 2030; x_wconf 87' lang='lat' dir='ltr'><strong>pat-riam</strong></span> <span class='ocrx_word' id='word_1_195' title='bbox 1217 1958 1277 2013; x_wconf 90' lang='lat' dir='ltr'><strong>et</strong></span> <span class='ocrx_word' id='word_1_196' title='bbox 1308 1955 1533 2012; x_wconf 88' lang='lat' dir='ltr'><strong>electus</strong></span> <span class='ocrx_word' id='word_1_197' title='bbox 1587 1955 1814 2016; x_wconf 81' lang='lat' dir='ltr'><strong>beatos,</strong></span> <span class='ocrx_word' id='word_1_198' title='bbox 1862 1954 2254 2014; x_wconf 87' lang='lat' dir='ltr'><strong>Concinnavit</strong></span> <span class='ocrx_word' id='word_1_199' title='bbox 2286 1947 2589 2014; x_wconf 82' lang='lat' dir='ltr'><strong>Summam</strong></span> <span class='ocrx_word' id='word_1_200' title='bbox 2621 1956 2692 2014; x_wconf 89' lang='lat' dir='ltr'><strong>de</strong></span> <span class='ocrx_word' id='word_1_201' title='bbox 2724 1975 2867 2034; x_wconf 89' lang='lat' dir='ltr'><strong>sug-</strong></span> 
     </span>
     <span class='ocr_line' id='line_1_20' title="bbox 227 2042 2867 2121; baseline 0.001 -20"><span class='ocrx_word' id='word_1_202' title='bbox 227 2050 329 2101; x_wconf 64' lang='lat' dir='ltr'><strong>aet</strong></span> <span class='ocrx_word' id='word_1_203' title='bbox 378 2063 428 2105; x_wconf 88' lang='lat' dir='ltr'><strong>a.</strong></span> <span class='ocrx_word' id='word_1_204' title='bbox 488 2051 658 2106; x_wconf 77' lang='lat'>1136</span> <span class='ocrx_word' id='word_1_205' title='bbox 712 2043 1021 2119; x_wconf 87' lang='lat' dir='ltr'><strong>episcopus</strong></span> <span class='ocrx_word' id='word_1_206' title='bbox 1080 2042 1533 2102; x_wconf 84' lang='lat' dir='ltr'><strong>herefordiensis</strong></span> <span class='ocrx_word' id='word_1_207' title='bbox 1589 2044 1894 2121; x_wconf 85' lang='lat' dir='ltr'><strong>gillatione</strong></span> <span class='ocrx_word' id='word_1_208' title='bbox 1926 2044 2207 2104; x_wconf 88' lang='lat' dir='ltr'><strong>vitiorum</strong></span> <span class='ocrx_word' id='word_1_209' title='bbox 2253 2049 2315 2103; x_wconf 89' lang='lat' dir='ltr'><strong>et</strong></span> <span class='ocrx_word' id='word_1_210' title='bbox 2358 2045 2867 2104; x_wconf 87' lang='lat' dir='ltr'><strong>commendatione</strong></span> 
     </span>
     <span class='ocr_line' id='line_1_21' title="bbox 228 2127 2866 2211; baseline -0.001 -16"><span class='ocrx_word' id='word_1_211' title='bbox 228 2130 301 2207; x_wconf 83' lang='lat'><strong>(†</strong></span> <span class='ocrx_word' id='word_1_212' title='bbox 342 2142 444 2195; x_wconf 83' lang='lat'><strong>28.</strong></span> <span class='ocrx_word' id='word_1_213' title='bbox 476 2133 652 2195; x_wconf 83' lang='lat' dir='ltr'><strong>Febr.</strong></span> <span class='ocrx_word' id='word_1_214' title='bbox 694 2127 904 2211; x_wconf 82' lang='lat'><strong>1167).</strong></span> <span class='ocrx_word' id='word_1_215' title='bbox 943 2132 1275 2191; x_wconf 87' lang='lat' dir='ltr'><strong>Dolendum</strong></span> <span class='ocrx_word' id='word_1_216' title='bbox 1305 2151 1442 2190; x_wconf 90' lang='lat' dir='ltr'><strong>eum</strong></span> <span class='ocrx_word' id='word_1_217' title='bbox 1471 2133 1533 2189; x_wconf 91' lang='lat' dir='ltr'><strong>in</strong></span> <span class='ocrx_word' id='word_1_218' title='bbox 1589 2134 1884 2192; x_wconf 84' lang='lat' dir='ltr'><strong>virtutum</strong></span> <span class='ocrx_word' id='word_1_219' title='bbox 1931 2151 2038 2191; x_wconf 89' lang='lat' dir='ltr'><strong>seu</strong></span> <span class='ocrx_word' id='word_1_220' title='bbox 2087 2133 2357 2205; x_wconf 83' lang='lat' dir='ltr'><strong>ethicam,</strong></span> <span class='ocrx_word' id='word_1_221' title='bbox 2407 2152 2557 2207; x_wconf 90' lang='lat' dir='ltr'><strong>quae</strong></span> <span class='ocrx_word' id='word_1_222' title='bbox 2605 2134 2866 2193; x_wconf 85' lang='lat' dir='ltr'><strong>Verbum</strong></span> 
     </span>
     <span class='ocr_line' id='line_1_22' title="bbox 232 2220 2865 2299; baseline 0.001 -20"><span class='ocrx_word' id='word_1_223' title='bbox 232 2222 671 2280; x_wconf 79' lang='lat' dir='ltr'><strong>controversiis</strong></span> <span class='ocrx_word' id='word_1_224' title='bbox 733 2240 780 2282; x_wconf 82' lang='lat' dir='ltr'><strong>s,</strong></span> <span class='ocrx_word' id='word_1_225' title='bbox 829 2220 1083 2280; x_wconf 87' lang='lat' dir='ltr'><strong>Thomae</strong></span> <span class='ocrx_word' id='word_1_226' title='bbox 1133 2221 1353 2280; x_wconf 85' lang='lat' dir='ltr'><strong>Becket</strong></span> <span class='ocrx_word' id='word_1_227' title='bbox 1398 2240 1535 2280; x_wconf 90' lang='lat' dir='ltr'><strong>cum</strong></span> <span class='ocrx_word' id='word_1_228' title='bbox 1588 2221 2001 2280; x_wconf 85' lang='lat' dir='ltr'><strong>abbreviatum</strong></span> <span class='ocrx_word' id='word_1_229' title='bbox 2060 2223 2238 2280; x_wconf 85' lang='lat' dir='ltr'><strong>etiam</strong></span> <span class='ocrx_word' id='word_1_230' title='bbox 2303 2222 2452 2282; x_wconf 86' lang='lat' dir='ltr'><strong>solet</strong></span> <span class='ocrx_word' id='word_1_231' title='bbox 2513 2224 2865 2299; x_wconf 86' lang='lat' dir='ltr'><strong>nuncupari,</strong></span> 
     </span>
     <span class='ocr_line' id='line_1_23' title="bbox 232 2304 2865 2386; baseline 0.001 -18"><span class='ocrx_word' id='word_1_232' title='bbox 232 2310 502 2369; x_wconf 87' lang='lat' dir='ltr'><strong>Henrico</strong></span> <span class='ocrx_word' id='word_1_233' title='bbox 522 2310 579 2368; x_wconf 92' lang='lat'><strong>11</strong></span> <span class='ocrx_word' id='word_1_234' title='bbox 609 2329 676 2369; x_wconf 83' lang='lat' dir='ltr'><strong>ex</strong></span> <span class='ocrx_word' id='word_1_235' title='bbox 694 2310 881 2369; x_wconf 89' lang='lat' dir='ltr'><strong>nimia</strong></span> <span class='ocrx_word' id='word_1_236' title='bbox 905 2310 1281 2368; x_wconf 85' lang='lat' dir='ltr'><strong>conniventia</strong></span> <span class='ocrx_word' id='word_1_237' title='bbox 1301 2311 1534 2369; x_wconf 79' lang='lat' dir='ltr'><strong>stetisse</strong></span> <span class='ocrx_word' id='word_1_238' title='bbox 1588 2311 1730 2385; x_wconf 89' lang='lat' dir='ltr'><strong>quia</strong></span> <span class='ocrx_word' id='word_1_239' title='bbox 1761 2304 1974 2386; x_wconf 78' lang='lat' dir='ltr'><strong>incipit</strong></span> <span class='ocrx_word' id='word_1_240' title='bbox 2004 2331 2040 2369; x_wconf 87' lang='lat' dir='ltr'><strong>a</strong></span> <span class='ocrx_word' id='word_1_241' title='bbox 2068 2310 2266 2370; x_wconf 81' lang='lat' dir='ltr'><strong>verbis</strong></span> <span class='ocrx_word' id='word_1_242' title='bbox 2302 2311 2462 2370; x_wconf 87' lang='lat' dir='ltr'><strong>Rom.</strong></span> <span class='ocrx_word' id='word_1_243' title='bbox 2489 2321 2544 2383; x_wconf 86' lang='lat'><strong>9,</strong></span> <span class='ocrx_word' id='word_1_244' title='bbox 2572 2320 2649 2373; x_wconf 70' lang='lat'><strong>28</strong></span> <span class='ocrx_word' id='word_1_245' title='bbox 2673 2330 2686 2371; x_wconf 90' lang='lat'><strong>:</strong></span> <span class='ocrx_word' id='word_1_246' title='bbox 2737 2312 2865 2371; x_wconf 81' lang='lat' dir='ltr'><strong>Ver·</strong></span> 
     </span>
     <span class='ocr_line' id='line_1_24' title="bbox 233 2399 2867 2477; baseline 0 -17"><span class='ocrx_word' id='word_1_247' title='bbox 233 2419 272 2460; x_wconf 87' lang='lat' dir='ltr'><strong>e</strong></span> <span class='ocrx_word' id='word_1_248' title='bbox 308 2406 481 2476; x_wconf 84' lang='lat' dir='ltr'><strong>parte</strong></span> <span class='ocrx_word' id='word_1_249' title='bbox 517 2399 693 2477; x_wconf 85' lang='lat' dir='ltr'><strong>regis.</strong></span> <span class='ocrx_word' id='word_1_250' title='bbox 754 2399 962 2458; x_wconf 87' lang='lat' dir='ltr'><strong>Dictus</strong></span> <span class='ocrx_word' id='word_1_251' title='bbox 994 2402 1086 2458; x_wconf 83' lang='lat' dir='ltr'><strong>est</strong></span> <span class='ocrx_word' id='word_1_252' title='bbox 1120 2401 1334 2468; x_wconf 81' lang='lat' dir='ltr'><strong>,vetus</strong></span> <span class='ocrx_word' id='word_1_253' title='bbox 1367 2400 1533 2458; x_wconf 89' lang='lat' dir='ltr'><strong>scho-</strong></span> <span class='ocrx_word' id='word_1_254' title='bbox 1589 2401 1720 2458; x_wconf 84' lang='lat' dir='ltr'><strong>bum</strong></span> <span class='ocrx_word' id='word_1_255' title='bbox 1754 2400 2142 2458; x_wconf 83' lang='lat' dir='ltr'><strong>abbreviatum</strong></span> <span class='ocrx_word' id='word_1_256' title='bbox 2168 2401 2343 2473; x_wconf 82' lang='lat' dir='ltr'><strong>faciet</strong></span> <span class='ocrx_word' id='word_1_257' title='bbox 2372 2400 2659 2459; x_wconf 81' lang='lat' dir='ltr'><strong>Dominus</strong></span> <span class='ocrx_word' id='word_1_258' title='bbox 2689 2419 2867 2474; x_wconf 83' lang='lat' dir='ltr'><strong>super</strong></span> 
     </span>
     <span class='ocr_line' id='line_1_25' title="bbox 234 2488 2865 2566; baseline 0 -19"><span class='ocrx_word' id='word_1_259' title='bbox 234 2489 532 2547; x_wconf 79' lang='lat' dir='ltr'><strong>lasticus‘</strong></span> <span class='ocrx_word' id='word_1_260' title='bbox 572 2493 636 2547; x_wconf 85' lang='lat' dir='ltr'><strong>et</strong></span> <span class='ocrx_word' id='word_1_261' title='bbox 667 2489 996 2563; x_wconf 84' lang='lat' dir='ltr'><strong>composuit</strong></span> <span class='ocrx_word' id='word_1_262' title='bbox 1047 2488 1353 2546; x_wconf 83' lang='lat' dir='ltr'><strong>Summam</strong></span> <span class='ocrx_word' id='word_1_263' title='bbox 1385 2489 1534 2547; x_wconf 75' lang='lat' dir='ltr'><strong>theo·</strong></span> <span class='ocrx_word' id='word_1_264' title='bbox 1595 2497 1833 2547; x_wconf 85' lang='lat' dir='ltr'><strong>terram.</strong></span> <span class='ocrx_word' id='word_1_265' title='bbox 1898 2489 2061 2564; x_wconf 88' lang='lat' dir='ltr'><strong>Opus</strong></span> <span class='ocrx_word' id='word_1_266' title='bbox 2102 2489 2290 2566; x_wconf 87' lang='lat' dir='ltr'><strong>magis</strong></span> <span class='ocrx_word' id='word_1_267' title='bbox 2336 2489 2656 2548; x_wconf 77' lang='lat' dir='ltr'><strong>asceticum</strong></span> <span class='ocrx_word' id='word_1_268' title='bbox 2687 2509 2865 2566; x_wconf 88' lang='lat' dir='ltr'><strong>quam</strong></span> 
     </span>
     <span class='ocr_line' id='line_1_26' title="bbox 234 2577 2866 2656; baseline 0.001 -20"><span class='ocrx_word' id='word_1_269' title='bbox 234 2579 489 2656; x_wconf 74' lang='lat' dir='ltr'><strong>loqicam</strong></span> <span class='ocrx_word' id='word_1_270' title='bbox 521 2577 623 2635; x_wconf 82' lang='lat' dir='ltr'><strong>vel</strong></span> <span class='ocrx_word' id='word_1_271' title='bbox 654 2578 692 2635; x_wconf 94' lang='lat' dir='ltr'><strong>l.</strong></span> <span class='ocrx_word' id='word_1_272' title='bbox 709 2578 1156 2646; x_wconf 85' lang='lat' dir='ltr'><strong>sententiarum,</strong></span> <span class='ocrx_word' id='word_1_273' title='bbox 1188 2577 1254 2635; x_wconf 92' lang='lat' dir='ltr'><strong>in</strong></span> <span class='ocrx_word' id='word_1_274' title='bbox 1273 2596 1394 2652; x_wconf 87' lang='lat' dir='ltr'><strong>qua</strong></span> <span class='ocrx_word' id='word_1_275' title='bbox 1414 2578 1532 2635; x_wconf 90' lang='lat' dir='ltr'><strong>dis·</strong></span> <span class='ocrx_word' id='word_1_276' title='bbox 1588 2577 2023 2648; x_wconf 85' lang='lat' dir='ltr'><strong>scholasticum,</strong></span> <span class='ocrx_word' id='word_1_277' title='bbox 2055 2577 2120 2635; x_wconf 92' lang='lat' dir='ltr'><strong>in</strong></span> <span class='ocrx_word' id='word_1_278' title='bbox 2150 2596 2270 2653; x_wconf 88' lang='lat' dir='ltr'><strong>quo</strong></span> <span class='ocrx_word' id='word_1_279' title='bbox 2289 2581 2455 2637; x_wconf 82' lang='lat' dir='ltr'><strong>notat</strong></span> <span class='ocrx_word' id='word_1_280' title='bbox 2489 2578 2866 2653; x_wconf 75' lang='lat' dir='ltr'><strong>quaestiones</strong></span> 
     </span>
     <span class='ocr_line' id='line_1_27' title="bbox 238 2666 2866 2745; baseline 0.001 -19"><span class='ocrx_word' id='word_1_281' title='bbox 238 2667 395 2726; x_wconf 87' lang='lat' dir='ltr'><strong>serit</strong></span> <span class='ocrx_word' id='word_1_282' title='bbox 441 2667 517 2726; x_wconf 88' lang='lat' dir='ltr'><strong>de</strong></span> <span class='ocrx_word' id='word_1_283' title='bbox 552 2666 693 2737; x_wconf 89' lang='lat' dir='ltr'><strong>Deo,</strong></span> <span class='ocrx_word' id='word_1_284' title='bbox 746 2666 993 2744; x_wconf 87' lang='lat' dir='ltr'><strong>angelis,</strong></span> <span class='ocrx_word' id='word_1_285' title='bbox 1045 2666 1302 2739; x_wconf 89' lang='lat' dir='ltr'><strong>homine,</strong></span> <span class='ocrx_word' id='word_1_286' title='bbox 1353 2666 1533 2727; x_wconf 89' lang='lat' dir='ltr'><strong>Verbi</strong></span> <span class='ocrx_word' id='word_1_287' title='bbox 1590 2667 1769 2727; x_wconf 91' lang='lat' dir='ltr'><strong>nimis</strong></span> <span class='ocrx_word' id='word_1_288' title='bbox 1832 2667 2102 2737; x_wconf 77' lang='lat' dir='ltr'><strong>subtileS,</strong></span> <span class='ocrx_word' id='word_1_289' title='bbox 2168 2667 2459 2744; x_wconf 85' lang='lat' dir='ltr'><strong>spinosas,</strong></span> <span class='ocrx_word' id='word_1_290' title='bbox 2535 2668 2866 2745; x_wconf 79' lang='lat' dir='ltr'><strong>singulares</strong></span> 
     </span>
    </p>
   </div>
   <div class='ocr_carea' id='block_1_3' title="bbox 237 2755 1540 4440">
    <p class='ocr_par' dir='ltr' id='par_1_3' title="bbox 237 2755 1540 4440">
     <span class='ocr_line' id='line_1_28' title="bbox 237 2755 1534 2831; baseline 0 -16"><span class='ocrx_word' id='word_1_291' title='bbox 237 2755 678 2827; x_wconf 80' lang='lat' dir='ltr'><strong>incarnatione,</strong></span> <span class='ocrx_word' id='word_1_292' title='bbox 712 2756 1114 2815; x_wconf 86' lang='lat' dir='ltr'><strong>sacramentis.</strong></span> <span class='ocrx_word' id='word_1_293' title='bbox 1157 2756 1442 2831; x_wconf 85' lang='lat' dir='ltr'><strong>Sequitur</strong></span> <span class='ocrx_word' id='word_1_294' title='bbox 1471 2757 1534 2815; x_wconf 92' lang='lat' dir='ltr'><strong>in</strong></span> 
     </span>
     <span class='ocr_line' id='line_1_29' title="bbox 238 2845 1533 2923; baseline -0.001 -18"><span class='ocrx_word' id='word_1_295' title='bbox 238 2864 310 2905; x_wconf 83' lang='lat' dir='ltr'><strong>eo</strong></span> <span class='ocrx_word' id='word_1_296' title='bbox 342 2846 667 2923; x_wconf 82' lang='lat' dir='ltr'><strong>Bugonem</strong></span> <span class='ocrx_word' id='word_1_297' title='bbox 717 2865 752 2903; x_wconf 88' lang='lat' dir='ltr'><strong>a</strong></span> <span class='ocrx_word' id='word_1_298' title='bbox 784 2863 829 2903; x_wconf 89' lang='lat' dir='ltr'><strong>s.</strong></span> <span class='ocrx_word' id='word_1_299' title='bbox 860 2845 1097 2904; x_wconf 87' lang='lat' dir='ltr'><strong>Victore</strong></span> <span class='ocrx_word' id='word_1_300' title='bbox 1135 2845 1307 2920; x_wconf 86' lang='lat' dir='ltr'><strong>juxta</strong></span> <span class='ocrx_word' id='word_1_301' title='bbox 1352 2845 1533 2921; x_wconf 86' lang='lat' dir='ltr'><strong>hujus</strong></span> 
     </span>
     <span class='ocr_line' id='line_1_30' title="bbox 238 2933 1535 3011; baseline -0.003 -16"><span class='ocrx_word' id='word_1_302' title='bbox 238 2953 397 3011; x_wconf 89' lang='lat' dir='ltr'><strong>opus</strong></span> <span class='ocrx_word' id='word_1_303' title='bbox 430 2935 508 2993; x_wconf 89' lang='lat' dir='ltr'><strong>de</strong></span> <span class='ocrx_word' id='word_1_304' title='bbox 542 2934 926 2993; x_wconf 72' lang='lat' dir='ltr'><strong>sacramentis</strong></span> <span class='ocrx_word' id='word_1_305' title='bbox 958 2933 1241 2995; x_wconf 89' lang='lat' dir='ltr'><strong>fidelium.</strong></span> <span class='ocrx_word' id='word_1_306' title='bbox 1303 2934 1388 2992; x_wconf 88' lang='lat' dir='ltr'><strong>Ea</strong></span> <span class='ocrx_word' id='word_1_307' title='bbox 1418 2934 1535 2993; x_wconf 89' lang='lat' dir='ltr'><strong>etsi</strong></span> 
     </span>
     <span class='ocr_line' id='line_1_31' title="bbox 240 3022 1536 3100; baseline -0.001 -17"><span class='ocrx_word' id='word_1_308' title='bbox 240 3025 379 3083; x_wconf 89' lang='lat' dir='ltr'><strong>luce</strong></span> <span class='ocrx_word' id='word_1_309' title='bbox 399 3024 587 3100; x_wconf 88' lang='lat' dir='ltr'><strong>digna</strong></span> <span class='ocrx_word' id='word_1_310' title='bbox 605 3022 873 3081; x_wconf 89' lang='lat' dir='ltr'><strong>nondum</strong></span> <span class='ocrx_word' id='word_1_311' title='bbox 894 3023 1134 3099; x_wconf 90' lang='lat' dir='ltr'><strong>prodiit,</strong></span> <span class='ocrx_word' id='word_1_312' title='bbox 1169 3024 1326 3081; x_wconf 87' lang='lat' dir='ltr'><strong>haud</strong></span> <span class='ocrx_word' id='word_1_313' title='bbox 1346 3042 1536 3098; x_wconf 86' lang='lat' dir='ltr'><strong>pauca</strong></span> 
     </span>
     <span class='ocr_line' id='line_1_32' title="bbox 238 3111 1536 3188; baseline -0.002 -16"><span class='ocrx_word' id='word_1_314' title='bbox 238 3117 449 3172; x_wconf 78' lang='lat' dir='ltr'><strong>tamen</strong></span> <span class='ocrx_word' id='word_1_315' title='bbox 482 3131 554 3170; x_wconf 81' lang='lat' dir='ltr'><strong>ex</strong></span> <span class='ocrx_word' id='word_1_316' title='bbox 586 3131 655 3170; x_wconf 89' lang='lat' dir='ltr'><strong>ea</strong></span> <span class='ocrx_word' id='word_1_317' title='bbox 683 3111 908 3188; x_wconf 84' lang='lat' dir='ltr'><strong>profert</strong></span> <span class='ocrx_word' id='word_1_318' title='bbox 926 3112 1185 3170; x_wconf 86' lang='lat' dir='ltr'><strong>Bulaeus</strong></span> <span class='ocrx_word' id='word_1_319' title='bbox 1204 3112 1269 3170; x_wconf 92' lang='lat' dir='ltr'><strong>in</strong></span> <span class='ocrx_word' id='word_1_320' title='bbox 1288 3111 1536 3171; x_wconf 81' lang='lat' dir='ltr'><strong>historia</strong></span> 
     </span>
     <span class='ocr_line' id='line_1_33' title="bbox 239 3200 1535 3275; baseline -0.003 -15"><span class='ocrx_word' id='word_1_321' title='bbox 239 3202 665 3260; x_wconf 81' lang='lat' dir='ltr'><strong>universitatis</strong></span> <span class='ocrx_word' id='word_1_322' title='bbox 697 3201 1047 3275; x_wconf 87' lang='lat' dir='ltr'><strong>parisiensis</strong></span> <span class='ocrx_word' id='word_1_323' title='bbox 1080 3200 1154 3259; x_wconf 87' lang='lat' dir='ltr'><strong>ad</strong></span> <span class='ocrx_word' id='word_1_324' title='bbox 1186 3220 1236 3264; x_wconf 90' lang='lat' dir='ltr'><strong>a.</strong></span> <span class='ocrx_word' id='word_1_325' title='bbox 1279 3211 1440 3264; x_wconf 89' lang='grc'><strong>1152</strong></span> <span class='ocrx_word' id='word_1_326' title='bbox 1477 3201 1535 3257; x_wconf 96' lang='lat' dir='ltr'><strong>II</strong></span> 
     </span>
     <span class='ocr_line' id='line_1_34' title="bbox 244 3290 1535 3367; baseline -0.005 -13"><span class='ocrx_word' id='word_1_327' title='bbox 244 3298 628 3360; x_wconf 81' lang='lat'><strong>585—628,</strong></span> <span class='ocrx_word' id='word_1_328' title='bbox 680 3293 751 3348; x_wconf 89' lang='lat' dir='ltr'><strong>ut</strong></span> <span class='ocrx_word' id='word_1_329' title='bbox 801 3290 1131 3367; x_wconf 83' lang='lat' dir='ltr'><strong>theologiae</strong></span> <span class='ocrx_word' id='word_1_330' title='bbox 1181 3308 1317 3348; x_wconf 85' lang='lat' dir='ltr'><strong>vere</strong></span> <span class='ocrx_word' id='word_1_331' title='bbox 1367 3290 1535 3348; x_wconf 90' lang='lat' dir='ltr'><strong>scho-</strong></span> 
     </span>
     <span class='ocr_line' id='line_1_35' title="bbox 241 3378 1536 3455; baseline 0 -17"><span class='ocrx_word' id='word_1_332' title='bbox 241 3381 494 3438; x_wconf 80' lang='lat' dir='ltr'><strong>lasticae</strong></span> <span class='ocrx_word' id='word_1_333' title='bbox 539 3383 604 3438; x_wconf 89' lang='lat' dir='ltr'><strong>et</strong></span> <span class='ocrx_word' id='word_1_334' title='bbox 644 3378 965 3437; x_wconf 87' lang='lat' dir='ltr'><strong>laudabilis</strong></span> <span class='ocrx_word' id='word_1_335' title='bbox 998 3379 1536 3455; x_wconf 85' lang='lat' dir='ltr'><strong>quaestionumque</strong></span> 
     </span>
     <span class='ocr_line' id='line_1_36' title="bbox 240 3467 1536 3545; baseline -0.001 -18"><span class='ocrx_word' id='word_1_336' title='bbox 240 3469 740 3545; x_wconf 82' lang='lat' dir='ltr'><strong>theologicarum,</strong></span> <span class='ocrx_word' id='word_1_337' title='bbox 794 3487 944 3543; x_wconf 90' lang='lat' dir='ltr'><strong>quae</strong></span> <span class='ocrx_word' id='word_1_338' title='bbox 976 3467 1040 3526; x_wconf 91' lang='lat' dir='ltr'><strong>in</strong></span> <span class='ocrx_word' id='word_1_339' title='bbox 1073 3467 1289 3526; x_wconf 85' lang='lat' dir='ltr'><strong>scholis</strong></span> <span class='ocrx_word' id='word_1_340' title='bbox 1322 3467 1536 3545; x_wconf 85' lang='lat' dir='ltr'><strong>agitari</strong></span> 
     </span>
     <span class='ocr_line' id='line_1_37' title="bbox 241 3556 1534 3627; baseline -0.002 -11"><span class='ocrx_word' id='word_1_341' title='bbox 241 3558 359 3616; x_wconf 91' lang='lat' dir='ltr'><strong>hoc</strong></span> <span class='ocrx_word' id='word_1_342' title='bbox 392 3557 600 3615; x_wconf 88' lang='lat' dir='ltr'><strong>seculo</strong></span> <span class='ocrx_word' id='word_1_343' title='bbox 632 3560 1081 3624; x_wconf 79' lang='lat' dir='ltr'><strong>consueverant,</strong></span> <span class='ocrx_word' id='word_1_344' title='bbox 1131 3559 1204 3614; x_wconf 92' lang='lat' dir='ltr'><strong>ut</strong></span> <span class='ocrx_word' id='word_1_345' title='bbox 1246 3556 1401 3614; x_wconf 89' lang='lat' dir='ltr'><strong>idem</strong></span> <span class='ocrx_word' id='word_1_346' title='bbox 1434 3557 1534 3627; x_wconf 85' lang='lat' dir='ltr'><strong>ait,</strong></span> 
     </span>
     <span class='ocr_line' id='line_1_38' title="bbox 241 3644 1537 3721; baseline 0 -17"><span class='ocrx_word' id='word_1_347' title='bbox 241 3646 445 3705; x_wconf 81' lang='lat' dir='ltr'><strong>ideam</strong></span> <span class='ocrx_word' id='word_1_348' title='bbox 466 3648 539 3705; x_wconf 87' lang='lat' dir='ltr'><strong>ad</strong></span> <span class='ocrx_word' id='word_1_349' title='bbox 560 3648 832 3721; x_wconf 86' lang='lat' dir='ltr'><strong>posteros</strong></span> <span class='ocrx_word' id='word_1_350' title='bbox 852 3644 1304 3707; x_wconf 85' lang='lat' dir='ltr'><strong>transmitteret.</strong></span> <span class='ocrx_word' id='word_1_351' title='bbox 1350 3644 1537 3714; x_wconf 85' lang='lat' dir='ltr'><strong>Quae-</strong></span> 
     </span>
     <span class='ocr_line' id='line_1_39' title="bbox 241 3734 1532 3810; baseline -0.002 -16"><span class='ocrx_word' id='word_1_352' title='bbox 241 3736 390 3794; x_wconf 80' lang='lat' dir='ltr'><strong>dam</strong></span> <span class='ocrx_word' id='word_1_353' title='bbox 423 3736 610 3793; x_wconf 85' lang='lat' dir='ltr'><strong>etiam</strong></span> <span class='ocrx_word' id='word_1_354' title='bbox 656 3735 878 3810; x_wconf 77' lang='lat' dir='ltr'><strong>allegat</strong></span> <span class='ocrx_word' id='word_1_355' title='bbox 908 3734 1191 3793; x_wconf 80' lang='lat' dir='ltr'><strong>Mathoud</strong></span> <span class='ocrx_word' id='word_1_356' title='bbox 1240 3735 1302 3792; x_wconf 92' lang='lat' dir='ltr'><strong>in</strong></span> <span class='ocrx_word' id='word_1_357' title='bbox 1335 3734 1532 3793; x_wconf 87' lang='lat' dir='ltr'><strong>obser·</strong></span> 
     </span>
     <span class='ocr_line' id='line_1_40' title="bbox 242 3823 1538 3899; baseline -0.002 -16"><span class='ocrx_word' id='word_1_358' title='bbox 242 3824 600 3883; x_wconf 64' lang='lat' dir='ltr'><strong>rationibus</strong></span> <span class='ocrx_word' id='word_1_359' title='bbox 633 3823 710 3881; x_wconf 88' lang='lat' dir='ltr'><strong>ad</strong></span> <span class='ocrx_word' id='word_1_360' title='bbox 742 3823 882 3884; x_wconf 86' lang='lat' dir='ltr'><strong>Rob.</strong></span> <span class='ocrx_word' id='word_1_361' title='bbox 916 3823 1175 3894; x_wconf 89' lang='lat' dir='ltr'><strong>Pullum,</strong></span> <span class='ocrx_word' id='word_1_362' title='bbox 1209 3824 1380 3899; x_wconf 86' lang='lat' dir='ltr'><strong>cujus</strong></span> <span class='ocrx_word' id='word_1_363' title='bbox 1403 3841 1538 3881; x_wconf 90' lang='lat' dir='ltr'><strong>sen-</strong></span> 
     </span>
     <span class='ocr_line' id='line_1_41' title="bbox 240 3912 1540 3988; baseline -0.002 -15"><span class='ocrx_word' id='word_1_364' title='bbox 240 3913 585 3973; x_wconf 78' lang='lat' dir='ltr'><strong>tentiarum</strong></span> <span class='ocrx_word' id='word_1_365' title='bbox 646 3912 712 3972; x_wconf 93' lang='lat' dir='ltr'><strong>ll.</strong></span> <span class='ocrx_word' id='word_1_366' title='bbox 765 3920 801 3975; x_wconf 90' lang='lat'>8</span> <span class='ocrx_word' id='word_1_367' title='bbox 865 3912 1143 3971; x_wconf 86' lang='lat' dir='ltr'><strong>ediderat.</strong></span> <span class='ocrx_word' id='word_1_368' title='bbox 1207 3913 1540 3988; x_wconf 85' lang='lat' dir='ltr'><strong>Specimina</strong></span> 
     </span>
     <span class='ocr_line' id='line_1_42' title="bbox 244 3990 1538 4078; baseline 0 -18"><span class='ocrx_word' id='word_1_369' title='bbox 244 4001 667 4078; x_wconf 80' lang='lat' dir='ltr'><strong>philosophiae</strong></span> <span class='ocrx_word' id='word_1_370' title='bbox 730 4000 924 4077; x_wconf 90' lang='lat' dir='ltr'><strong>ipsius</strong></span> <span class='ocrx_word' id='word_1_371' title='bbox 947 3990 1212 4076; x_wconf 49' lang='lat' dir='ltr'><strong>&#39;praebet</strong></span> <span class='ocrx_word' id='word_1_372' title='bbox 1261 4001 1538 4060; x_wconf 85' lang='lat' dir='ltr'><strong>Haureau</strong></span> 
     </span>
     <span class='ocr_line' id='line_1_43' title="bbox 247 4089 1536 4164; baseline -0.001 -14"><span class='ocrx_word' id='word_1_373' title='bbox 247 4091 405 4152; x_wconf 85' lang='lat' dir='ltr'><strong>Hist.</strong></span> <span class='ocrx_word' id='word_1_374' title='bbox 457 4091 531 4148; x_wconf 89' lang='lat' dir='ltr'><strong>de</strong></span> <span class='ocrx_word' id='word_1_375' title='bbox 579 4091 637 4148; x_wconf 86' lang='lat' dir='ltr'><strong>la</strong></span> <span class='ocrx_word' id='word_1_376' title='bbox 683 4089 831 4164; x_wconf 90' lang='lat' dir='ltr'><strong>phil.</strong></span> <span class='ocrx_word' id='word_1_377' title='bbox 874 4090 1052 4148; x_wconf 89' lang='lat' dir='ltr'><strong>schol.</strong></span> <span class='ocrx_word' id='word_1_378' title='bbox 1086 4089 1250 4148; x_wconf 91' lang='lat' dir='ltr'><strong>Paris</strong></span> <span class='ocrx_word' id='word_1_379' title='bbox 1292 4099 1409 4152; x_wconf 86' lang='lat'><strong>187</strong></span> <span class='ocrx_word' id='word_1_380' title='bbox 1422 4098 1455 4152; x_wconf 91' lang='lat'>2</span> <span class='ocrx_word' id='word_1_381' title='bbox 1490 4092 1536 4160; x_wconf 90' lang='grc' dir='ltr'><strong>Ι,</strong></span> 
     </span>
     <span class='ocr_line' id='line_1_44' title="bbox 247 4178 1540 4255; baseline -0.005 -12"><span class='ocrx_word' id='word_1_382' title='bbox 247 4190 372 4243; x_wconf 80' lang='lat'><strong>491</strong></span> <span class='ocrx_word' id='word_1_383' title='bbox 434 4198 514 4238; x_wconf 85' lang='lat' dir='ltr'><strong>ss.</strong></span> <span class='ocrx_word' id='word_1_384' title='bbox 578 4178 845 4238; x_wconf 90' lang='lat' dir='ltr'><strong>Ineditae</strong></span> <span class='ocrx_word' id='word_1_385' title='bbox 906 4195 1145 4255; x_wconf 89' lang='lat' dir='ltr'><strong>quoque</strong></span> <span class='ocrx_word' id='word_1_386' title='bbox 1195 4183 1540 4238; x_wconf 87' lang='lat' dir='ltr'><strong>manserunt</strong></span> 
     </span>
     <span class='ocr_line' id='line_1_45' title="bbox 245 4267 1540 4345; baseline -0.002 -17"><span class='ocrx_word' id='word_1_387' title='bbox 245 4271 380 4345; x_wconf 90' lang='lat' dir='ltr'><strong>ejus</strong></span> <span class='ocrx_word' id='word_1_388' title='bbox 412 4269 805 4344; x_wconf 85' lang='lat' dir='ltr'><strong>quaestiones</strong></span> <span class='ocrx_word' id='word_1_389' title='bbox 850 4269 920 4327; x_wconf 81' lang='lat' dir='ltr'><strong>de</strong></span> <span class='ocrx_word' id='word_1_390' title='bbox 962 4267 1162 4326; x_wconf 79' lang='lat' dir='ltr'><strong>divina</strong></span> <span class='ocrx_word' id='word_1_391' title='bbox 1205 4270 1445 4344; x_wconf 77' lang='lat' dir='ltr'><strong>payina,</strong></span> <span class='ocrx_word' id='word_1_392' title='bbox 1480 4271 1540 4327; x_wconf 90' lang='lat' dir='ltr'><strong>et</strong></span> 
     </span>
     <span class='ocr_line' id='line_1_46' title="bbox 246 4351 1385 4440; baseline -0.001 -23"><span class='ocrx_word' id='word_1_393' title='bbox 246 4359 637 4435; x_wconf 77' lang='lat' dir='ltr'><strong>quaestiones</strong></span> <span class='ocrx_word' id='word_1_394' title='bbox 670 4358 739 4416; x_wconf 82' lang='lat' dir='ltr'><strong>de</strong></span> <span class='ocrx_word' id='word_1_395' title='bbox 769 4357 1026 4433; x_wconf 77' lang='lat' dir='ltr'><strong>epistolis</strong></span> <span class='ocrx_word' id='word_1_396' title='bbox 1054 4376 1099 4414; x_wconf 81' lang='lat' dir='ltr'><strong>s.</strong></span> <span class='ocrx_word' id='word_1_397' title='bbox 1132 4351 1385 4440; x_wconf 62' lang='lat' dir='ltr'><strong>Panem).</strong></span> 
     </span>
    </p>
   </div>
   <div class='ocr_carea' id='block_1_4' title="bbox 246 4499 1537 4663">
    <p class='ocr_par' dir='ltr' id='par_1_4' title="bbox 246 4499 1537 4663">
     <span class='ocr_line' id='line_1_47' title="bbox 340 4499 1536 4574; baseline -0.004 -10"><span class='ocrx_word' id='word_1_398' title='bbox 340 4510 444 4564; x_wconf 84' lang='grc'><strong>94.</strong></span> <span class='ocrx_word' id='word_1_399' title='bbox 480 4499 528 4559; x_wconf 88' lang='grc' dir='ltr'>Ρ</span> <span class='ocrx_word' id='word_1_400' title='bbox 542 4519 577 4559; x_wconf 90' lang='lat' dir='ltr'><strong>e</strong></span> <span class='ocrx_word' id='word_1_401' title='bbox 591 4503 621 4558; x_wconf 87' lang='lat' dir='ltr'><strong>t</strong></span> <span class='ocrx_word' id='word_1_402' title='bbox 636 4518 671 4558; x_wconf 92' lang='lat' dir='ltr'><strong>r</strong></span> <span class='ocrx_word' id='word_1_403' title='bbox 683 4519 727 4557; x_wconf 92' lang='lat' dir='ltr'><strong>u</strong></span> <span class='ocrx_word' id='word_1_404' title='bbox 741 4516 770 4557; x_wconf 85' lang='lat' dir='ltr'><strong>s</strong></span> <span class='ocrx_word' id='word_1_405' title='bbox 801 4499 997 4574; x_wconf 81' lang='lat' dir='ltr'><strong>patria</strong></span> <span class='ocrx_word' id='word_1_406' title='bbox 1012 4517 1146 4558; x_wconf 86' lang='lat' dir='ltr'><strong>non</strong></span> <span class='ocrx_word' id='word_1_407' title='bbox 1166 4499 1536 4570; x_wconf 77' lang='lat' dir='ltr'><strong>ParisiensiS,</strong></span> 
     </span>
     <span class='ocr_line' id='line_1_48' title="bbox 246 4588 1537 4663; baseline -0.004 -11"><span class='ocrx_word' id='word_1_408' title='bbox 246 4590 350 4652; x_wconf 67' lang='lat' dir='ltr'><strong>ned</strong></span> <span class='ocrx_word' id='word_1_409' title='bbox 393 4588 864 4658; x_wconf 84' lang='lat' dir='ltr'><strong>Bellovacensis,</strong></span> <span class='ocrx_word' id='word_1_410' title='bbox 912 4589 1233 4647; x_wconf 86' lang='lat' dir='ltr'><strong>canonicus</strong></span> <span class='ocrx_word' id='word_1_411' title='bbox 1278 4588 1537 4663; x_wconf 89' lang='lat' dir='ltr'><strong>primum</strong></span> 
     </span>
    </p>
   </div>
   <div class='ocr_carea' id='block_1_5' title="bbox 247 4709 574 4734">
    <p class='ocr_par' dir='ltr' id='par_1_5' title="bbox 247 4709 574 4734">
     <span class='ocr_line' id='line_1_49' title="bbox 247 4709 574 4734; baseline 0 630"><span class='ocrx_word' id='word_1_412' title='bbox 247 4709 574 4734; x_wconf 95' lang='lat' dir='ltr'><strong> </strong></span> 
     </span>
    </p>
   </div>
   <div class='ocr_carea' id='block_1_6' title="bbox 258 4755 1537 4904">
    <p class='ocr_par' dir='ltr' id='par_1_6' title="bbox 258 4755 1517 4890">
     <span class='ocr_line' id='line_1_50' title="bbox 322 4755 1061 4832; baseline -0.008 -16"><span class='ocrx_word' id='word_1_413' title='bbox 322 4763 361 4832; x_wconf 73' lang='lat'><strong>¹)</strong></span> <span class='ocrx_word' id='word_1_414' title='bbox 384 4759 544 4816; x_wconf 72' lang='lat' dir='ltr'><strong>Iaoco</strong></span> <span class='ocrx_word' id='word_1_415' title='bbox 571 4755 665 4813; x_wconf 76' lang='lat' dir='ltr'><strong>cit</strong></span> <span class='ocrx_word' id='word_1_416' title='bbox 696 4773 831 4829; x_wconf 74' lang='lat' dir='ltr'><strong>pag.</strong></span> <span class='ocrx_word' id='word_1_417' title='bbox 858 4761 961 4815; x_wconf 80' lang='lat'><strong>621</strong></span> <span class='ocrx_word' id='word_1_418' title='bbox 990 4775 1061 4816; x_wconf 85' lang='lat' dir='ltr'><strong>ss</strong></span> 
     </span>
     <span class='ocr_line' id='line_1_51' title="bbox 258 4829 1537 4904; baseline -0.004 -13"><span class='ocrx_word' id='word_1_419' title='bbox 258 4839 261 4846; x_wconf 77' lang='grc'>’</span> <span class='ocrx_word' id='word_1_420' title='bbox 306 4837 359 4904; x_wconf 62' lang='grc' dir='ltr'><strong>Υ)</strong></span> <span class='ocrx_word' id='word_1_421' title='bbox 390 4833 477 4890; x_wconf 82' lang='lat' dir='ltr'><strong>Cf.</strong></span> <span class='ocrx_word' id='word_1_422' title='bbox 506 4829 907 4900; x_wconf 84' lang='lat' dir='ltr'><strong>MorgottKL.</strong></span> <span class='ocrx_word' id='word_1_423' title='bbox 935 4831 1001 4892; x_wconf 85' lang='lat' dir='ltr'><strong>X,</strong></span> <span class='ocrx_word' id='word_1_424' title='bbox 1030 4834 1413 4888; x_wconf 74' lang='lat'><strong>1222—1224:</strong></span> <span class='ocrx_word' id='word_1_425' title='bbox 1441 4833 1537 4886; x_wconf 79' lang='lat' dir='ltr'><strong>Fe-</strong></span> 
     </span>
    </p>
   </div>
   <div class='ocr_carea' id='block_1_7' title="bbox 250 4876 1465 4971">
    <p class='ocr_par' dir='ltr' id='par_1_7' title="bbox 250 4876 1465 4971">
     <span class='ocr_line' id='line_1_52' title="bbox 250 4876 1465 4971; baseline -0.003 -9"><span class='ocrx_word' id='word_1_426' title='bbox 250 4908 331 4962; x_wconf 72' lang='lat' dir='ltr'><strong>ret</strong></span> <span class='ocrx_word' id='word_1_427' title='bbox 358 4906 397 4971; x_wconf 82' lang='lat' dir='ltr'><strong>l,</strong></span> <span class='ocrx_word' id='word_1_428' title='bbox 426 4876 679 4962; x_wconf 68' lang='lat' dir='ltr'><strong>88-ss:</strong></span> <span class='ocrx_word' id='word_1_429' title='bbox 708 4901 853 4958; x_wconf 75' lang='lat' dir='ltr'><strong>Eiet.</strong></span> <span class='ocrx_word' id='word_1_430' title='bbox 881 4901 966 4958; x_wconf 90' lang='lat' dir='ltr'><strong>lit.</strong></span> <span class='ocrx_word' id='word_1_431' title='bbox 995 4901 1138 4964; x_wconf 83' lang='lat' dir='ltr'><strong>XIII,</strong></span> <span class='ocrx_word' id='word_1_432' title='bbox 1167 4906 1465 4959; x_wconf 77' lang='lat'><strong>371—376.</strong></span> 
     </span>
    </p>
   </div>
   <div class='ocr_carea' id='block_1_8' title="bbox 300 5089 377 5132">
    <p class='ocr_par' dir='ltr' id='par_1_8' title="bbox 300 5089 377 5132">
     <span class='ocr_line' id='line_1_53' title="bbox 300 5089 377 5132; baseline 0 -42"><span class='ocrx_word' id='word_1_433' title='bbox 300 5089 377 5132; x_wconf 16' lang='lat'><strong>⁷(-</strong></span> 
     </span>
    </p>
   </div>
   <div class='ocr_carea' id='block_1_9' title="bbox 1587 2752 2871 4255">
    <p class='ocr_par' dir='ltr' id='par_1_9' title="bbox 1587 2752 2871 4255">
     <span class='ocr_line' id='line_1_54' title="bbox 1592 2752 2866 2838; baseline 0.002 -23"><span class='ocrx_word' id='word_1_434' title='bbox 1592 2776 1922 2832; x_wconf 82' lang='lat' dir='ltr'><strong>parumque</strong></span> <span class='ocrx_word' id='word_1_435' title='bbox 1940 2756 2122 2815; x_wconf 87' lang='lat' dir='ltr'><strong>utiles</strong></span> <span class='ocrx_word' id='word_1_436' title='bbox 2158 2752 2231 2838; x_wconf 92' lang='lat' dir='ltr'><strong>(c.</strong></span> <span class='ocrx_word' id='word_1_437' title='bbox 2252 2753 2335 2837; x_wconf 89' lang='lat'><strong>3).</strong></span> <span class='ocrx_word' id='word_1_438' title='bbox 2367 2757 2611 2816; x_wconf 88' lang='lat' dir='ltr'><strong>Editum</strong></span> <span class='ocrx_word' id='word_1_439' title='bbox 2628 2765 2688 2816; x_wconf 89' lang='lat' dir='ltr'><strong>et</strong></span> <span class='ocrx_word' id='word_1_440' title='bbox 2707 2758 2866 2817; x_wconf 92' lang='lat' dir='ltr'><strong>notis</strong></span> 
     </span>
     <span class='ocr_line' id='line_1_55' title="bbox 1587 2845 2866 2923; baseline 0.002 -20"><span class='ocrx_word' id='word_1_441' title='bbox 1587 2847 1956 2904; x_wconf 87' lang='lat' dir='ltr'><strong>illustratum</strong></span> <span class='ocrx_word' id='word_1_442' title='bbox 2018 2845 2136 2904; x_wconf 88' lang='lat' dir='ltr'><strong>fuit</strong></span> <span class='ocrx_word' id='word_1_443' title='bbox 2198 2865 2233 2905; x_wconf 87' lang='lat' dir='ltr'><strong>a</strong></span> <span class='ocrx_word' id='word_1_444' title='bbox 2293 2846 2539 2923; x_wconf 85' lang='lat' dir='ltr'><strong>Georgio</strong></span> <span class='ocrx_word' id='word_1_445' title='bbox 2579 2847 2866 2923; x_wconf 86' lang='lat' dir='ltr'><strong>Galopino</strong></span> 
     </span>
     <span class='ocr_line' id='line_1_56' title="bbox 1591 2934 2865 3006; baseline -0.002 -12"><span class='ocrx_word' id='word_1_446' title='bbox 1591 2935 1749 2996; x_wconf 90' lang='lat' dir='ltr'><strong>OSB.</strong></span> <span class='ocrx_word' id='word_1_447' title='bbox 1780 2934 2085 2994; x_wconf 83' lang='lat' dir='ltr'><strong>Montibus</strong></span> <span class='ocrx_word' id='word_1_448' title='bbox 2135 2934 2442 2993; x_wconf 80' lang='lat' dir='ltr'><strong>Hanoniae</strong></span> <span class='ocrx_word' id='word_1_449' title='bbox 2483 2945 2644 2997; x_wconf 85' lang='lat'>1639</span> <span class='ocrx_word' id='word_1_450' title='bbox 2693 2936 2757 2994; x_wconf 90' lang='lat' dir='ltr'><strong>in</strong></span> <span class='ocrx_word' id='word_1_451' title='bbox 2790 2946 2865 3006; x_wconf 88' lang='lat'><strong>4.,</strong></span> 
     </span>
     <span class='ocr_line' id='line_1_57' title="bbox 1592 3022 2867 3100; baseline 0 -18"><span class='ocrx_word' id='word_1_452' title='bbox 1592 3042 1872 3082; x_wconf 88' lang='lat' dir='ltr'><strong>recusum</strong></span> <span class='ocrx_word' id='word_1_453' title='bbox 1892 3042 1926 3080; x_wconf 87' lang='lat' dir='ltr'><strong>a</strong></span> <span class='ocrx_word' id='word_1_454' title='bbox 1943 3024 2144 3100; x_wconf 73' lang='lat' dir='ltr'><strong>Migre</strong></span> <span class='ocrx_word' id='word_1_455' title='bbox 2163 3027 2204 3082; x_wconf 92' lang='lat' dir='ltr'><strong>t.</strong></span> <span class='ocrx_word' id='word_1_456' title='bbox 2227 3022 2379 3093; x_wconf 87' lang='lat' dir='ltr'><strong>CCV,</strong></span> <span class='ocrx_word' id='word_1_457' title='bbox 2404 3033 2726 3087; x_wconf 84' lang='lat'><strong>23—370.</strong></span> <span class='ocrx_word' id='word_1_458' title='bbox 2757 3025 2867 3083; x_wconf 87' lang='lat' dir='ltr'><strong>Re-</strong></span> 
     </span>
     <span class='ocr_line' id='line_1_58' title="bbox 1588 3112 2868 3189; baseline 0.001 -19"><span class='ocrx_word' id='word_1_459' title='bbox 1588 3113 1771 3189; x_wconf 87' lang='lat' dir='ltr'><strong>liquit</strong></span> <span class='ocrx_word' id='word_1_460' title='bbox 1802 3112 2059 3188; x_wconf 86' lang='lat' dir='ltr'><strong>plurima</strong></span> <span class='ocrx_word' id='word_1_461' title='bbox 2088 3112 2331 3181; x_wconf 76' lang='lat' dir='ltr'><strong>inedita,</strong></span> <span class='ocrx_word' id='word_1_462' title='bbox 2367 3115 2438 3171; x_wconf 91' lang='lat' dir='ltr'><strong>ut</strong></span> <span class='ocrx_word' id='word_1_463' title='bbox 2469 3115 2868 3172; x_wconf 77' lang='lat' dir='ltr'><strong>annotationes</strong></span> 
     </span>
     <span class='ocr_line' id='line_1_59' title="bbox 1589 3200 2870 3263; baseline -0.001 -2"><span class='ocrx_word' id='word_1_464' title='bbox 1589 3206 1650 3261; x_wconf 92' lang='lat' dir='ltr'><strong>et</strong></span> <span class='ocrx_word' id='word_1_465' title='bbox 1680 3200 1884 3259; x_wconf 87' lang='lat' dir='ltr'><strong>brevia</strong></span> <span class='ocrx_word' id='word_1_466' title='bbox 1927 3201 2345 3259; x_wconf 84' lang='lat' dir='ltr'><strong>commentaria</strong></span> <span class='ocrx_word' id='word_1_467' title='bbox 2389 3202 2452 3260; x_wconf 92' lang='lat' dir='ltr'><strong>in</strong></span> <span class='ocrx_word' id='word_1_468' title='bbox 2483 3205 2677 3260; x_wconf 87' lang='lat' dir='ltr'><strong>totum</strong></span> <span class='ocrx_word' id='word_1_469' title='bbox 2709 3201 2776 3263; x_wconf 89' lang='lat' dir='ltr'><strong>V.</strong></span> <span class='ocrx_word' id='word_1_470' title='bbox 2809 3205 2870 3260; x_wconf 88' lang='lat' dir='ltr'><strong>et</strong></span> 
     </span>
     <span class='ocr_line' id='line_1_60' title="bbox 1592 3287 2870 3358; baseline 0.001 -10"><span class='ocrx_word' id='word_1_471' title='bbox 1592 3290 1664 3349; x_wconf 81' lang='lat' dir='ltr'><strong>N.</strong></span> <span class='ocrx_word' id='word_1_472' title='bbox 1709 3290 2179 3358; x_wconf 78' lang='lat' dir='ltr'><strong>Testamentum:</strong></span> <span class='ocrx_word' id='word_1_473' title='bbox 2228 3294 2301 3348; x_wconf 90' lang='lat' dir='ltr'><strong>tr.</strong></span> <span class='ocrx_word' id='word_1_474' title='bbox 2343 3287 2417 3350; x_wconf 77' lang='lat' dir='ltr'><strong>de</strong></span> <span class='ocrx_word' id='word_1_475' title='bbox 2464 3294 2870 3350; x_wconf 74' lang='lat' dir='ltr'><strong>contrarietate</strong></span> 
     </span>
     <span class='ocr_line' id='line_1_61' title="bbox 1592 3379 2864 3452; baseline 0 -14"><span class='ocrx_word' id='word_1_476' title='bbox 1592 3380 1935 3452; x_wconf 66' lang='lat' dir='ltr'><strong>Scripturas</strong></span> <span class='ocrx_word' id='word_1_477' title='bbox 1948 3397 2050 3437; x_wconf 87' lang='lat' dir='ltr'><strong>seu</strong></span> <span class='ocrx_word' id='word_1_478' title='bbox 2068 3379 2139 3437; x_wconf 89' lang='lat' dir='ltr'><strong>de</strong></span> <span class='ocrx_word' id='word_1_479' title='bbox 2154 3379 2674 3438; x_wconf 79' lang='lat' dir='ltr'><strong>contrarietatibus</strong></span> <span class='ocrx_word' id='word_1_480' title='bbox 2699 3380 2864 3439; x_wconf 86' lang='lat' dir='ltr'><strong>theo-</strong></span> 
     </span>
     <span class='ocr_line' id='line_1_62' title="bbox 1594 3466 2871 3544; baseline 0 -18"><span class='ocrx_word' id='word_1_481' title='bbox 1594 3468 1817 3544; x_wconf 80' lang='lat' dir='ltr'><strong>logiciS,</strong></span> <span class='ocrx_word' id='word_1_482' title='bbox 1851 3466 1924 3526; x_wconf 94' lang='lat' dir='ltr'><strong>ab</strong></span> <span class='ocrx_word' id='word_1_483' title='bbox 1945 3467 2078 3525; x_wconf 89' lang='lat' dir='ltr'><strong>aliis</strong></span> <span class='ocrx_word' id='word_1_484' title='bbox 2100 3468 2455 3541; x_wconf 84' lang='lat' dir='ltr'><strong>inscriptum</strong></span> <span class='ocrx_word' id='word_1_485' title='bbox 2478 3468 2871 3527; x_wconf 86' lang='lat' dir='ltr'><strong>Grammatica</strong></span> 
     </span>
     <span class='ocr_line' id='line_1_63' title="bbox 1592 3556 2869 3634; baseline -0.001 -19"><span class='ocrx_word' id='word_1_486' title='bbox 1592 3557 1996 3634; x_wconf 86' lang='lat' dir='ltr'><strong>theologorum</strong></span> <span class='ocrx_word' id='word_1_487' title='bbox 2034 3556 2108 3615; x_wconf 90' lang='lat' dir='ltr'><strong>ad</strong></span> <span class='ocrx_word' id='word_1_488' title='bbox 2139 3556 2508 3615; x_wconf 87' lang='lat' dir='ltr'><strong>intellectum</strong></span> <span class='ocrx_word' id='word_1_489' title='bbox 2533 3575 2578 3619; x_wconf 91' lang='lat' dir='ltr'><strong>s.</strong></span> <span class='ocrx_word' id='word_1_490' title='bbox 2600 3556 2869 3631; x_wconf 88' lang='lat' dir='ltr'><strong>Scriptu-</strong></span> 
     </span>
     <span class='ocr_line' id='line_1_64' title="bbox 1591 3645 2866 3714; baseline -0.002 -10"><span class='ocrx_word' id='word_1_491' title='bbox 1591 3665 1690 3704; x_wconf 89' lang='lat' dir='ltr'><strong>rae</strong></span> <span class='ocrx_word' id='word_1_492' title='bbox 1723 3645 1790 3703; x_wconf 90' lang='lat' dir='ltr'><strong>in</strong></span> <span class='ocrx_word' id='word_1_493' title='bbox 1822 3645 2028 3704; x_wconf 85' lang='lat' dir='ltr'><strong>multis</strong></span> <span class='ocrx_word' id='word_1_494' title='bbox 2074 3645 2217 3704; x_wconf 88' lang='lat' dir='ltr'><strong>locis</strong></span> <span class='ocrx_word' id='word_1_495' title='bbox 2264 3646 2406 3703; x_wconf 87' lang='lat' dir='ltr'><strong>satis</strong></span> <span class='ocrx_word' id='word_1_496' title='bbox 2449 3645 2650 3714; x_wconf 76' lang='lat' dir='ltr'><strong>utilis:</strong></span> <span class='ocrx_word' id='word_1_497' title='bbox 2698 3645 2866 3703; x_wconf 86' lang='lat' dir='ltr'><strong>Sum·</strong></span> 
     </span>
     <span class='ocr_line' id='line_1_65' title="bbox 1593 3734 2869 3811; baseline -0.001 -18"><span class='ocrx_word' id='word_1_498' title='bbox 1593 3754 1750 3793; x_wconf 83' lang='lat' dir='ltr'><strong>mam</strong></span> <span class='ocrx_word' id='word_1_499' title='bbox 1781 3754 2056 3811; x_wconf 89' lang='lat' dir='ltr'><strong>magnam</strong></span> <span class='ocrx_word' id='word_1_500' title='bbox 2074 3734 2146 3794; x_wconf 90' lang='lat' dir='ltr'><strong>de</strong></span> <span class='ocrx_word' id='word_1_501' title='bbox 2168 3735 2545 3793; x_wconf 79' lang='lat' dir='ltr'><strong>sacramentis</strong></span> <span class='ocrx_word' id='word_1_502' title='bbox 2566 3738 2628 3792; x_wconf 88' lang='lat' dir='ltr'><strong>et</strong></span> <span class='ocrx_word' id='word_1_503' title='bbox 2641 3734 2869 3792; x_wconf 87' lang='lat' dir='ltr'><strong>animae</strong></span> 
     </span>
     <span class='ocr_line' id='line_1_66' title="bbox 1595 3818 2868 3894; baseline -0.001 -12"><span class='ocrx_word' id='word_1_504' title='bbox 1595 3823 1879 3886; x_wconf 80' lang='lat' dir='ltr'><strong>consiliis,</strong></span> <span class='ocrx_word' id='word_1_505' title='bbox 1916 3823 2179 3882; x_wconf 87' lang='lat' dir='ltr'><strong>Alterius</strong></span> <span class='ocrx_word' id='word_1_506' title='bbox 2211 3841 2477 3881; x_wconf 87' lang='lat' dir='ltr'><strong>summae</strong></span> <span class='ocrx_word' id='word_1_507' title='bbox 2497 3818 2641 3881; x_wconf 85' lang='lat' dir='ltr'><strong>Abel</strong></span> <span class='ocrx_word' id='word_1_508' title='bbox 2660 3823 2868 3894; x_wconf 82' lang='lat' dir='ltr'><strong>dictae,</strong></span> 
     </span>
     <span class='ocr_line' id='line_1_67' title="bbox 1595 3911 2868 3988; baseline 0 -18"><span class='ocrx_word' id='word_1_509' title='bbox 1595 3931 1661 3971; x_wconf 93' lang='lat' dir='ltr'><strong>eo</strong></span> <span class='ocrx_word' id='word_1_510' title='bbox 1695 3913 1853 3988; x_wconf 91' lang='lat' dir='ltr'><strong>quod</strong></span> <span class='ocrx_word' id='word_1_511' title='bbox 1888 3911 2212 3988; x_wconf 89' lang='lat' dir='ltr'><strong>procedens</strong></span> <span class='ocrx_word' id='word_1_512' title='bbox 2244 3930 2351 3988; x_wconf 90' lang='lat' dir='ltr'><strong>per</strong></span> <span class='ocrx_word' id='word_1_513' title='bbox 2370 3912 2634 3970; x_wconf 86' lang='lat' dir='ltr'><strong>ordinem</strong></span> <span class='ocrx_word' id='word_1_514' title='bbox 2669 3912 2868 3988; x_wconf 89' lang='lat' dir='ltr'><strong>alpha-</strong></span> 
     </span>
     <span class='ocr_line' id='line_1_68' title="bbox 1591 4001 2871 4077; baseline 0 -18"><span class='ocrx_word' id='word_1_515' title='bbox 1591 4002 1857 4059; x_wconf 88' lang='lat' dir='ltr'><strong>beticum</strong></span> <span class='ocrx_word' id='word_1_516' title='bbox 1890 4020 1924 4059; x_wconf 86' lang='lat' dir='ltr'><strong>a</strong></span> <span class='ocrx_word' id='word_1_517' title='bbox 1954 4001 2192 4060; x_wconf 91' lang='lat' dir='ltr'><strong>nomine</strong></span> <span class='ocrx_word' id='word_1_518' title='bbox 2226 4001 2376 4059; x_wconf 91' lang='lat' dir='ltr'><strong>Abel</strong></span> <span class='ocrx_word' id='word_1_519' title='bbox 2407 4001 2673 4077; x_wconf 86' lang='lat' dir='ltr'><strong>incipiat,</strong></span> <span class='ocrx_word' id='word_1_520' title='bbox 2720 4020 2871 4077; x_wconf 87' lang='lat' dir='ltr'><strong>quae</strong></span> 
     </span>
     <span class='ocr_line' id='line_1_69' title="bbox 1594 4090 2868 4166; baseline -0.001 -17"><span class='ocrx_word' id='word_1_521' title='bbox 1594 4090 1944 4149; x_wconf 87' lang='lat' dir='ltr'><strong>inscribitur</strong></span> <span class='ocrx_word' id='word_1_522' title='bbox 1976 4090 2401 4159; x_wconf 73' lang='lat' dir='ltr'><strong>Distinctiones,</strong></span> <span class='ocrx_word' id='word_1_523' title='bbox 2437 4109 2711 4166; x_wconf 86' lang='lat' dir='ltr'><strong>magnam</strong></span> <span class='ocrx_word' id='word_1_524' title='bbox 2735 4110 2868 4166; x_wconf 87' lang='lat' dir='ltr'><strong>par·</strong></span> 
     </span>
     <span class='ocr_line' id='line_1_70' title="bbox 1592 4178 2870 4255; baseline -0.001 -17"><span class='ocrx_word' id='word_1_525' title='bbox 1592 4181 1715 4238; x_wconf 89' lang='lat' dir='ltr'><strong>tem</strong></span> <span class='ocrx_word' id='word_1_526' title='bbox 1747 4178 1996 4255; x_wconf 82' lang='lat' dir='ltr'><strong>edidit1)</strong></span> <span class='ocrx_word' id='word_1_527' title='bbox 2029 4180 2258 4237; x_wconf 89' lang='lat' dir='ltr'><strong>demum</strong></span> <span class='ocrx_word' id='word_1_528' title='bbox 2280 4179 2443 4237; x_wconf 86' lang='lat' dir='ltr'><strong>Pitra</strong></span> <span class='ocrx_word' id='word_1_529' title='bbox 2475 4179 2539 4236; x_wconf 90' lang='lat' dir='ltr'><strong>in</strong></span> <span class='ocrx_word' id='word_1_530' title='bbox 2560 4179 2870 4255; x_wconf 86' lang='lat' dir='ltr'><strong>Spicilegio</strong></span> 
     </span>
    </p>
   </div>
   <div class='ocr_carea' id='block_1_10' title="bbox 1593 4321 1909 4328">
    <p class='ocr_par' dir='ltr' id='par_1_10' title="bbox 1593 4321 1909 4328">
     <span class='ocr_line' id='line_1_71' title="bbox 1593 4321 1909 4328; baseline 0 0"><span class='ocrx_word' id='word_1_531' title='bbox 1593 4321 1909 4328; x_wconf 95' lang='lat' dir='ltr'><strong> </strong></span> 
     </span>
    </p>
   </div>
   <div class='ocr_carea' id='block_1_11' title="bbox 1594 4400 2873 4970">
    <p class='ocr_par' dir='ltr' id='par_1_11' title="bbox 1594 4400 2873 4970">
     <span class='ocr_line' id='line_1_72' title="bbox 1676 4400 2871 4472; baseline -0.003 -16"><span class='ocrx_word' id='word_1_532' title='bbox 1676 4410 1710 4467; x_wconf 90' lang='lat'><strong>¹)</strong></span> <span class='ocrx_word' id='word_1_533' title='bbox 1745 4401 1827 4456; x_wconf 85' lang='lat' dir='ltr'><strong>Cf.</strong></span> <span class='ocrx_word' id='word_1_534' title='bbox 1856 4405 1914 4456; x_wconf 79' lang='lat' dir='ltr'>F</span> <span class='ocrx_word' id='word_1_535' title='bbox 1944 4403 1994 4456; x_wconf 83' lang='lat' dir='ltr'><strong>S.</strong></span> <span class='ocrx_word' id='word_1_536' title='bbox 2025 4405 2178 4472; x_wconf 67' lang='lat' dir='ltr'><strong>(iuti</strong></span> <span class='ocrx_word' id='word_1_537' title='bbox 2169 4405 2286 4464; x_wconf 76' lang='lat' dir='ltr'><strong>ihr</strong></span> <span class='ocrx_word' id='word_1_538' title='bbox 2318 4403 2416 4469; x_wconf 87' lang='lat' dir='ltr'><strong>qui</strong></span> <span class='ocrx_word' id='word_1_539' title='bbox 2444 4419 2507 4454; x_wconf 83' lang='lat' dir='ltr'><strong>ex</strong></span> <span class='ocrx_word' id='word_1_540' title='bbox 2536 4401 2751 4455; x_wconf 83' lang='lat' dir='ltr'><strong>schedis</strong></span> <span class='ocrx_word' id='word_1_541' title='bbox 2778 4400 2871 4453; x_wconf 91' lang='lat' dir='ltr'><strong>Dr.</strong></span> 
     </span>
     <span class='ocr_line' id='line_1_73' title="bbox 1598 4471 2873 4544; baseline -0.003 -15"><span class='ocrx_word' id='word_1_542' title='bbox 1598 4474 1824 4529; x_wconf 84' lang='lat' dir='ltr'><strong>Ottonis</strong></span> <span class='ocrx_word' id='word_1_543' title='bbox 1887 4473 2115 4528; x_wconf 64' lang='lat' dir='ltr'><strong>Schmid</strong></span> <span class='ocrx_word' id='word_1_544' title='bbox 2180 4473 2511 4544; x_wconf 83' lang='lat' dir='ltr'><strong>professoris</strong></span> <span class='ocrx_word' id='word_1_545' title='bbox 2559 4471 2873 4542; x_wconf 83' lang='lat' dir='ltr'><strong>graecensis</strong></span> 
     </span>
     <span class='ocr_line' id='line_1_74' title="bbox 1597 4543 2873 4616; baseline -0.002 -18"><span class='ocrx_word' id='word_1_546' title='bbox 1597 4554 1642 4605; x_wconf 81' lang='lat'><strong>(†</strong></span> <span class='ocrx_word' id='word_1_547' title='bbox 1668 4550 1719 4601; x_wconf 83' lang='lat'><strong>9.</strong></span> <span class='ocrx_word' id='word_1_548' title='bbox 1744 4547 1870 4599; x_wconf 80' lang='lat' dir='ltr'><strong>Jan.</strong></span> <span class='ocrx_word' id='word_1_549' title='bbox 1901 4548 2059 4616; x_wconf 81' lang='lat'>1892)</span> <span class='ocrx_word' id='word_1_550' title='bbox 2087 4545 2405 4600; x_wconf 76' lang='lat' dir='ltr'><strong>elaboravit</strong></span> <span class='ocrx_word' id='word_1_551' title='bbox 2439 4544 2766 4612; x_wconf 80' lang='lat' dir='ltr'><strong>diligentem</strong></span> <span class='ocrx_word' id='word_1_552' title='bbox 2803 4543 2873 4596; x_wconf 88' lang='lat' dir='ltr'><strong>de</strong></span> 
     </span>
     <span class='ocr_line' id='line_1_75' title="bbox 1597 4613 2870 4671; baseline -0.002 -3"><span class='ocrx_word' id='word_1_553' title='bbox 1597 4616 1763 4670; x_wconf 90' lang='lat' dir='ltr'><strong>Petro</strong></span> <span class='ocrx_word' id='word_1_554' title='bbox 1791 4617 1848 4671; x_wconf 83' lang='lat' dir='ltr'><strong>C.</strong></span> <span class='ocrx_word' id='word_1_555' title='bbox 1877 4616 2006 4669; x_wconf 82' lang='lat' dir='ltr'><strong>diss.</strong></span> <span class='ocrx_word' id='word_1_556' title='bbox 2048 4617 2249 4670; x_wconf 85' lang='lat' dir='ltr'><strong>Petrus</strong></span> <span class='ocrx_word' id='word_1_557' title='bbox 2291 4619 2500 4669; x_wconf 83' lang='lat' dir='ltr'><strong>Cantor</strong></span> <span class='ocrx_word' id='word_1_558' title='bbox 2527 4613 2870 4670; x_wconf 85' lang='lat' dir='ltr'><strong>Parisiensis</strong></span> 
     </span>
     <span class='ocr_line' id='line_1_76' title="bbox 1594 4685 2873 4752; baseline -0.003 -11"><span class='ocrx_word' id='word_1_559' title='bbox 1594 4688 1713 4741; x_wconf 86' lang='lat' dir='ltr'><strong>sein</strong></span> <span class='ocrx_word' id='word_1_560' title='bbox 1726 4687 1913 4742; x_wconf 89' lang='lat' dir='ltr'><strong>Leben</strong></span> <span class='ocrx_word' id='word_1_561' title='bbox 1929 4689 2048 4741; x_wconf 88' lang='lat' dir='ltr'><strong>und</strong></span> <span class='ocrx_word' id='word_1_562' title='bbox 2064 4688 2217 4742; x_wconf 90' lang='lat' dir='ltr'><strong>seine</strong></span> <span class='ocrx_word' id='word_1_563' title='bbox 2235 4687 2530 4750; x_wconf 80' lang='lat' dir='ltr'><strong>Schriften,</strong></span> <span class='ocrx_word' id='word_1_564' title='bbox 2543 4685 2636 4740; x_wconf 87' lang='lat' dir='ltr'><strong>ein</strong></span> <span class='ocrx_word' id='word_1_565' title='bbox 2647 4687 2873 4752; x_wconf 86' lang='lat' dir='ltr'><strong>Beitrag</strong></span> 
     </span>
     <span class='ocr_line' id='line_1_77' title="bbox 1596 4756 2872 4826; baseline -0.002 -15"><span class='ocrx_word' id='word_1_566' title='bbox 1596 4778 1696 4812; x_wconf 87' lang='lat' dir='ltr'><strong>zur</strong></span> <span class='ocrx_word' id='word_1_567' title='bbox 1737 4759 2043 4813; x_wconf 76' lang='lat' dir='ltr'><strong>Literatur·</strong></span> <span class='ocrx_word' id='word_1_568' title='bbox 2085 4760 2203 4813; x_wconf 88' lang='lat' dir='ltr'><strong>und</strong></span> <span class='ocrx_word' id='word_1_569' title='bbox 2245 4758 2735 4826; x_wconf 83' lang='lat' dir='ltr'><strong>Gelehrtengesch.</strong></span> <span class='ocrx_word' id='word_1_570' title='bbox 2777 4756 2872 4809; x_wconf 85' lang='lat' dir='ltr'><strong>des</strong></span> 
     </span>
     <span class='ocr_line' id='line_1_78' title="bbox 1597 4829 2870 4894; baseline -0.005 -8"><span class='ocrx_word' id='word_1_571' title='bbox 1597 4836 1681 4886; x_wconf 77' lang='grc'><strong>12.</strong></span> <span class='ocrx_word' id='word_1_572' title='bbox 1725 4831 1939 4894; x_wconf 64' lang='lat' dir='ltr'><strong>Jahrb„</strong></span> <span class='ocrx_word' id='word_1_573' title='bbox 1982 4832 2125 4885; x_wconf 83' lang='lat' dir='ltr'><strong>Graz</strong></span> <span class='ocrx_word' id='word_1_574' title='bbox 2167 4836 2335 4887; x_wconf 83' lang='lat'><strong>1899:</strong></span> <span class='ocrx_word' id='word_1_575' title='bbox 2377 4829 2541 4882; x_wconf 87' lang='lat' dir='ltr'><strong>Feret</strong></span> <span class='ocrx_word' id='word_1_576' title='bbox 2581 4830 2616 4892; x_wconf 91' lang='lat' dir='ltr'><strong>l,</strong></span> <span class='ocrx_word' id='word_1_577' title='bbox 2645 4831 2870 4884; x_wconf 79' lang='lat'><strong>58-68.</strong></span> 
     </span>
     <span class='ocr_line' id='line_1_79' title="bbox 1596 4901 2873 4970; baseline 0 -16"><span class='ocrx_word' id='word_1_578' title='bbox 1596 4901 1676 4955; x_wconf 90' lang='lat' dir='ltr'><strong>De</strong></span> <span class='ocrx_word' id='word_1_579' title='bbox 1704 4920 1769 4956; x_wconf 88' lang='lat' dir='ltr'><strong>eo</strong></span> <span class='ocrx_word' id='word_1_580' title='bbox 1785 4903 1868 4955; x_wconf 76' lang='lat' dir='ltr'><strong>ita</strong></span> <span class='ocrx_word' id='word_1_581' title='bbox 1885 4902 2077 4954; x_wconf 77' lang='lat' dir='ltr'><strong>scribit</strong></span> <span class='ocrx_word' id='word_1_582' title='bbox 2095 4902 2418 4970; x_wconf 81' lang='lat' dir='ltr'><strong>Stephanus</strong></span> <span class='ocrx_word' id='word_1_583' title='bbox 2435 4904 2645 4953; x_wconf 85' lang='lat' dir='ltr'><strong>tornac.</strong></span> <span class='ocrx_word' id='word_1_584' title='bbox 2665 4916 2752 4967; x_wconf 88' lang='lat' dir='ltr'><strong>ep.</strong></span> <span class='ocrx_word' id='word_1_585' title='bbox 2771 4903 2873 4954; x_wconf 76' lang='lat'><strong>175</strong></span> 
     </span>
    </p>
   </div>
   <div class='ocr_carea' id='block_1_12' title="bbox 2488 4993 2552 5044">
    <p class='ocr_par' dir='ltr' id='par_1_12' title="bbox 2488 4993 2552 5044">
     <span class='ocr_line' id='line_1_80' title="bbox 2488 4993 2552 5044; baseline 0 -25"><span class='ocrx_word' id='word_1_586' title='bbox 2488 4993 2552 5044; x_wconf 58' lang='lat' dir='ltr'><strong>U*</strong></span> 
     </span>
    </p>
   </div>
  </div>
 </body>
</html>
