3475 5364
356 343 470 395 149
482 343 515 396 3
586 326 925 395 Interpretes
955 325 1327 382 psalmorum.
1357 326 1688 389 Flaminius,
1719 326 1835 381 Fel.
1863 344 1896 381 a
1923 327 2110 390 Pmto,
2139 326 2425 396 Bechigni,
2453 326 2721 397 FolengO.
2796 345 2960 399 1494

345 512 578 570 aetatis.
611 512 861 570 Pruritu
892 512 1015 571 fere
1036 512 1290 571 ridiculo
1309 513 1625 571 affectabat
1681 516 1742 572 et
1773 518 2069 572 recentem
2103 512 2468 572 Psalmorum
2492 517 2749 573 omnium
2781 515 2960 572 Davi-

345 602 406 659 in
438 601 712 660 omnibus
756 602 994 678 linguae
1039 602 1256 660 latinae
1286 603 1622 676 puritatem.
1680 604 1772 660 dis
1804 605 2331 677 interpretationem
2368 604 2757 671 ,eruditione,
2810 608 2963 661 teste

344 692 413 749 In
445 709 648 749 omnes
669 692 926 766 psalmos
960 691 1123 750 dedit
1155 692 1390 750 brevem
1424 693 1622 765 expla-
1681 692 1845 750 Sixto
1877 692 2111 750 senensi
2129 688 2192 768 1),
2240 692 2532 767 elegantia
2577 696 2638 750 et
2669 692 2962 750 brevitate

344 783 629 838 nationem
663 798 795 838 cum
833 780 1176 856 paraphrasi
1210 786 1271 838 et
1301 781 1477 849 notis,
1512 783 1622 840 Ba-
1680 782 2038 857 insignem‚‘
2075 781 2259 849 ,stilo
2293 781 2564 857 simplici,
2613 786 2674 840 at
2705 782 2964 840 dilucida

344 870 523 928 sileae
575 877 774 937 1540;
848 878 1045 938 155&
1108 879 1304 939 15613
1356 870 1622 929 Venetiis
1680 870 1980 929 latinitate
2020 872 2381 940 exaratam,‘
2420 873 2596 947 juxta
2626 870 2853 929 Echard
2888 871 2961 937 Il,

351 967 550 1028 1545;
581 967 746 1019 1564
767 978 781 1027 ;
804 958 1165 1032 Antverpiae
1192 968 1356 1022 1547
1382 981 1395 1030 ς
1426 968 1621 1027 1558;
1690 969 1830 1028 177,
1864 978 1997 1018 eum
2017 959 2386 1036 expositione
2408 961 2585 1019 etiam
2605 960 2804 1019 decem
2827 978 2960 1018 can-

344 1048 585 1106 Parisiis
625 1056 826 1117 15463
869 1056 1065 1116 15473
1107 1057 1306 1110 1551:
1348 1048 1625 1125 Lugduni
1679 1050 1950 1120 ticorum,
2014 1048 2277 1107 venetiis
2340 1059 2500 1111 1559
2553 1050 2613 1107 in
2669 1059 2723 1110 4.
2785 1049 2963 1107 editio

351 1146 550 1207 1552;
595 1146 708 1198 157
722 1146 754 1197 6
792 1142 900 1195 etc.
922 1136 1326 1212 Paraphrasis
1346 1133 1623 1217 (poetica)
1681 1138 1940 1214 elegans,
1976 1138 2242 1196 Basileae
2282 1149 2448 1200 1569
2485 1140 2548 1196 111
2572 1149 2626 1200 4.
2660 1171 2747 1180 —
2778 1138 2962 1196 Joan—

343 1226 406 1285 in
457 1235 533 1289 32
585 1226 870 1296 PsalmOS‚
922 1225 1189 1285 Venetiis
1245 1235 1407 1291 1538
1454 1227 1517 1284 iu
1552 1236 1623 1297 43
1680 1245 1787 1285 nes
1821 1227 2094 1303 Baptista
2124 1224 2517 1309 Folengoss)
2551 1228 2827 1286 Mantuae
2856 1245 2960 1285 no-

344 1315 602 1391 plurima
617 1315 897 1385 carmina,
915 1316 1248 1392 germanice
1268 1316 1444 1374 etiam
1467 1316 1625 1374 edita
1683 1316 1790 1373 bili
1822 1316 2010 1391 stirpe
2035 1316 2380 1393 progenitus
2401 1337 2456 1374 n.
2487 1326 2672 1385 1490,
2696 1316 2962 1374 ordinem

344 1409 547 1462 nostro
592 1403 786 1462 seculo
832 1404 1173 1464 a-Schliiter
1218 1406 1284 1462 in
1314 1424 1404 1480 op.
1442 1406 1519 1463 M.
1552 1406 1624 1465 A.
1684 1424 1727 1463 s.
1762 1406 1902 1463 Ben.
1953 1410 2047 1464 est
2095 1406 2399 1482 ingressus
2444 1426 2492 1463 a.
2535 1416 2719 1469 1506.
2796 1406 2964 1463 Prior

346 1492 676 1552 Flaminius
706 1494 826 1551 und
856 1495 1045 1553 seiner
1065 1494 1332 1552 Freunde
1364 1496 1627 1553 weltliche
1683 1494 1800 1553 fuit
1830 1496 1895 1553 in
1926 1494 2286 1553 monasterio
2316 1502 2654 1564 mantuam,
2689 1495 2827 1553 dein
2859 1495 2962 1551 ab·

345 1584 467 1640 und
510 1582 796 1659 peistliche
847 1583 1128 1654 Gediohte,
1191 1584 1383 1642 Mainz
1440 1592 1622 1647 1847.
1680 1584 1787 1641 bas
1819 1603 1862 1642 s.
1897 1584 2115 1643 Mariae
2149 1585 2210 1640 in
2243 1603 2435 1642 marca
2474 1584 2805 1652 trevisana3
2855 1584 2964 1641 ali-

345 1705 431 1716 —
482 1672 521 1730 J
539 1673 810 1731 oannis
862 1691 897 1729 a
948 1672 1278 1731 Pastura
1340 1673 1495 1731 OSB.
1560 1673 1624 1730 in
1684 1673 1972 1746 quamdiu
2022 1673 2199 1731 etiam
2263 1672 2327 1731 in
2358 1672 2626 1745 ⁴abbatia
2675 1672 2965 1732 casinensi

345 1762 699 1819 monasterio
745 1761 1138 1837 gemblacensi
1186 1762 1401 1836 prioris
1452 1781 1619 1838 expo·
1681 1761 1847 1837 degit
1880 1758 1941 1842 (†
1967 1774 2020 1825 5.
2045 1761 2172 1820 Oct.
2204 1758 2412 1841 1559).
2445 1762 2788 1838 Composuit
2806 1780 2963 1820 com-

343 1852 473 1909 sitio
496 1850 767 1923 psalterii
784 1850 1036 1908 davidici
1055 1858 1105 1907 et
1124 1852 1472 1930 hymnorum
1489 1870 1625 1927 pro·
1682 1852 1977 1910 mentaria
2025 1852 2088 1908 in
2135 1869 2327 1909 omnes
2359 1852 2638 1927 Psalmo-3,
2692 1851 2965 1910 Basileae

344 1939 459 1997 diit
489 1940 731 1998 Lovanii
787 1950 951 2001 1560
1000 1941 1061 1997 in
1100 1948 1153 2001 8.
1204 1972 1291 1981 —
1341 1940 1555 1999 Felix
1591 1961 1626 1999 a
1690 1950 1890 2008 1549;
1935 1950 2132 2005 1557ς
2164 1942 2228 1996 in
2259 1944 2320 2001 1.
2355 1960 2438 2015 ep.
2470 1941 2742 2014 «Ioannis,
2775 1941 2962 1999 Vene-

346 2030 523 2086 Prat
544 2048 576 2087 o
626 2047 693 2086 ex
744 2028 970 2088 famoso
1016 2028 1265 2088 rabbino
1309 2030 1502 2088 factus
1535 2034 1626 2088 est
1681 2029 1786 2087 tiis
1828 2039 2025 2099 1546;
2059 2031 2123 2086 in
2153 2028 2360 2087 Jacobi
2391 2048 2589 2106 unam,
2626 2030 2782 2087 Petri
2816 2030 2963 2087 duas

346 2114 573 2198 (1596)
621 2117 836 2176 sodalis
884 2118 947 2177 Ο.
982 2119 1035 2176 S.
1070 2120 1241 2194 Aug,
1293 2119 1623 2196 theologiae
1681 2121 1742 2175 et
1762 2118 2014 2176 Joannis
2047 2138 2135 2193 ep.
2168 2118 2444 2193 priorem,
2468 2118 2747 2194 Lugduni
2774 2128 2962 2186 1555,

345 2207 546 2278 lector,
580 2207 684 2282 qui
704 2207 914 2265 multis
933 2207 1107 2265 annis
1129 2208 1345 2266 Romae
1365 2209 1622 2266 Hebrae—
1681 2212 1926 2283 propter
1957 2225 2107 2282 quae
2142 2208 2394 2282 pessime
2425 2207 2616 2266 audiit
2656 2212 2717 2266 et
2750 2227 2784 2265 a
2813 2226 2964 2266 non-

345 2315 514 2355 orum
576 2296 955 2354 concionator
1004 2296 1247 2365 exstitit,
1312 2315 1344 2354 e
1405 2298 1623 2373 quibus

347 2386 547 2459 plures
577 2385 653 2442 ad
684 2385 856 2442 fidem
876 2386 1200 2443 convertit:
1235 2386 1376 2444 hino
1405 2388 1620 2461 passim

345 2473 745 2533 Hebraeorum
789 2473 1091 2550 flagellum
1125 2475 1421 2533 audiebat.
1470 2477 1624 2535 Aue-

1682 2296 1916 2354 nemine
1966 2298 2261 2372 apostatis
2322 2314 2431 2355 seu
2493 2297 2963 2372 protestantibus

1682 2385 1801 2443 fuit
1820 2387 2244 2444 adnumeratus
2254 2382 2326 2465 ³).
2361 2386 2471 2444 Sed
2493 2386 2805 2455 immerit0‚
2830 2405 2964 2443 nam

1684 2474 1903 2533 Paulus
1952 2474 2049 2536 IV.
2107 2474 2505 2551 rigidissimus
2556 2475 2965 2533 heterodoxiae

344 2563 587 2621 toritate
602 2561 909 2637 pontificia
928 2570 1159 2622 creatus
1179 2567 1271 2622 est
1293 2565 1621 2641 theologiae
1679 2564 2008 2639 inquisitor
2051 2582 2187 2622 eum
2231 2564 2454 2623 ordinis
2489 2564 2854 2624 visitatorem
2902 2564 2965 2621 in

345 2652 549 2712 doctor
582 2646 824 2734 (1523).
889 2652 1102 2712 Romae
1134 2671 1317 2729 prope
1348 2657 1622 2714 centena-

344 2744 467 2800 rius
502 2743 683 2801 vitam
714 2742 910 2801 finivit
945 2754 998 2805 5.
1022 2743 1168 2805 Nov.
1199 2754 1380 2814 1559,
1415 2763 1621 2804 secun-

344 2831 485 2890 dum
547 2831 693 2890 alios
762 2840 927 2895 1558
990 2833 1086 2891 vel
1157 2843 1336 2896 1557.
1425 2834 1622 2892 Edidit

345 2920 691 2980 Psalterium
710 2939 780 2979 ex
798 2922 1041 2979 hebraeo
1072 2922 1527 2998 diligentissime
1552 2924 1620 2981 ad

344 3010 588 3068 verbum
610 3011 731 3068 fere
752 3011 1128 3081 translatum,
1162 3012 1427 3071 Venetiis
1458 3025 1476 3074 1
1498 3023 1620 3075 515

344 3093 445 3180 (m.
484 3095 623 3178 30);
661 3099 1164 3173 Hagenoae1522
1204 3101 1264 3158 in
1289 3113 1342 3164 4.
1378 3102 1624 3176 adjectis

343 3187 861 3255 annotationibus;
896 3188 1155 3247 Basileae
1188 3199 1383 3260 1524;
1432 3200 1622 3253 1526:

343 3277 620 3352 Lugduni
673 3287 857 3339 1530.
922 3277 1041 3352 Ipsi
1092 3296 1326 3352 quoque
1373 3279 1624 3337 debetur

343 3366 537 3423 Biblia
567 3366 812 3424 hebraea
844 3385 980 3424 cum
1011 3367 1242 3426 Masora
1273 3370 1334 3426 et
1365 3368 1618 3444 Targum

346 3474 451 3513 seu
496 3454 842 3529 paraphrasi
886 3456 1188 3514 chaldaica
1234 3457 1512 3515 Onkelosi
1559 3458 1617 3516 in

1681 2653 2032 2730 Hispaniam
2082 2653 2276 2724 misit;
2342 2672 2533 2729 neque
2581 2653 2800 2713 desunt
2853 2654 2964 2711 viri

1682 2762 1821 2801 saue
1852 2743 2026 2813 docti,
2080 2744 2185 2819 qui
2237 2744 2367 2819 ejus
2416 2744 2645 2803 labores
2693 2742 2964 2802 laudibus

1680 2836 2138 2908 prosequantur.
2168 2833 2498 2892 Fatendum
2515 2836 2713 2891 tamen
2732 2837 2821 2891 est
2836 2833 2965 2908 ejus

1682 2922 2101 2981 commentaria
2133 2923 2196 2980 in
2229 2941 2317 2997 ep.
2339 2922 2742 2998 apostolorum
2777 2940 2966 2996 quon-

1681 3012 1818 3069 dam
1848 3012 2029 3071 fuisse
2061 3011 2382 3087 prohibita,
2427 3012 2488 3071 in
2520 3013 2780 3086 psalmos
2812 3014 2968 3069 nutu

1682 3119 1746 3158 ac
1796 3101 2106 3160 voluntate
2159 3101 2427 3177 Gregorii
2474 3101 2631 3159 XIII.
2675 3104 2968 3176 epurgata

1680 3194 1860 3265 atque
1904 3190 1990 3248 ita
2040 3191 2405 3264 approbante
2454 3191 2742 3266 magistro
2776 3209 2820 3248 s.
2855 3191 2964 3247 Pa-

1682 3279 1814 3336 latii
1857 3280 2042 3337 fuisse
2088 3279 2245 3336 edita
2290 3280 2504 3337 Romae
2545 3289 2732 3352 1585,
2786 3282 2966 3353 atque

1682 3368 1902 3425 iterum
1948 3367 2219 3426 Coloniae
2275 3377 2456 3429 1594.
2535 3368 2605 3424 111
2649 3367 2828 3443 hujus
2875 3367 2964 3427 ed.

1681 3459 1968 3531 purgatae
1989 3456 2352 3531 praefatione
2385 3456 2606 3514 dicitur
2637 3457 2777 3514 haec
2808 3473 2962 3513 com-

348 3545 830 3612 pentateuchum,
853 3544 1373 3620 hierosolymitana
1393 3547 1455 3604 iu
1476 3566 1620 3605 eun·
1678 3545 1967 3603 mentaria
2017 3545 2202 3603 fuisse
2252 3545 2520 3603 Basileae
2571 3545 2735 3603 edita
2784 3547 2963 3619 atque

343 3633 493 3702 dem,
528 3633 880 3691 Jonathanis
912 3635 1021 3692 filii
1041 3634 1251 3692 Uzielis
1284 3635 1344 3692 in
1367 3636 1618 3711 prophe-

342 3727 435 3781 tas
466 3727 603 3789 etc.;
652 3722 793 3780 item
840 3741 975 3781 cum
1021 3725 1459 3783 commentariis
1492 3724 1619 3782 rab·

342 3812 614 3871 binorum
637 3856 649 3880 ,
717 3830 894 3885 quam
956 3813 1297 3887 sumptibus
1361 3814 1486 3871 suis
1563 3817 1624 3872 et

345 3901 584 3960 solertia
616 3901 905 3960 laudabili
954 3902 1185 3960 collatis
1218 3903 1492 3978 pluribus
1523 3922 1621 3961 ex-

343 3991 705 4066 emplaribus
725 3991 998 4067 vulgavit
1013 3991 1428 4050 celeberrimus
1449 3996 1621 4067 typo—

342 4080 602 4155 graphus
635 4080 842 4137 Daniel
873 4079 1350 4157 Bombergus
1384 4080 1455 4138 de
1488 4082 1621 4139 lite-

343 4169 426 4226 ris
493 4169 778 4226 hebraicis
840 4189 1017 4244 quam
1069 4170 1320 4228 maxime
1375 4170 1622 4228 meritus

344 4259 622 4332 omnique
668 4257 844 4316 laude
891 4259 1110 4334 dignus
1157 4254 1218 4339 (†
1258 4254 1471 4338 1549),
1510 4258 1619 4317 Ve-

1683 3633 1859 3702 ,odio
1892 3637 1953 3692 et
1983 3634 2163 3692 livore
2196 3633 2626 3692 haereticorum
2659 3633 2961 3692 hominum

1681 3722 1823 3781 adeo
1872 3723 2122 3791 foedata,
2176 3723 2319 3781 adeo
2353 3742 2578 3781 veneno
2631 3740 2959 3798 conspersa,

1758 3966 1796 4026 ¹)
1825 3961 1969 4016 Bibl.
2023 3978 2063 4016 s,
2111 3963 2176 4026 11,
2223 3964 2344 4018 585.
2398 3960 2480 4017 Cf.
2527 3963 2651 4014 Affb
2695 3960 2962 4015 Memorie

1680 4033 1836 4103 degli
1863 4033 2052 4090 Scritt.
2081 4035 2322 4103 parmig.
2351 4033 2442 4090 IV.
2471 4037 2557 4088 45.

1752 4113 1795 4176 ²)
1825 4104 1961 4173 Ejus
1987 4106 2162 4158 frater
2190 4105 2404 4173 pariter
2431 4103 2580 4158 OSB.
2604 4104 2656 4156 H
2673 4107 2692 4156 i
2708 4120 2737 4157 e
2754 4122 2783 4156 r
2799 4122 2830 4158 o
2849 4123 2886 4157 n
2902 4122 2960 4172 y·

1680 4193 1834 4229 mus
1872 4175 1934 4228 in
1978 4177 2279 4247 baptismo,
2323 4177 2382 4228 in
2428 4175 2704 4246 religione
2746 4175 2961 4230 Theo·

1680 4247 1946 4318 philus
2010 4248 2214 4312 dictus,
2282 4246 2541 4301 innotuit
2602 4249 2961 4317 poematims

344 4346 523 4404 netiis
565 4356 728 4408 1513
778 4353 819 4403 t·
856 4355 891 4407 4
940 4347 1003 4403 in
1036 4347 1105 4414 fd
1167 4357 1322 4409 1521
1351 4369 1364 4417 ς
1423 4356 1622 4418 15283
1679 4335 1812 4371 sane
1840 4317 2257 4384 indecentibus,
2293 4323 2349 4372 et
2376 4319 2529 4387 quod
2558 4318 2746 4382 fuerit,
2773 4319 2819 4372 si
2847 4336 2960 4372 non

355 4443 549 4502 1533;
622 4445 817 4504 1534;
870 4454 1002 4494 cum
1037 4436 1216 4494 variis
1268 4437 1621 4496 lectionibus

343 4524 731 4592 variantibuS,
758 4525 1020 4583 Venetiis
1055 4535 1213 4586 1518
1238 4526 1301 4583 111
1326 4539 1391 4595 4;
1426 4536 1578 4588 1521
1608 4547 1621 4595 ;

1679 4390 1901 4461 primus
1940 4395 2154 4455 auctor,
2197 4391 2393 4444 saltem
2437 4390 2726 4444 studiosus
2773 4392 2964 4444 fautor

1680 4462 1866 4531 poesis
1907 4463 2344 4518 maccaronicae.
2397 4461 2618 4515 Defecit
2650 4462 2850 4515 misere
2891 4463 2961 4514 ab

1680 4535 1879 4588 ordine
1917 4552 1965 4589 a.
1997 4539 2151 4599 1515,
2193 4533 2367 4586 rediit
2409 4537 2598 4587 tamen
2640 4532 2846 4586 iterum
2888 4533 2960 4585 ad

355 4622 551 4684 15253
598 4622 777 4676 1533,
811 4648 898 4657 —
930 4615 1208 4690 Placidus
1240 4615 1623 4691 Bechigni
1679 4606 1921 4659 eundem
1969 4611 2139 4664 15:26:
2186 4606 2329 4660 obiit
2373 4622 2503 4658 vero
2543 4611 2592 4661 9.
2636 4604 2763 4658 Dee.
2807 4610 2961 4660 1544.

345 4703 407 4761 Ο.
442 4701 664 4772 Praed.,
718 4724 750 4760 a
795 4703 987 4778 patria
1031 4705 1363 4763 Parmensis
1409 4705 1620 4772 dictus,

341 4793 672 4869 theologiae
695 4792 977 4869 magister
997 4795 1056 4850 et
1079 4793 1404 4854 haereticae
1427 4793 1622 4868 pravi·
1683 4813 1867 4872 mata&

343 4882 486 4940 tatis
521 4901 728 4940 censor
763 4879 822 4962 (†
863 4879 1075 4960 1558),
1129 4883 1370 4958 scripsit
1402 4901 1623 4941 sacram
1681 4891 1874 4945 boschi

1680 4677 1765 4730 Cf.
1792 4676 2122 4732 Tiraboschi
2149 4695 2205 4747 p.
2232 4682 2282 4732 3.
2312 4677 2349 4731 l.
2376 4682 2425 4732 3.
2455 4697 2499 4731 c.
2524 4681 2576 4732 4.
2605 4695 2660 4729 n.
2689 4682 2772 4731 5⁶2.

1753 4753 1794 4812 ³)
1824 4751 1907 4802 lta
1935 4765 1967 4800 a
1995 4748 2263 4803 Gerdesio
2290 4748 2348 4800 in
2378 4748 2692 4816 Specimine
2711 4750 2774 4800 It.
2792 4749 2962 4799 refor-

1937 4861 1948 4873 .
1977 4824 2082 4876 :253
2108 4836 2177 4874 ss.
2208 4821 2290 4873 Cf.
2317 4819 2538 4872 Reusch
2567 4820 2605 4883 1,
2635 4824 2768 4877 571:
2811 4818 2960 4870 Tira·

1895 4840 2024 4943 3711.
2053 4910 2108 4960 p.
2140 4898 2186 4947 1.
2215 4892 2252 4944 1.
2279 4896 2327 4946 22.
2356 4907 2403 4943 c.
2431 4897 2457 4946 1
2485 4895 2641 4946 n.49.
