3475 5364
551 341 705 396 1331
776 364 777 367 =
816 330 1186 382 1521—1540.
1215 323 1623 394 Hagiographi.
1649 322 1821 387 Stolz‚
1850 324 2038 386 Serva,
2064 324 2188 380 Seb.
2215 323 2284 377 de
2311 324 2556 393 Angelis,
2589 323 2753 377 Valla
2778 326 2882 377 etc.

2990 341 3157 395 1332

539 511 829 579 nasteri03
867 518 1651 578 429-4ε18;598-608;
1685 508 1818 566 XIX
1875 504 1972 583 (cf.
2005 527 2188 583 supra
2217 528 2274 584 p.
2310 504 2481 590 672),
2516 512 2710 585 vitam,
2766 511 3048 566 miracula
3100 517 3155 567 et

542 596 788 681 (1898),
844 609 1183 661 100--107
1237 598 1486 657 notitias
1534 598 1605 656 de
1637 597 1817 656 rebus
1873 599 2239 656 revelationes
2269 598 2316 658 b.
2354 597 2565 659 Clarae
2583 599 2798 657 Montis
2820 599 2986 656 Falci
3016 617 3157 656 nar-

538 689 723 764 gestis
771 688 913 747 alibi
960 693 1098 756 etc-3
1150 697 1496 751 271—278
1529 688 1818 746 miracula
1872 690 1982 755 rat,
2018 686 2281 746 Venetiis
2337 698 2497 752 1515
2550 689 2613 746 in
2661 699 2715 750 4.
2749 721 2838 731 —
2883 687 3072 745 Vitam
3104 688 3157 745 b.

536 783 600 837 et
630 778 918 846 carmina3
956 787 1241 840 630-647
1285 776 1494 835 seriem
1529 777 1818 835 abbatum
1875 776 2175 834 Columbae
2222 776 2281 834 V.
2317 778 2483 836 tertii
2529 777 2650 837 ord.
2699 796 2808 836 seu
2838 776 2910 834 de
2942 776 3155 836 Poeni-

537 871 599 926 et
617 867 949 943 catalogum
965 866 1219 925 fratrum
1245 867 1590 925 monasterii
1610 866 1815 924 ebera-

537 957 746 1015 censis.
778 988 867 999 --
912 955 1138 1013 Ibidem
1184 956 1443 1030 reperies
1490 954 1816 1014 Historiam

535 1047 744 1103 excidii
774 1045 1193 1103 Maximiniani
1226 1042 1598 1125 (monasterii
1629 1044 1814 1102 trevi·

536 1134 721 1193 rensis
743 1130 924 1211 OSB.)
956 1134 1020 1192 in
1042 1135 1196 1193 bello
1218 1134 1510 1193 Francisci
1530 1154 1565 1192 a
1585 1133 1814 1191 Sickin·

533 1243 665 1300 gen,
700 1242 877 1298 quam
910 1228 1181 1281 accurate
1231 1222 1521 1281 describit
1551 1222 1588 1279 J
1594 1241 1812 1281 oannes

535 1312 1051 1371 Scheckmann
1115 1311 1355 1385 sodalis,
1421 1312 1811 1377 Trevirensis‚

535 1402 625 1460 vir
676 1420 812 1460 vere
861 1401 1174 1477 religiosus
1228 1397 1355 1482 (12.
1407 1405 1559 1477 Aug.
1603 1396 1813 1479 1531).

531 1491 678 1566 Ejus
710 1490 1112 1565 manuscripto
1135 1491 1262 1565 jam
1295 1491 1397 1548 alii
1419 1491 1510 1548 usi
1529 1493 1686 1560 sunt,
1710 1489 1810 1547 sed

532 1598 667 1639 cum
717 1598 838 1637 non
888 1580 1014 1637 sine
1064 1580 1253 1655 pretio
1300 1580 1379 1637 sit
1422 1598 1527 1653 pro
1563 1579 1814 1637 historia

530 1670 711 1743 hujus
727 1668 1072 1726 monasterii
1086 1668 1506 1738 florentissimi,
1520 1671 1580 1727 et
1590 1668 1810 1727 tristis·

531 1758 666 1816 simi
699 1762 891 1816 status
910 1756 1156 1815 ditionis
1176 1758 1522 1815 trevirensis
1549 1762 1812 1832 tempore

530 1847 987 1917 reformationis,
1038 1847 1227 1905 edidit
1274 1846 1426 1904 illud
1461 1847 1607 1905 Phil.
1641 1846 1812 1904 Diel

530 1937 566 1994 1.
602 1955 645 1994 0.
681 1935 819 1994 vm
868 1932 1114 2015 (1887).
1166 1945 1509 1998 sis—357
1563 1940 1625 1994 et
1669 1935 1808 1995 fasc.

530 2043 687 2099 seqq.
721 2023 759 2082 J
763 2043 980 2082 oannes
1025 2028 1225 2083 noster
1270 2024 1458 2083 edidit
1505 2028 1813 2100 praeterea

527 2114 842 2189 Epitomen
876 2114 998 2171 sive
1037 2115 1346 2172 medullam
1376 2122 1662 2189 yestorum
1692 2121 1809 2171 tre-

527 2205 857 2267 virensium,
907 2203 1078 2260 Metis
1119 2213 1303 2270 1517,
1352 2222 1507 2277 quae
1548 2208 1639 2261 est
1672 2221 1808 2277 pro-

527 2293 653 2367 prie
685 2291 775 2350 J0.
809 2291 977 2349 Enen
1010 2291 1104 2369 (cf.
1144 2311 1326 2366 supra
1344 2312 1399 2367 p.
1432 2289 1659 2369 1149);
1691 2295 1807 2349 vita

528 2380 824 2454 Popponis
855 2381 1106 2456 archiep.
1141 2385 1287 2439 trev.
1309 2384 1370 2439 et
1388 2380 1650 2456 ejusdem
1673 2381 1806 2439 Ele·

528 2474 806 2528 vatiouem
850 2470 914 2527 in
946 2472 1071 2528 Act.
1107 2470 1203 2528 SS.
1237 2469 1378 2528 Jun.
1413 2470 1457 2541 Ι,
1500 2480 1805 2533 105-107.

524 2560 656 2619 Alia
702 2559 948 2616 minoris
994 2560 1280 2617 momenti
1324 2563 1671 2618 manserunt
1716 2560 1808 2616 in-

524 2649 698 2708 edita.
749 2682 829 2693 -—
881 2647 1139 2708 Joannes
1203 2648 1414 2708 Stolz
1476 2647 1539 2708 Ο.
1606 2647 1805 2707 Praed.

523 2744 729 2796 narrat
760 2738 915 2796 facta
946 2737 1238 2796 sodalium
1281 2739 1618 2796 monasterii
1654 2738 1807 2796 Geb-

522 2828 723 2885 weiler
754 2828 826 2884 ab
873 2846 921 2883 a.
962 2837 1414 2890 1520—1540.
1478 2827 1623 2901 Ejus
1668 2846 1803 2884 nar·

523 2917 675 2974 ratio
698 2916 1013 2974 constituit
1044 2935 1099 2990 p.
1135 2917 1383 2973 alteram
1419 2918 1608 2974 totius
1638 2916 1805 2974 chro-

523 3005 640 3063 nici
676 3005 854 3079 hujus
896 3004 1243 3062 monasterii
1289 3007 1623 3080 germanice
1666 3023 1804 3063 con·

526 3094 750 3168 scripti,
785 3093 945 3168 quod
978 3094 1203 3168 prodiit
1234 3112 1353 3151 cur.
1387 3093 1451 3150 X.
1475 3094 1803 3163 Mosmann,

523 3183 905 3259 Argentorati
951 3192 1127 3245 1844.
1161 3183 1423 3241 Priorem
1455 3203 1510 3259 p.
1543 3183 1616 3242 ab
1633 3183 1805 3241 initio

524 3290 635 3329 sec.
700 3271 847 3330 XIV.
910 3272 1065 3330 alius
1129 3271 1503 3346 conscripsit;
1566 3273 1804 3330 tertiam

524 3360 827 3436 Seraphim
880 3361 1185 3420 Dietler
1234 3362 1413 3436 hujus
1465 3361 1804 3421 monasterii

522 3451 909 3526 praepositus,
964 3451 1067 3526 qui
1117 3451 1266 3509 illud
1316 3451 1380 3508 in
1412 3452 1679 3509 ordinem
1710 3470 1803 3508 re-

520 3540 688 3618 degit
718 3543 780 3598 et
809 3540 882 3598 ad
913 3559 961 3598 8.
1005 3550 1169 3603 1723
1206 3541 1593 3599 continuavit.

613 3727 755 3781 618.
810 3718 893 3776 Ex
943 3720 1262 3799 leayioloyis
1312 3719 1563 3777 sufficiet
1612 3719 1801 3777 nomi·

520 3825 694 3865 nasse
727 3809 1093 3882 Stephanum
1127 3808 1362 3867 Serva
1393 3827 1518 3866 can.
1554 3826 1675 3883 reg.
1696 3808 1799 3870 lat.

1872 865 2062 923 tentia
2113 883 2157 923 s.
2192 865 2481 926 Dominici
2536 863 2600 950 (†
2640 862 2830 946 1506)
2885 866 3152 925 Sebas-

1871 954 2140 1012 tianus
2172 953 2246 1012 de
2278 957 2600 1033 Angelis
2635 956 2698 1013 O.
2733 955 2936 1016 Praed.
2971 955 3155 1031 vulgo

1871 1062 1904 1100 a
1934 1044 2133 1118 patria
2180 1043 2505 1104 Perusinus
2555 1045 2769 1113 dictus,
2821 1044 2985 1120 prior
3014 1063 3155 1120 pro-

1871 1132 2166 1201 vincialis,
2213 1133 2275 1189 in
2320 1134 2750 1194 mathematicis
2795 1138 2858 1192 et
2886 1136 3157 1191 astrono-

1869 1221 2036 1279 micis
2096 1221 2426 1296 disciplinis
2488 1227 2763 1283 versatus
2816 1221 2876 1303 (†
2936 1218 3149 1302 1525),

1870 1310 2087 1387 virgini
2121 1311 2209 1368 illi
2242 1313 2783 1381 aconfessionibu3‚
2816 1311 2984 1387 prius
3016 1313 3155 1385 qui-

1871 1399 2001 1457 dem
2034 1399 2255 1469 italice,
2305 1421 2459 1476 quae
2509 1402 2706 1477 periit,
2759 1401 2900 1459 dein
2948 1400 3154 1471 latine,

1870 1507 2020 1563 quae
2051 1488 2275 1565 prodiit
2289 1487 2336 1569 1)
2370 1492 2433 1549 in
2466 1491 2630 1549 Actis
2664 1490 2760 1549 SS.
2799 1499 2897 1554 20.
2919 1490 3060 1564 Maji
3083 1489 3151 1558 V,

1873 1588 2135 1645 320-94,
2158 1578 2360 1639 italice
2380 1599 2562 1651 versa,
2586 1580 2686 1638 sed
2708 1579 3070 1655 interpolata
3094 1588 3157 1637 et.

1870 1666 2224 1741 quibusdam
2257 1670 2518 1728 rescissis
2562 1670 2893 1744 interprete
2925 1667 3153 1726 Lean-

1867 1756 1999 1813 dro
2044 1755 2186 1814 delli
2230 1758 2481 1825 Alberti‚
2531 1758 2793 1817 Venetiis
2848 1768 3030 1820 1521.
3062 1791 3155 1799 —-

1869 1845 1936 1902 R.
1958 1844 2165 1903 Jacobs
2186 1843 2508 1906 Salomonii
2530 1847 2742 1906 Veneti
2768 1848 2895 1904 vita
2913 1865 2984 1904 ex
3003 1845 3151 1903 visis

1869 1937 1974 1992 aut
2007 1934 2225 1994 auditis
2258 1938 2333 1996 ab
2363 1956 2657 2013 anonymo
2703 1942 2764 1995 et
2807 1955 2876 1993 ex
2917 1952 3151 2011 proces-

1866 2024 2029 2081 sibus
2080 2023 2238 2083 intra
2283 2038 2404 2085 tres
2449 2031 2555 2084 aut
2602 2028 2862 2100 quatuor
2909 2025 2984 2083 ab
3016 2024 3149 2098 ejus

1866 2118 2055 2170 morte
2070 2109 2128 2193 (1
2144 2123 2178 2176 3
2201 2110 2298 2196 14)
2320 2134 2508 2174 annos
2532 2116 2906 2183 concinnata,
2928 2133 2962 2170 a
2982 2112 3062 2171 Vi
3077 2132 3150 2170 n-

1864 2202 2132 2261 centio
2181 2203 2252 2261 de
2299 2204 2684 2263 Faventia
2733 2203 2796 2263 Ο.
2831 2201 3041 2265 Praed.
3074 2203 3148 2259 ab

1864 2290 2115 2349 interitu
2128 2291 2441 2363 vindicata,
2455 2294 2789 2352 instaurata
2797 2298 2858 2351 et
2867 2292 3151 2350 restituta

1864 2381 2086 2455 prodiit
2114 2381 2177 2438 in
2210 2383 2359 2441 actis
2391 2383 2486 2441 SS.
2527 2393 2623 2443 231.
2647 2383 2779 2458 Maj.
2823 2392 3078 2444 460—‘1‘
3094 2392 3148 2442 5.

1865 2503 1948 2512 —
1995 2470 2188 2528 Vitam
2237 2491 2282 2529 s.
2313 2474 2601 2529 Antonini
2651 2470 2903 2545 archiep.
2935 2469 3148 2528 fioren-

1863 2559 1977 2616 tini
2038 2562 2371 2636 composuit
2422 2560 2771 2619 Vincentius
2822 2559 3144 2618 Mainar-

1863 2648 1956 2706 du
1978 2666 2005 2706 s
2056 2649 2127 2707 de
2180 2668 2224 2708 s.
2274 2650 2620 2710 Geminiano
2667 2650 2730 2709 Ο.
2778 2648 2981 2708 Praed.
3029 2648 3146 2707 ele·

1862 2755 2009 2814 gans
2041 2757 2106 2796 ac
2136 2739 2383 2799 floridus
2415 2743 2629 2810 orator,
2662 2738 2937 2816 magistri
2967 2756 3148 2815 gene-

1863 2827 2004 2884 ralis
2065 2828 2131 2885 in
2191 2829 2504 2888 visitandis
2554 2829 2877 2903 provinclis
2928 2829 3146 2894 socius,

1863 2915 2088 2974 ordinis
2120 2923 2472 2991 procurator
2506 2915 2566 2998 (†
2606 2914 2818 2998 1527),
2854 2917 3068 2975 Romae
3089 2921 3152 2975 et

1864 3003 2178 3063 Mediolani
2221 3004 3150 3069 1525.—NicolausValla

1862 3113 1967 3152 seu
2002 3115 2036 3152 a
2069 3094 2233 3153 Valle
2267 3096 2329 3154 Ο.
2355 3096 2494 3155 Min.
2518 3097 2693 3155 Conv.
2715 3095 3150 3173 Agrigentinus

1861 3186 2098 3258 praeter
2107 3182 2284 3264 alia2)
2299 3186 2463 3262 typis
2484 3186 2761 3262 vulgavit
2769 3205 2838 3244 ex
2851 3202 3151 3260 anonymo

1860 3279 2097 3332 auctore
2129 3274 2502 3350 Seraphicam
2550 3275 2763 3333 silvam
2806 3274 2843 3332 i.
2877 3293 2925 3331 e.
2971 3277 3149 3331 vitam

1859 3381 1907 3420 s.
1973 3363 2280 3421 Franci-sci
2328 3365 2383 3420 ll.
2439 3366 2495 3433 4,
2559 3363 2890 3422 Florentiae
2961 3371 3147 3425 1498.

1862 3454 2033 3509 Anno
2063 3463 2084 3512 l
2104 3462 2135 3514 5
2149 3462 2224 3515 25
2240 3457 2586 3527 assumptus
2601 3457 2692 3511 est
2703 3452 3013 3528 episcopus
3030 3470 3147 3510 me·

1861 3541 2167 3600 daurensis
2201 3542 2491 3616 datusque
2537 3542 2843 3617 coadjutor
2875 3541 3150 3615 episcopo

1860 3630 2168 3688 melitensi.
2209 3664 2288 3673 —
2325 3632 2691 3708 Ignatius
2739 3630 3149 3703 Squarcia-

1859 3719 1991 3794 lup
2012 3740 2052 3777 u
2071 3737 2098 3776 s
2179 3719 2335 3777 OSB.
2414 3721 2796 3779 Florentinus
2809 3714 2881 3800 3),
2960 3719 3148 3779 abbas

1860 3807 2182 3866 casinensis
2217 3805 2278 3890 (†
2320 3806 2530 3889 1526),
2576 3809 2862 3868 describit
2891 3811 3064 3866 vitam
3095 3816 3150 3866 et

520 3915 972 3967 cremonensem,
1008 3898 1178 3968 cuius
1226 3897 1353 3955 Vita
1383 3917 1427 3956 s,
1468 3897 1681 3954 Ubaldi
1711 3916 1800 3971 ep.
1849 3900 2183 3970 passionem
2233 3917 2278 3956 s.
2332 3899 2632 3957 Bertharii
2682 3898 2772 3957 ab.
2825 3896 3147 3956 casinensis

518 3987 805 4062 eugubini
842 3985 903 4066 (†
932 3997 1123 4066 1160)
1162 3987 1384 4062 prodiit
1403 3987 1588 4045 latine
1609 3991 1669 4044 et
1688 3986 1801 4043 ita·
1860 3982 1924 4067 (†
1979 3997 2101 4050 883
2155 3988 2248 4045 vel
2306 3985 2478 4068 884),
2541 4008 2693 4063 quae
2756 3993 2845 4045 est
2907 3987 3147 4063 farrago

519 4076 628 4133 lice
663 4075 878 4133 Romae
906 4085 1099 4145 15193
1145 4085 1340 4151 15233
1374 4077 1586 4133 Romae
1614 4082 1799 4136 1628.
1860 4076 2058 4150 ampla
2119 4079 2181 4134 et
2229 4076 2558 4152 plurimum
2620 4078 2920 4153 indigesta
2981 4076 3144 4142 satie,

519 4165 721 4239 Majori
773 4168 971 4222 tamen
1023 4165 1377 4223 credulitate
1423 4183 1603 4239 quam
1654 4183 1801 4238 pru·
1856 4183 2045 4240 pauca
2094 4165 2165 4223 de
2219 4170 2424 4224 sancto
2476 4184 2723 4224 narrans
2771 4184 2878 4224 nec
2910 4184 3148 4241 semper

518 4253 722 4310 dentia
755 4254 1040 4327 quaedam
1075 4253 1327 4328 scripsit,
1347 4273 1496 4328 quae
1527 4271 1665 4310 vera
1680 4273 1801 4311 non
1857 4255 2121 4329 probata,
2155 4254 2432 4314 deficiens
2455 4256 2778 4329 plurimum
2811 4255 2875 4311 in
2895 4255 3145 4313 chrono-

518 4360 645 4400 esse
708 4343 878 4400 facile
942 4343 1213 4419 detegere
1273 4337 1653 4423 potuisset1).
1714 4377 1799 4385 —
1858 4343 2032 4420 logia,
2082 4348 2153 4402 ut
2196 4348 2441 4402 censent
2474 4345 2728 4402 editores
2760 4347 2887 4403 Act.
2928 4344 3042 4412 SS.‚
3077 4344 3145 4402 in

520 4431 1020 4508 Augustinus
1055 4431 1718 4490 MonfalconiusO.
1744 4431 1798 4489 S.
1858 4433 2078 4508 quibus
2112 4434 2424 4510 ealegitur
2462 4433 2699 4493 lx.00t.
2737 4442 3143 4509 p.670—82.

519 4523 668 4596 Aug.
706 4518 767 4598 (†
799 4540 845 4578 c.
881 4542 931 4579 a.
974 4515 1188 4603 1522),
1223 4521 1328 4596 qui
1360 4522 1594 4595 aliquot
1628 4520 1797 4579 soda-
1861 4557 1888 4562 e

518 4611 664 4667 lium
687 4628 864 4684 opera
883 4611 1139 4668 correxit
1152 4612 1473 4685 praeloque
1490 4611 1799 4669 mandavit

594 4823 630 4880 ¹)
660 4817 742 4870 cf.
796 4815 1037 4870 Rosinus
1090 4816 1150 4868 in
1192 4815 1373 4883 Lyceo
1414 4816 1612 4869 latern.
1654 4820 1692 4870 t.
1734 4821 1797 4878 2;

520 4886 687 4943 Mich.
715 4904 747 4940 a
776 4906 816 4940 s,
844 4887 1060 4958 Joseph
1082 4887 1359 4956 Bibliogr.
1388 4888 1511 4940 crit.
1538 4892 1587 4951 -1,Ἰ
1617 4891 1737 4943 273.

1933 4608 1972 4674 ¹)
2037 4603 2118 4656 Cf.
2184 4603 2462 4671 quasdam
2526 4604 2924 4659 annotationes
2985 4605 3142 4673 apud

1859 4674 2079 4728 Echard
2109 4675 2176 4738 11,
2205 4679 2290 4731 65.

1933 4751 1970 4814 ἕ)
2001 4747 2083 4800 Cf.
2111 4746 2435 4816 Mongitore
2466 4745 2601 4800 bibl.
2631 4745 2726 4800 sic.
2756 4747 2822 4800 ΙΙ.
2852 4750 2973 4803 109.

1929 4823 1971 4884 3)
1999 4819 2081 4872 Cf.
2125 4817 2428 4870 Armellini
2469 4817 2846 4871 bibliothecae
2884 4816 3144 4871 benedic·

1856 4888 2180 4943 tinocassin.
2210 4889 2276 4953 ΙΙ,
2305 4893 2354 4945 9.
